2885 4607
1035 593 174 81 kand
1243 608 240 81 trænge
1511 593 360 101 igiennem,
1919 618 80 76 og
2029 616 70 65 at
2133 597 356 102 Hierterne
2517 596 78 96 af
2619 598 124 102 Pa-

1031 708 338 81 triotisme
1399 715 120 74 end
1555 711 128 80 ikke
1713 733 94 59 ere
1837 712 298 99 saarede,
2199 713 138 94 som
2377 719 78 77 de
2489 716 52 92 ej
2579 718 194 94 heller

1035 825 169 79 kand
1237 822 201 98 blive,
1505 821 313 101 saalænge
1859 848 157 62 vore
2045 828 273 97 Sysler
2363 851 79 75 og
2483 830 255 102 Hensig-

1032 955 98 66 ter
1160 960 142 56 eene
1342 958 98 58 ere
1474 939 314 98 henveme
1830 946 72 78 til
1956 968 154 74 egne
2142 945 342 100 Fordeele,
2552 944 104 96 for
2694 963 76 64 at

1030 1056 268 79 udviide
1330 1058 124 74 den
1486 1053 188 100 høyst
1708 1057 298 99 skadelige
2036 1060 365 97 Yppighed
2446 1082 82 76 og
2576 1082 158 61 over-

1034 1171 221 98 haand
1287 1184 192 80 tagne
1510 1169 595 105 Overdaadighed,
2156 1175 273 99 hvilken,
2482 1176 135 92 som
2652 1182 109 77 det

1033 1284 580 101 Forunderligste,
1689 1293 202 75 allene
1957 1292 122 94 stal
2131 1291 251 95 besaae
2437 1288 82 96 af
2565 1298 198 75 lutter

1029 1399 318 96 fremmed
1377 1396 266 103 Kram;
1707 1423 148 59 men
1885 1404 176 98 hvad
2095 1409 168 76 kand
2297 1405 100 94 jeg
2447 1412 148 74 med
2637 1408 90 78 mi-

1030 1537 84 60 ne
1146 1516 152 80 lidet
1326 1510 422 98 formaaende
1776 1518 292 96 Kræfter
2098 1525 278 90 udrette,
2422 1526 148 74 eller
2602 1528 150 94 sige,
2857 1537 3 2 ·-

1014 1637 106 76 da
1030 1637 92 76 da
1150 1628 110 94 saa
1288 1647 212 77 meget
1530 1629 78 96 af
1628 1637 166 92 gode
1826 1634 354 100 Patrioter
2212 1655 66 60 er
2304 1631 138 99 sagt
2480 1656 80 76 og
2600 1640 122 78 end-

1028 1767 93 60 nu
1142 1744 211 82 kunde
1370 1746 207 97 siges;
1620 1754 247 76 overalt
1900 1748 189 96 synes
2108 1757 105 72 det
2256 1753 127 90 dog
2400 1745 353 104 fornøden,

1029 1877 74 64 at
1137 1860 238 98 enhver
1399 1880 134 76 paa
1561 1867 106 74 det
1699 1864 366 96 alvorligste
2109 1861 392 96 efterrænker
2531 1886 82 74 og
2649 1864 74 82 be-

1031 1990 252 80 tragter
1321 1980 78 76 de
1445 1995 240 76 mange
1733 1974 194 102 heraf
1961 1982 304 96 flydende
2305 1976 308 100 Ulykker,
2671 2000 82 77 og

1033 2091 171 98 hvor
1245 2091 317 94 umueligt
1601 2095 105 74 det
1747 2094 93 78 vil
1881 2092 165 82 blive
2079 2088 103 99 for
2223 2091 161 98 alle,
2453 2108 71 66 at
2579 2090 169 100 følge

1026 2203 434 85 Strømmen
1488 2223 24 78 ;
1580 2211 78 76 de
1704 2205 424 101 Formuende
2184 2201 306 100 foregaae
2546 2206 204 94 altsaa

1026 2324 210 78 andre
1264 2322 148 76 med
1444 2315 426 101 følgværdige
1906 2320 400 99 Exempler;
2378 2321 112 99 her
2522 2344 96 58 ere
2654 2324 68 80 be-

1020 2432 285 99 sværlige
1338 2452 81 74 og
1450 2433 339 96 trykkende
1804 2432 261 100 Bider,
2128 2459 79 74 og
2240 2457 169 61 naar
2446 2442 91 76 da
2562 2455 191 79 noget

1023 2545 82 98 af
1129 2554 76 74 de
1239 2546 270 82 indbilte
1545 2547 562 101 Fornødenheder
2135 2549 212 96 sættes
2381 2552 232 98 tilside,
2655 2556 92 77 vil

1015 2669 118 76 der
1167 2658 468 99 formodentlig
1667 2665 166 80 blive
1861 2666 154 82 lider
2047 2668 278 81 tilovers
2355 2663 104 96 for
2491 2672 124 76 den
2645 2686 76 60 ar-

1019 2770 389 101 bejdsomme
1447 2777 265 100 Fattige
1740 2825 20 38 >
1803 2778 149 86 Gid
1982 2788 106 76 det
2124 2789 126 88 dog
2288 2798 248 64 maatte
2569 2782 145 78 kom-

1014 2913 106 61 me
1152 2894 240 80 dertil!,
1436 2913 80 74 og
1568 2913 70 60 ar
1682 2913 158 63 man
1888 2898 22 78 i
1958 2894 384 99 Sælffaber
2394 2919 80 75 og
2514 2896 202 84 Sam-

1022 3007 208 97 linger
1258 3010 148 78 ville
1440 3007 236 100 handle
1710 3031 108 59 om
1850 3032 80 74 og
1956 3009 314 96 raadføre
2300 3011 90 96 sig
2424 3018 142 74 med
2604 3012 110 96 hin-

1015 3127 258 93 anden,
1343 3122 176 96 hvad
1563 3131 112 76 der
1707 3127 128 97 best
1861 3126 212 80 kunde
2107 3125 298 96 befordre
2441 3132 76 74 de
2537 3122 174 84 Nød-

1013 3235 300 82 lidendes
1343 3234 324 103 Vilkaar,
1737 3262 80 74 og
1843 3242 388 103 mueligens,
2299 3255 70 62 at
2413 3248 76 72 de
2519 3240 188 98 Fatti-

1013 3355 121 88 ges
1173 3348 283 94 Arbejde
1491 3357 271 77 derover
1787 3356 145 78 ville
1957 3352 255 83 komme
2245 3357 19 76 i
2299 3353 309 97 Anseelse,
2657 3376 83 75 og

1012 3461 168 86 blive
1206 3468 126 82 den
1368 3464 222 101 største
1618 3468 175 84 Ære
1830 3466 104 100 for
1958 3474 174 101 dem,
2166 3469 134 96 som
2336 3474 158 96 mest
2532 3470 178 80 brille-

2586 3588 152 78 rede
