2760 4407
912 262 98 73 24

1688 258 98 78 m

917 432 192 79 deres
1131 423 216 89 Børn
1383 425 76 96 af
1483 425 310 99 Boyden
1827 447 70 62 ar
1935 425 360 104 forsørges,
2323 427 156 100 efter
2509 438 126 80 den

923 546 135 94 1se
1087 539 253 100 Postes
1387 542 497 99 Formeldende.

1040 655 308 99 Dernest
1396 679 84 74 og
1526 655 106 96 for
1674 664 108 74 der
1828 661 114 78 6te
2010 655 302 97 Antages
2372 663 20 80 i
2458 669 172 77 dette

912 772 231 103 Huus
1181 790 166 76 unge
1388 773 261 97 Børn,
1716 780 127 91 dog
1900 773 125 82 ikke
2073 780 210 75 under
2323 793 20 52 i
2371 797 36 50 r
2442 777 187 103 Aar,

913 911 92 72 vg
1039 889 22 76 i
1087 885 522 100 Særdeeleshed
1643 892 98 90 de,
1779 886 134 92 som
1953 891 20 76 i
2003 885 258 99 Byens
2295 889 332 103 Wäysen«

916 1002 230 99 Huus
1182 1022 100 58 ere
1308 1001 312 99 opfødde,
1657 1000 675 101 Drenge-Børnene
2358 1011 116 78 udi
2502 1008 124 84 Læ«

916 1136 74 61 re
1024 1117 128 96 hos
1186 1114 628 100 Verk-Mesterne,
1880 1117 256 98 ligesom
2182 1129 126 74 ved
2338 1123 260 100 Haand-

917 1231 228 80 verker
1177 1232 118 78 udi
1333 1230 248 84 Lavene
1622 1233 158 94 skeer
1883 1233 323 100 paa-Visse
2055 1234 152 100 visse
2253 1236 178 99 Aar,
2495 1236 136 96 som

917 1351 154 76 med
1101 1343 316 97 Wäysen
1431 1345 346 100 «Huusets
1807 1348 466 99 Znspecreurer
2299 1351 202 96 forud
2530 1342 76 89 ge-

918 1450 307 97 corderes
918 1465 308 76 corderes
1272 1484 78 72 og
1379 1458 230 106 slaaes
1658 1482 158 78 om;
1908 1461 190 94 Efter
2140 1466 202 96 hvilke
2388 1467 248 84 Aarin«

918 1587 158 84 gers
1106 1575 279 99 Forløb,
1448 1599 106 58 om
1586 1575 258 103 Huuset
1890 1585 190 75 deres
2108 1578 289 103 Deneste
2438 1581 164 96 frem-

915 1696 224 75 deeles
1173 1692 316 99 behøver,
1555 1697 78 76 de
1655 1688 186 98 skulle
1871 1695 136 92 som
2037 1696 300 82 Svenne
2375 1698 264 94 arbejde

915 1802 113 99 for
1055 1805 161 97 Løn,
1267 1826 107 76 og,
1415 1827 171 64 naar
1611 1806 263 98 Huuser
1901 1813 277 76 dennem
2213 1811 127 80 ikke
2371 1819 269 89 længere

916 1917 332 101 behøver,
1314 1926 148 75 eller
1494 1941 130 77 og,
1682 1942 170 61 naar
1894 1927 78 78 de
2002 1925 182 97 stulle
2230 1922 114 97 faa
2374 1927 142 98 Lyst
2566 1940 74 66 at

922 2031 179 102 rejse,
1154 2031 109 97 for
1288 2052 71 64 at
1386 2035 253 94 arbejde
1684 2036 129 98 hos
1838 2045 199 75 andre
2070 2038 311 103 Mestere,
2446 2064 79 74 og
2560 2046 79 78 de

917 2151 204 80 dertil
1147 2152 260 94 dygtige
1439 2171 96 60 ere
1563 2148 342 101 befundne,
1937 2159 88 76 da
2059 2172 68 62 ar
2155 2150 298 103 forsynes
2491 2162 150 76 med

921 2260 243 87 Verk«
1183 2264 383 96 Mesterens
1595 2263 161 83 Lære
1773 2298 25 36 -
1817 2265 205 88 Brev
2051 2290 81 74 og
2161 2268 233 101 Attest.
2507 2272 133 100 Pi«

916 2375 478 100 ge-Børnene
1450 2387 182 73 lærer
1678 2398 70 62 ar
1798 2378 220 101 spinde
2058 2406 82 74 og
2182 2386 228 99 binde,
2474 2386 168 96 samt

914 2510 217 79 væve,
1188 2492 197 97 saaog
1426 2493 245 94 saadan
1718 2494 369 100 Gierning,
2150 2498 137 96 som
2326 2505 21 78 i
2385 2496 222 107 Huus-

912 2605 408 99 holdningen
913 2606 408 99 holdningen
1351 2604 392 99 forefalder;
1787 2610 124 101 Og
1943 2611 312 96 forbliver
2285 2623 78 76 de
2397 2623 20 76 i
2435 2617 176 103 Huu-

919 2718 119 103 set,
1095 2723 191 81 indtil
1315 2728 73 77 de
1415 2727 19 78 i
1459 2723 245 94 smukke
1737 2726 241 100 Folkes
2011 2727 291 106 Beneste
2328 2746 310 86 antages,

916 2845 158 74 eller
1104 2857 108 77 og,
1278 2860 108 59 om
1420 2837 264 102 Huuset
1708 2849 186 90 nogle
1922 2841 78 94 af
2026 2849 274 80 dennem
2323 2846 287 96 fremdæ-

915 2955 106 76 les
1058 2951 281 97 behøver
1383 2977 80 74 og
1494 2955 301 97 begiærer
1841 2975 70 64 at
1950 2957 305 104 beholde,
2316 2971 87 76 da
2448 2964 197 80 indtil

915 3070 88 77 de
1049 3065 204 81 bliver
1295 3070 20 76 i
1358 3070 356 95 Ægteskab
1759 3072 388 97 begiærede;
2209 3078 202 98 hvilke
2451 3081 190 95 sidste

917 3180 25 77 i
971 3175 109 94 saa
1113 3181 175 99 Fald
1322 3191 206 88 nyder
1558 3184 390 100 afHuusets
1970 3189 202 101 Cassa
2200 3214 104 59 een
2336 3191 306 101 passende

912 3292 154 89 Ad«
1112 3301 146 79 eller
1288 3296 371 112 Hiemgift,
1724 3300 134 98 som
1900 3301 228 95 Ober«
2150 3308 492 110 Forstanderne
