2885 4607
999 560 190 83 tænkt
1219 583 170 79 paa,
1449 584 68 65 at
1553 574 268 81 udviide
1855 573 352 110 Arbejder,
2277 586 18 78 i
2338 604 67 66 at
2439 586 252 118 foreskri-

994 694 81 71 jve
1107 683 146 77 dem
1284 695 57 66 et
1368 701 81 74 og
1480 690 201 76 andet
1708 706 117 79 nyt
1854 713 79 77 og
1966 699 283 97 nyttigt;
2284 722 75 78 og
2383 706 98 98 jeg
2516 726 201 86 troer,

990 810 73 64 at
1098 814 107 61 om
1241 800 168 76 dette
1439 795 276 108 Forflag
1749 803 206 85 kunde
1987 811 20 78 i
2033 808 200 87 Verk
2257 814 246 106 sættes,
2560 828 151 82 ville

989 913 108 79 det
1133 912 18 78 i
1181 907 238 91 Tiden
1448 918 427 101 upaatvilelig
1907 924 166 102 have
2103 931 94 97 sin
2228 935 159 95 store
2411 931 224 106 Nytte.

1113 1137 144 104 For
1283 1136 242 107 Resten
1559 1143 198 88 bliver
1790 1156 105 78 det
1926 1174 75 63 en
2033 1156 202 101 Sag,
2266 1160 135 97 som
2428 1185 65 60 er
2522 1177 179 77 værd

984 1270 73 68 at
1086 1272 353 82 overveye,
1504 1281 121 80 og,
1694 1285 111 61 om
1852 1268 121 83 ikke
2024 1296 75 57 en
2144 1278 495 103 Undersøgning
2680 1287 21 79 i

983 1368 382 103 Henseende
1408 1373 73 83 til
1520 1383 79 75 de
1646 1379 305 100 Fattiges
2002 1385 209 88 Antal
2254 1416 81 75 og
2364 1392 335 116 Omsæn-l

1390 1488 187 97 stulle
1626 1513 169 65 være
1828 1494 367 109 fornøden,
2252 1508 127 82 ikke
2428 1513 21 76 i
2486 1532 213 76 nogen

974 1599 289 102 Hensigt
1310 1600 77 97 af
1601 1629 81 75 og
1718 1608 309 90 Mistroe
2072 1641 111 60 om
2224 1623 441 103 Fattig-Pen-

972 1726 203 86 genes
1208 1718 227 97 rigtige
1472 1722 351 102 Uddelelse,
1888 1749 147 63 men
2066 1741 203 77 allene
2296 1735 105 98 for
2428 1758 71 62 at
2536 1741 127 82 kun-

970 1835 87 77 de
1086 1829 245 83 komme
1384 1836 23 75 i
1440 1831 363 107 Erfaring,
1868 1865 111 58 om
2038 1870 211 72 nogen
2314 1853 215 97 havde
2594 1860 71 77 til-

970 1943 213 99 sneget
1236 1950 91 95 sig
1378 1944 279 103 samme,
1718 1959 175 77 uden
1940 1961 189 81 dertil
2176 1983 71 59 at
2306 1985 169 63 være
2506 1986 157 65 træn-

970 2065 209 91 gende
1204 2068 145 75 eller
1386 2062 420 106 berettigede,
1874 2092 81 75 og
1988 2073 19 79 i
2040 2072 231 101 hvilket
2302 2081 214 102 Fald,
2582 2090 109 79 det

968 2172 165 99 efter
1166 2178 171 78 mine
1374 2173 453 105 uforgribelige
1854 2181 261 93 Tanker
2160 2190 187 99 synes
2392 2196 164 101 best,
2616 2217 73 67 ar

968 2285 107 101 for
1106 2306 57 64 et
1196 2289 183 99 hvert
1406 2289 317 88 Qvarter
1756 2296 72 96 af
1854 2297 213 100 Byen
2128 2324 243 66 maatte
2414 2318 239 77 udnæv-

964 2413 127 73 ms
1122 2409 231 76 tvende
1382 2404 278 101 Mænd,
1728 2409 131 94 som
1904 2414 123 92 selv
2082 2417 183 97 stulle
2320 2429 358 98 undersøge

962 2538 90 77 og
1098 2520 314 95 nøyggtig
1454 2520 276 97 beskrive
1776 2527 237 99 enhver
2044 2528 451 107 Trængendes
2538 2541 143 93 Til»

960 2635 218 97 ftand,
1240 2632 241 99 hvortil
1516 2643 98 94 de,
1676 2636 105 96 for
1820 2661 69 63 at
1938 2646 257 98 erholde
2238 2674 72 59 en
2355 2662 317 95 ordentlig

956 2747 458 100 Indretning,
1492 2758 147 77 med
1682 2756 205 96 trykte
1944 2759 434 101 Formularer
2423 2790 247 65 maatte

954 2861 301 99 forsynes
1273 2913 21 46 ,
1364 2868 111 75 der
1516 2867 185 97 stulle
1760 2871 340 98 indeholde
2147 2887 123 75 alle
2312 2891 74 77 de
2441 2887 197 97 udfor-

952 2984 249 78 drende
1270 2975 466 103 Oplysninger
1792 2988 18 78 i
1888 2988 388 102 Rübriquer
2365 3000 303 103 anførte,

950 3089 277 97 saasom:
1316 3091 228 102 Antal,
1600 3096 286 104 Navne,
1966 3103 228 106 Alder,
2264 3112 398 107 Førlighed,

944 3202 562 107 Oph'dld-Stæd,
1554 3208 576 114 Nærings-Veje,
2188 3227 470 106 Føde-Stæd,

942 3321 370 99 hvorlænge
1366 3328 74 75 de
1498 3325 162 94 have
1709 3346 193 64 været
1946 3335 18 78 i
2006 3332 236 106 Byen,
2313 3364 77 77 og
2429 3366 107 61 om
2579 3354 79 77 de

939 3441 139 78 nød
1130 3433 497 108 Dunst-Penge
1689 3449 139 81 eller
1882 3446 124 92 ikke
2045 3471 81 83 og
2176 3453 166 106 hvor
2377 3480 279 85 mange,
