2974 4645
1163 416 87 43 26

1075 577 264 92 medelst
1369 577 76 76 de
1467 575 210 76 andre
1701 571 270 98 Jøders
1993 571 266 88 Renker
2281 593 76 80 og
2377 575 394 96 Affiftence,

1073 715 140 98 flap
1235 715 132 92 han
1383 713 144 74 med
1546 726 74 61 at
1639 707 400 98 bæreNisene
2053 694 368 112 udaf-Byen
2441 735 126 74 paa
2585 715 162 100 Ryg-

1069 869 152 76 gen,
1237 851 174 78 uden
1429 859 74 64 at
1525 843 160 84 blive
1705 845 204 98 piffet.
1951 871 206 76 1747.
2171 855 120 78 den
2317 873 78 72 15
2419 849 352 100 Septemb.

1069 985 152 96 saae
1255 981 182 86 Sal.
1469 983 210 98 Kong
1711 983 324 100 Friderich
2073 1013 32 68 5
2119 993 72 78 de
2221 991 90 96 sig
2355 989 302 100 nødsaget
2703 993 102 80 til,

1069 1137 80 68 at
1189 1121 236 100 udgive
1459 1141 76 60 en
1555 1119 418 108 Forordning
2003 1145 108 60 om
2135 1123 342 102 Jødernes
2501 1127 270 86 Vidner

1064 1262 101 97 og
1195 1257 188 88 Eeds
1417 1259 348 102 Afleggelse
1839 1269 88 78 da
1955 1263 154 98 ham
2151 1267 456 96 underdanigst
2647 1283 120 68 var

1071 1399 232 82 bleven
1323 1399 262 82 berettet
1611 1401 164 92 hvor
1805 1403 302 98 ugudelig
2129 1401 300 100 Jøderne
2461 1403 302 98 handlede

1065 1537 180 84 imod
1285 1543 80 78 de
1399 1537 298 98 Christne
1733 1545 206 96 endog
1969 1543 18 78 i
2015 1539 282 88 Vidnes
2339 1539 278 100 Sager,
2651 1539 112 94 saa

1063 1675 308 100 Joderne
1399 1675 134 94 som
1563 1675 140 100 sagt
1731 1699 66 62 er
1831 1679 126 80 ikke
1983 1679 18 80 i
2021 1679 268 98 mindste
2325 1685 234 76 maade
2579 1679 182 82 kierer

1063 1817 90 94 sig
1177 1811 152 98 efter
1361 1813 164 86 Love
1575 1823 142 76 eller
1751 1817 526 100 Forordninger,
2335 1815 90 96 thi
2467 1823 74 74 de
2569 1813 164 98 forla-

1063 1957 126 78 der
1231 1955 92 94 sig
1355 1973 136 76 paa
1517 1959 184 80 deres
1735 1955 272 100 Penge,
2063 1975 80 78 og
2175 1959 146 78 med
2357 1959 142 76 dem
2525 1951 120 96 seer
2681 1959 76 78 de

1059 2105 78 68 at
1167 2089 206 100 alting
1407 2107 64 64 er
1503 2097 146 78 dem
1683 2093 264 96 mueligt
1995 2113 82 78 og
2111 2093 156 80 intet
2305 2091 332 100 umueligr.

1265 2367 360 86 Særdeles
1669 2389 66 62 er
1777 2369 308 98 Jøderne
2125 2383 202 82 meget
2359 2367 259 99 skadelig
2657 2365 100 98 for

1063 2507 468 100 Regieringer,
1573 2507 94 98 thi
1681 2507 106 96 saa
1805 2507 176 96 snart
2015 2529 76 60 en
2101 2505 178 98 Dng
2309 2507 192 82 bliver
2528 2483 199 126 beslut-

1060 2663 89 66 tet
1183 2653 146 76 eller
1359 2645 340 98 projectert
1731 2653 206 94 endog
1963 2649 20 78 i
2017 2651 102 78 det
2149 2643 276 98 Kongel.
2449 2641 300 102 Cabinet,

1059 2785 182 96 hvad
1287 2801 188 64 enten
1541 2791 104 78 det
1667 2807 306 76 angaae-,
2029 2785 234 98 Riget,
2319 2783 274 96 Landet,
2645 2789 106 76 det

1053 2919 346 102 Publiqve
1427 2929 144 76 eller
1597 2925 286 102 Private
1913 2929 150 78 veed
2083 2921 306 102 Joderne
2409 2925 102 78 det
2543 2921 165 95 srax

1047 3057 122 98 saa
1207 3059 162 84 intet
1405 3081 66 62 er
1511 3061 110 94 saa
1653 3063 370 98 hemmelig,
2077 3067 104 74 det
2215 3081 62 60 er
2303 3059 64 94 jo
2411 3057 336 82 aabenbar

1047 3195 106 98 for
1185 3203 190 94 dem,
1431 3201 232 98 nemlig
1715 3199 76 96 af
1821 3207 180 74 deres
2055 3199 346 100 Patroner
2431 3217 80 76 og
2535 3193 187 103 Clim-

1045 3350 140 99 ter,
1241 3337 164 92 hvor
1451 3335 80 98 af
1565 3343 74 78 de
1681 3359 76 76 og
1793 3339 116 94 har
1967 3359 76 60 en
2085 3335 366 100 stoerDeel
2477 3335 268 82 imellem

1045 3469 288 92 Damer
1365 3497 82 82 og
1479 3475 596 106 Fruentimmerne,
2129 3475 68 92 ja
2225 3477 18 78 i
2267 3483 120 76 alle
2409 3473 332 98 Stender,

2483 3619 164 78 dette
