2975 4645
1199 419 72 76 I*

1727 437 80 68 I?

215 607 260 96 Joder,
531 599 102 98 for
655 617 72 66 at
745 605 110 80 der
879 603 52 78 el
953 603 124 94 hos
1113 607 146 78 dem
1277 615 186 66 enten
1481 597 204 94 smelte
1717 601 194 100 Dig»

215 747 82 76 ler
327 793 24 46 ,
409 741 212 94 smelte
653 741 206 82 Ovne
877 791 26 46 ,
957 747 142 74 eller
1117 755 190 80 noget
1351 737 206 94 smelte
1603 734 319 112 Redskab

212 861 255 97 maatte
487 879 236 94 findes.
829 877 176 80 Men
1023 877 306 98 Jøderne
1363 875 132 94 som
1525 877 164 80 altid
1713 877 198 98 haver

211 1021 186 92 nogle
415 1013 606 96 afGuldstnedenes
1045 1013 268 98 Fuflere
1331 1019 206 76 under
1563 1015 94 94 sin
1675 1013 236 100 Pidff,

213 1155 196 96 vidste
465 1169 208 78 meget
755 1157 134 92 vel,
995 1169 74 62 at
1129 1147 118 98 faa
1319 1157 106 76 det
1491 1151 238 94 smelter
1785 1155 128 94 hos

213 1291 188 96 disse,
457 1295 172 76 uden
651 1287 122 94 selv
809 1305 74 64 at
913 1289 168 96 have
1125 1295 120 78 den
1295 1293 296 94 Umage,
1643 1289 272 84 betjente

209 1431 96 96 sig
343 1449 82 76 og
457 1429 118 94 lige
631 1423 214 96 saavel
887 1425 76 94 af
983 1431 206 76 denne
1213 1425 346 98 Leilighed,
1611 1427 136 94 som
1775 1433 130 80 ved

213 1583 74 64 ar
305 1563 214 96 smelte
535 1569 104 78 det
659 1563 260 94 stiaalne
943 1563 198 86 Guld
1161 1583 78 76 og
1257 1563 204 82 Sølv
1489 1561 134 94 som
1639 1568 74 77 de

211 1699 84 98 af
317 1699 226 96 Tyve,
593 1707 108 74 der
739 1703 260 94 stiaalne
1043 1701 194 82 Guld
1273 1721 78 74 og
1383 1699 204 82 Selv
1609 1721 156 58 maa
1781 1707 134 90 dog

215 1855 62 64 er
306 1838 200 90 Sted
561 1837 160 78 blive
753 1827 112 106 af,
921 1857 132 76 paa
1085 1835 334 96 Assistens
1437 1835 268 100 Huuset
1735 1839 146 80 kom-

215 1995 136 62 mer
383 1981 104 76 der
515 1973 162 98 ikke,
709 1973 52 78 ei
785 1975 184 94 heller
991 1975 72 80 ril
1087 1973 528 98 Guldsmedene,
1669 1973 246 98 Tyven

215 2113 192 100 stiller
467 2117 106 78 det
609 2111 54 78 ei
707 2109 102 96 for
855 2127 74 64 at
959 2111 264 96 beholde
1261 2117 144 88 det,
1461 2109 228 94 hvilket
1737 2119 78 78 de
1859 2109 58 88 ei

221 2251 184 90 heller
435 2247 172 84 kand
631 2245 116 98 faa
785 2249 242 92 smeltet
1061 2247 124 96 hos
1215 2267 74 58 en
1309 2245 284 100 Mester,
1647 2247 134 94 som
1813 2249 106 98 for

209 2393 120 76 der
357 2387 228 98 Første
619 2403 62 60 er
723 2405 76 58 en
847 2381 320 94 Eedsoren
1191 2383 318 100 Borger,
1563 2405 82 76 og
1679 2383 100 98 for
1815 2395 106 76 det

225 2523 218 84 Ander
477 2523 196 96 haver
707 2537 184 64 enten
925 2521 260 80 Svend
1205 2527 140 74 eller
1363 2521 18 78 i
1417 2527 106 76 det
1549 2525 260 96 ringeste
1841 2549 80 60 en

223 2657 518 98 Lære-Dreng,
795 2655 134 96 som
969 2663 106 74 læt
1115 2657 210 84 kunde
1371 2655 302 98 forraade
1715 2663 206 98 ham;

221 2795 168 86 Der
433 2795 148 80 kom
615 2801 84 74 da
731 2811 176 64 atter
939 2815 78 60 en
1059 2815 126 74 nye
1221 2795 226 84 Ordre
1483 2813 74 64 at
1593 2803 74 76 de
1713 2797 206 98 ffulde

225 2937 196 80 levere
453 2933 264 82 Guldet
747 2949 184 64 euren
975 2935 20 78 i
1023 2929 346 94 fremmede
1397 2933 320 100 Mynter,
1773 2945 146 74 eller

225 3093 84 74 og
359 3073 20 76 i
427 3067 388 100 forarbeidet
859 3069 244 96 Guld,
1163 3089 150 60 men
1351 3075 86 76 da
1483 3071 320 96 standsede
1837 3097 84 74 og

227 3207 346 98 Jødernes
603 3203 380 102 Leveranse,
1039 3205 406 86 Ducaterne
1488 3208 139 80 blev

235 3371 30 46 i
285 3369 32 70 z
359 3345 154 82 Mk.
543 3335 342 106 Stokker,
939 3363 90 60 nu
1077 3343 210 94 havde
1329 3351 76 78 de
1457 3353 262 74 allerede
1767 3351 156 92 hver

229 3483 134 98 Uge
395 3503 132 76 paa
577 3501 74 62 en
697 3501 82 76 og
821 3503 76 60 en
949 3481 150 96 halv
1143 3479 236 94 Tønde
1419 3481 204 90 Guld
1641 3479 280 97 fortjent

1009 3617 90 92 B
1579 3645 248 74 25509
