2974 4645
982 498 96 78 vil
1116 493 136 88 De
1290 489 222 100 sikkert
1552 484 174 82 blive
1762 482 434 103 velkommen,
2234 489 70 98 ja
2342 500 204 94 endog
2582 494 182 102 finde

980 592 214 83 baade
1224 591 298 82 Lærdom
1568 606 82 74 og
1694 584 342 97 Venffab.

1214 689 191 82 Man
1444 681 349 98 forundrer
1826 688 91 93 sig
1958 685 121 80 ikke
2121 705 174 82 over,
2337 708 70 64 ar
2430 692 127 88 De
2597 698 134 81 mis-

981 796 212 77 under
1255 791 208 76 andre
1523 802 74 64 ar
1653 790 76 76 de
1771 782 122 98 har
1951 783 114 94 seet
2125 787 90 96 sig
2265 811 106 59 om
2411 796 20 76 i
2473 794 288 85 Verden

917 940 18 16 .
981 912 88 72 og
1127 889 178 94 ærlig
1365 888 157 77 tjent
1583 886 100 96 sig
1739 904 84 70 op
1883 882 616 110 foruden-Msw;
2583 896 176 96 siden

985 988 222 98 Patte
1249 1005 82 76 og
1373 982 466 84 Kakkelovnen
1895 985 294 98 hidindtil
2261 991 120 91 har
2421 1010 192 66 været
2653 992 106 98 for

983 1086 211 89 Dem
1237 1085 335 96 umistelig.

1200 1183 172 86 Der
1418 1185 170 95 siges
1646 1200 72 64 at
1758 1182 378 84 Varulven
2192 1209 192 76 gaaer
2426 1212 108 58 om
2576 1188 158 85 Nar-

986 1304 146 79 ren,
1196 1307 84 74 og
1318 1281 136 88 De
1506 1304 158 60 maa
1724 1284 218 94 sikkert
1996 1287 178 94 giøre
2232 1289 152 96 ham
2436 1290 324 99 Selffab,

986 1388 184 96 siden
1202 1383 136 88 De
1376 1383 250 81 kiender
1670 1384 156 96 ham
1868 1380 114 97 saa
2020 1391 136 92 vel;
2210 1391 92 96 thi
2344 1398 100 76 det
2476 1390 178 96 Dyr
2694 1412 66 61 er

988 1485 279 98 gandffe
1308 1481 349 102 ubekjendt
1686 1482 215 94 saavel
1944 1485 131 94 som
2126 1487 171 94 hans
2338 1484 421 106 Forretning,

981 1586 186 90 hvad
1223 1601 186 64 enten
1467 1583 134 93 han
1657 1602 200 80 gaaer
1915 1607 136 76 paa
2107 1589 260 100 Iagc,
2433 1592 330 94 Tyveris

981 1690 148 79 eller
1173 1703 222 76 agerer
1439 1683 414 101 Spægelse.

1197 1783 244 88 Deres
1481 1781 376 103 Opticusses
1893 1783 362 102 Indkomst
2297 1810 96 60 ere
2453 1794 102 76 vel
2595 1790 170 82 liden

981 1904 155 76 paa
1199 1893 237 70 denne
1481 1885 223 97 Tiid,
1777 1888 171 92 siden
2019 1889 175 92 hans
2239 1887 193 87 Glas
2485 1888 123 80 ikke
2665 1910 97 65 ere

982 1985 216 98 nyttig
1242 1983 102 96 for
1374 1981 396 102 Publicum,
1816 1986 150 88 helst
2008 1993 86 76 da
2120 1985 132 88 De
2288 1988 126 80 ikke
2454 1988 122 94 selv
2618 1996 114 74 der-

984 2088 326 92 igiennem
1340 2083 128 82 kan
1508 2082 110 98 see,
1688 2084 164 98 hvor
1898 2085 320 98 barbariff
2258 2093 102 77 der
2398 2108 64 60 er
2504 2106 72 62 ar
2616 2088 112 81 bin-

980 2192 82 76 de
1114 2185 170 100 Folk
1342 2205 86 76 og
1484 2183 166 101 kaste
1702 2192 146 76 dem
1900 2191 252 78 levende
2190 2189 102 98 for
2328 2186 294 102 Hunde,
2678 2205 76 64 at

980 2293 285 85 opædes.

1207 2385 302 100 Foldens
1545 2382 366 103 Indkomst
1953 2409 64 58 er
2069 2393 98 74 vel
2207 2407 80 76 og
2339 2388 194 92 smaa.
2633 2382 124 89 En

975 2484 176 102 Hest
1191 2489 234 94 gielder
1471 2492 102 74 vel
1627 2484 124 84 ikke
1807 2508 76 60 en
1925 2485 236 88 Daler
2201 2507 132 74 paa
2377 2494 194 76 denne
2611 2482 138 92 Tid

977 2584 84 94 af
1107 2585 232 86 Aaret.
1491 2582 322 88 Svinene
1893 2589 122 98 har
2057 2589 176 96 ffiult
2291 2589 94 97 sig
2439 2588 22 80 i
2513 2582 242 94 Deres

977 2683 305 102 Skrift;
1381 2707 83 78 og
1527 2688 181 100 hvad
1769 2686 417 97 Opreisning
2261 2692 91 80 vil
2415 2686 131 90 De
2603 2682 149 102 faae

976 2785 240 98 derfor-

1204 2883 136 90 De
1377 2883 318 101 forsaaer
1736 2892 102 76 vel
1878 2886 402 99 Meningen;
2322 2886 160 88 Det
2522 2906 66 62 er
2626 2888 126 80 dm

980 3002 158 67 rette
1178 2985 396 102 Forklaring
1614 3010 134 78 paa
1780 2984 238 90 Deres
2062 2995 260 74 omtalte
2356 2988 400 100 Forræderis

978 3108 153 77 pag.
1178 3115 29 46 i
1226 3109 59 74 z.
1444 3085 331 93 Behøver
1820 3088 131 91 De
1992 3095 105 80 der
2136 3092 375 95 tydeligere,
2560 3094 89 78 da
2686 3106 67 65 er

979 3186 114 89 her
1133 3195 130 81 god
1307 3187 334 89 Forraad.
