2975 4645
217 593 250 105 straffes
501 592 152 98 efter
681 594 252 97 Loven,
986 592 93 96 thi
1113 599 90 75 alt
1247 597 102 76 det
1383 596 106 78 der
1523 586 120 100 har
1679 589 222 80 Navn

211 736 79 95 af
315 737 275 100 Handel
603 736 161 96 gaae
789 735 187 94 mees
993 732 311 96 igiennem
1329 729 343 97 Jodernes
1689 727 183 100 Hæn-

210 882 148 91 der,
414 895 162 58 man
608 893 158 61 maa
810 891 92 60 nu
938 868 224 98 spørge
1202 891 106 58 om
1350 869 174 93 hvad
1588 888 158 61 man
1782 868 116 98 vil,

210 1012 113 96 saa
358 1013 265 92 handler
638 1010 307 96 Jøderne
977 1013 274 78 dermed.
1314 1007 245 83 Lander
1602 1009 199 94 haver
1833 1010 74 74 de

215 1157 144 74 med
393 1155 180 76 deres
589 1145 268 85 Nation
893 1143 282 96 saaledes
1209 1143 166 96 besat
1405 1164 134 76 paa
1569 1140 119 86 ale

576 1286 262 80 atintet
868 1285 124 79 kan
1024 1282 252 82 komme
1295 1289 137 88 paa
1740 1289 174 75 uden

208 1432 79 78 de
322 1423 67 98 jo
418 1445 63 60 er
512 1428 147 90 der,
716 1423 91 92 thi
836 1423 109 96 her
978 1422 19 78 i
1028 1420 333 97 Staden,
1416 1420 21 78 i
1468 1420 437 98 Helsingøer,

209 1561 286 96 Corfør,
525 1560 66 96 jo
609 1582 132 74 paa
771 1557 180 96 smaa
979 1556 328 99 Landene,
1339 1554 354 100 Naschou,
1726 1553 157 84 Lam-

210 1706 206 107 land,·
460 1701 412 95 Langeland,
926 1697 260 98 Møen,
1240 1695 250 98 Falster
1524 1714 96 58 ere
1656 1693 226 96 Jøder-

210 1858 79 62 ne
334 1835 285 98 fastsatte
648 1858 77 73 og
758 1837 447 92 boesiddende,
1260 1855 83 74 og
1394 1852 113 60 om
1554 1830 113 94 saa
1686 1828 224 97 skulde

207 1973 184 100 treffe
433 1991 72 64 at
561 1989 194 81 noget
809 1979 174 78 uden
1029 1974 144 78 dem
1227 1967 76 96 af
1343 1969 358 99 Handelen
1753 1969 126 94 skul-

208 2120 78 78 de
330 2111 236 98 passere
598 2118 146 76 dem
772 2107 238 97 forbie,
1062 2108 122 90 har
1220 2113 76 76 de
1322 2105 76 93 af
1430 2110 188 74 deres
1636 2103 272 83 Ration

210 2257 185 90 nogle
454 2249 241 83 boende
742 2245 166 80 miti
938 2245 242 81 Landet
1216 2243 133 96 som
1366 2245 20 75 i
1422 2242 361 95 Ringsted,
1837 2262 90 65 et,-

216 2370 183 99 Saa
217 2388 182 81 Saa
467 2387 186 93 ingen
717 2384 274 95 Handel
1047 2382 126 80 kan
1213 2387 304 89 undgaae
1565 2378 308 97 Jøderne
1891 2432 26 44 ,

213 2524 383 97 Hvorledes
657 2517 145 98 disse
873 2517 237 99 Penge
1185 2519 257 96 tørstige
1487 2515 213 101 Folk,
1795 2522 137 76 ud-,

212 2660 190 97 sner,
480 2661 308 93 bedrager
864 2681 80 73 og
994 2658 338 93 ruinerer,
1408 2660 78 74 de
1570 2651 344 99 Enfoldige

211 2797 168 99 Folk
411 2817 134 76 paa
587 2796 240 81 Landet
875 2795 132 94 som
1037 2800 74 78 de
1145 2794 152 79 boer
1333 2793 310 92 imellem,
1697 2811 78 76 og
1809 2810 78 76 op-

211 2934 205 98 fylder
447 2941 145 74 dem
611 2938 145 75 med
779 2932 421 96 udenlandske
1215 2929 251 95 Vahre
1499 2932 175 76 lader
1701 2931 91 94 sig
1807 2933 79 75 let-

214 3090 128 64 tere
360 3071 194 82 tænke
584 3076 120 76 end
728 3067 300 105 beskrive,
1084 3068 140 80 kort
1244 3065 138 98 sagt
1408 3070 148 76 aral
1576 3064 310 99 Landhan-

215 3215 180 75 delen
423 3207 78 96 af
539 3206 306 98 Joderne
885 3227 64 60 er
1021 3204 286 96 saaledes
1347 3200 444 99 indskrænker,
1845 3220 78 62 ar

217 3368 165 62 man
419 3347 173 93 knap
623 3346 127 78 kan
781 3339 147 98 faae
953 3364 77 58 en
1057 3345 285 95 gammel
1361 3339 309 99 Messing
1691 3337 237 84 Kiedel

220 3486 70 82 til
320 3483 230 99 kiobs,
584 3490 140 76 eller
744 3487 200 80 andre
974 3474 814 106 Dng-idenafJoderne,
1822 3482 104 76 der

1761 3633 64 62 er
