<?xml version="1.0" encoding="utf-8"?>
<alto xmlns="http://www.loc.gov/standards/alto/ns-v3#" xmlns:xs="http://www.w3.org/2001/XMLSchema-instance" xmlns:xlink="http://www.w3.org/1999/xlink">
	<Description>
		<MeasurementUnit>pixel</MeasurementUnit>
		<sourceImageInformation>
			<fileName>130017168356_1_004_010_018.tif</fileName>
		</sourceImageInformation>
		<OCRProcessing ID="OCR1">
			<ocrProcessingStep>
				<processingDateTime>2018-09-04</processingDateTime>
				<processingAgency>Zissor AS</processingAgency>
				<processingStepSettings>Combined OCR</processingStepSettings>
				<processingSoftware>
					<softwareCreator>Zissor AS</softwareCreator>
					<softwareName>ContentOCR-11; ContentOCR-Tesseract</softwareName>
					<softwareVersion>2.0.2; 2.0.0</softwareVersion>
					<applicationDescription>OCR Component for Zissor Content System</applicationDescription>
				</processingSoftware>
			</ocrProcessingStep>
		</OCRProcessing>
	</Description>
	<Styles>
		<TextStyle ID="STYLE1" FONTFAMILY="Times New Roman" FONTSIZE="9.5" FONTSTYLE="bold"/>
		<TextStyle ID="STYLE2" FONTFAMILY="Times New Roman" FONTSIZE="14" FONTSTYLE=""/>
		<TextStyle ID="STYLE3" FONTFAMILY="Times New Roman" FONTSIZE="12" FONTSTYLE="italics"/>
		<TextStyle ID="STYLE4" FONTFAMILY="Arial" FONTSIZE="14" FONTSTYLE=""/>
		<TextStyle ID="STYLE5" FONTFAMILY="Arial" FONTSIZE="13" FONTSTYLE=""/>
		<TextStyle ID="STYLE6" FONTFAMILY="Arial" FONTSIZE="15" FONTSTYLE=""/>
		<TextStyle ID="STYLE7" FONTFAMILY="Arial" FONTSIZE="12" FONTSTYLE=""/>
	</Styles>
	<Layout>
		<Page ID="PAGE462" HEIGHT="4645" WIDTH="2974" PHYSICAL_IMG_NR="462" PROCESSING="OCR1" PC="0.73">
			<TopMargin HEIGHT="401" WIDTH="2974" HPOS="0" VPOS="0"/>
			<LeftMargin HEIGHT="3277" WIDTH="1093" HPOS="0" VPOS="401"/>
			<RightMargin HEIGHT="3277" WIDTH="54" HPOS="2920" VPOS="401"/>
			<BottomMargin HEIGHT="965" WIDTH="2974" HPOS="0" VPOS="3680"/>
			<PrintSpace ID="PRINTSPACE1" HEIGHT="3277" WIDTH="1825" HPOS="1094" VPOS="402">
				<ComposedBlock xs:type="ComposedBlockType" ID="ARTICLE105126" HEIGHT="3277" WIDTH="1825" HPOS="1094" VPOS="402" xlink:type="simple">
					<TextBlock xs:type="TextBlockType" ID="ZONE1100584" HEIGHT="64" WIDTH="79" HPOS="1211" VPOS="402" xlink:type="simple">
						<TextLine ID="LINE1" HEIGHT="64" WIDTH="79" HPOS="1211" VPOS="402">
							<String ID="STRING1" STYLEREFS="STYLE1" HEIGHT="64" WIDTH="79" HPOS="1211" VPOS="402" CONTENT="18" WC="0.28" LANG="nob"/>
						</TextLine>
					</TextBlock>
					<TextBlock xs:type="TextBlockType" ID="ZONE1100585" HEIGHT="3022" WIDTH="1825" HPOS="1094" VPOS="555" xlink:type="simple">
						<TextLine ID="LINE2" HEIGHT="105" WIDTH="1686" HPOS="1121" VPOS="561">
							<String ID="STRING2" STYLEREFS="STYLE2" HEIGHT="74" WIDTH="246" HPOS="1121" VPOS="592" CONTENT="25500" WC="0.33" LANG="nob"/>
							<SP ID="SP1" WIDTH="57" HPOS="1367" VPOS="592"/>
							<String ID="STRING3" STYLEREFS="STYLE2" HEIGHT="95" WIDTH="247" HPOS="1424" VPOS="565" CONTENT="Rdlr.," WC="0.74" LANG="nob"/>
							<SP ID="SP2" WIDTH="59" HPOS="1671" VPOS="565"/>
							<String ID="STRING4" STYLEREFS="STYLE2" HEIGHT="74" WIDTH="79" HPOS="1730" VPOS="585" CONTENT="og" WC="0.98" LANG="dan"/>
							<SP ID="SP3" WIDTH="47" HPOS="1809" VPOS="585"/>
							<String ID="STRING5" STYLEREFS="STYLE2" HEIGHT="97" WIDTH="125" HPOS="1856" VPOS="561" CONTENT="ofte" WC="1" LANG="dan"/>
							<SP ID="SP4" WIDTH="37" HPOS="1981" VPOS="561"/>
							<String ID="STRING6" STYLEREFS="STYLE2" HEIGHT="66" WIDTH="187" HPOS="2018" VPOS="577" CONTENT="mere." WC="0.86" LANG="dan"/>
							<SP ID="SP5" WIDTH="77" HPOS="2205" VPOS="577"/>
							<String ID="STRING7" STYLEREFS="STYLE2" HEIGHT="98" WIDTH="101" HPOS="2282" VPOS="562" CONTENT="Af" WC="0.45" LANG="dan"/>
							<SP ID="SP6" WIDTH="33" HPOS="2383" VPOS="562"/>
							<String ID="STRING8" STYLEREFS="STYLE2" HEIGHT="61" WIDTH="73" HPOS="2416" VPOS="586" CONTENT="en" WC="1" LANG="dan"/>
							<SP ID="SP7" WIDTH="45" HPOS="2489" VPOS="586"/>
							<String ID="STRING9" STYLEREFS="STYLE2" HEIGHT="84" WIDTH="273" HPOS="2534" VPOS="567" CONTENT="Million" WC="0.8" LANG="dan"/>
						</TextLine>
						<TextLine ID="LINE3" HEIGHT="106" WIDTH="1681" HPOS="1119" VPOS="700">
							<String ID="STRING10" STYLEREFS="STYLE2" HEIGHT="77" WIDTH="115" HPOS="1119" VPOS="729" CONTENT="tog" WC="0.31" LANG="dan"/>
							<SP ID="SP8" WIDTH="43" HPOS="1234" VPOS="729"/>
							<String ID="STRING11" STYLEREFS="STYLE2" HEIGHT="76" WIDTH="75" HPOS="1277" VPOS="714" CONTENT="de" WC="0.63" LANG="dan"/>
							<SP ID="SP9" WIDTH="97" HPOS="1352" VPOS="714"/>
							<String ID="STRING12" STYLEREFS="STYLE3" HEIGHT="69" WIDTH="243" HPOS="1449" VPOS="726" CONTENT="51000" WC="0.4" LANG="dan"/>
							<SP ID="SP10" WIDTH="49" HPOS="1692" VPOS="726"/>
							<String ID="STRING13" STYLEREFS="STYLE2" HEIGHT="85" WIDTH="201" HPOS="1741" VPOS="700" CONTENT="Rdlr." WC="0.6" LANG="dan"/>
							<SP ID="SP11" WIDTH="57" HPOS="1942" VPOS="700"/>
							<String ID="STRING14" STYLEREFS="STYLE2" HEIGHT="80" WIDTH="67" HPOS="1999" VPOS="700" CONTENT="til" WC="0.25" LANG="dan"/>
							<SP ID="SP12" WIDTH="49" HPOS="2066" VPOS="700"/>
							<String ID="STRING15" STYLEREFS="STYLE2" HEIGHT="90" WIDTH="243" HPOS="2115" VPOS="707" CONTENT="63000" WC="0.53" LANG="dan"/>
							<SP ID="SP13" WIDTH="65" HPOS="2358" VPOS="707"/>
							<String ID="STRING16" STYLEREFS="STYLE2" HEIGHT="99" WIDTH="233" HPOS="2423" VPOS="704" CONTENT="Rdlr.," WC="0.64" LANG="dan"/>
							<SP ID="SP14" WIDTH="61" HPOS="2656" VPOS="704"/>
							<String ID="STRING17" STYLEREFS="STYLE2" HEIGHT="76" WIDTH="83" HPOS="2717" VPOS="726" CONTENT="og" WC="0.44" LANG="dan"/>
						</TextLine>
						<TextLine ID="LINE4" HEIGHT="104" WIDTH="1686" HPOS="1120" VPOS="838">
							<String ID="STRING18" STYLEREFS="STYLE2" HEIGHT="97" WIDTH="92" HPOS="1120" VPOS="845" CONTENT="af" WC="0.66" LANG="dan"/>
							<SP ID="SP15" WIDTH="54" HPOS="1212" VPOS="845"/>
							<String ID="STRING19" STYLEREFS="STYLE2" HEIGHT="72" WIDTH="40" HPOS="1266" VPOS="868" CONTENT="3" WC="0.21" LANG="dan"/>
							<SP ID="SP16" WIDTH="34" HPOS="1306" VPOS="868"/>
							<String ID="STRING20" STYLEREFS="STYLE2" HEIGHT="82" WIDTH="274" HPOS="1340" VPOS="841" CONTENT="Million" WC="0.8" LANG="dan"/>
							<SP ID="SP17" WIDTH="46" HPOS="1614" VPOS="841"/>
							<String ID="STRING21" STYLEREFS="STYLE2" HEIGHT="72" WIDTH="286" HPOS="1660" VPOS="863" CONTENT="153000" WC="0.57" LANG="dan"/>
							<SP ID="SP18" WIDTH="32" HPOS="1946" VPOS="863"/>
							<String ID="STRING22" STYLEREFS="STYLE2" HEIGHT="99" WIDTH="242" HPOS="1978" VPOS="838" CONTENT="Rdlr.," WC="0.75" LANG="dan"/>
							<SP ID="SP19" WIDTH="54" HPOS="2220" VPOS="838"/>
							<String ID="STRING23" STYLEREFS="STYLE2" HEIGHT="66" WIDTH="234" HPOS="2274" VPOS="858" CONTENT="monne" WC="0.43" LANG="dan"/>
							<SP ID="SP20" WIDTH="48" HPOS="2508" VPOS="858"/>
							<String ID="STRING24" STYLEREFS="STYLE2" HEIGHT="76" WIDTH="160" HPOS="2556" VPOS="849" CONTENT="dette" WC="0.91" LANG="dan"/>
							<SP ID="SP21" WIDTH="40" HPOS="2716" VPOS="849"/>
							<String ID="STRING25" STYLEREFS="STYLE2" HEIGHT="78" WIDTH="50" HPOS="2756" VPOS="844" CONTENT="ei" WC="0.41" LANG="dan"/>
						</TextLine>
						<TextLine ID="LINE5" HEIGHT="105" WIDTH="1696" HPOS="1113" VPOS="974">
							<String ID="STRING26" STYLEREFS="STYLE2" HEIGHT="63" WIDTH="172" HPOS="1113" VPOS="1002" CONTENT="være" WC="0.74" LANG="dan"/>
							<SP ID="SP22" WIDTH="18" HPOS="1285" VPOS="1002"/>
							<String ID="STRING27" STYLEREFS="STYLE2" HEIGHT="68" WIDTH="72" HPOS="1303" VPOS="1000" CONTENT="at" WC="1" LANG="dan"/>
							<SP ID="SP23" WIDTH="16" HPOS="1375" VPOS="1000"/>
							<String ID="STRING28" STYLEREFS="STYLE2" HEIGHT="98" WIDTH="180" HPOS="1391" VPOS="981" CONTENT="stiæle" WC="0.7" LANG="dan"/>
							<SP ID="SP24" WIDTH="28" HPOS="1571" VPOS="981"/>
							<String ID="STRING29" STYLEREFS="STYLE2" HEIGHT="100" WIDTH="102" HPOS="1599" VPOS="974" CONTENT="fra" WC="0.76" LANG="dan"/>
							<SP ID="SP25" WIDTH="16" HPOS="1701" VPOS="974"/>
							<String ID="STRING30" STYLEREFS="STYLE2" HEIGHT="99" WIDTH="288" HPOS="1717" VPOS="978" CONTENT="Kongen" WC="0.69" LANG="dan"/>
							<SP ID="SP26" WIDTH="18" HPOS="2005" VPOS="978"/>
							<String ID="STRING31" STYLEREFS="STYLE2" HEIGHT="76" WIDTH="36" HPOS="2023" VPOS="982" CONTENT="?" WC="1" LANG="dan"/>
							<SP ID="SP27" WIDTH="56" HPOS="2059" VPOS="982"/>
							<String ID="STRING32" STYLEREFS="STYLE2" HEIGHT="76" WIDTH="78" HPOS="2115" VPOS="999" CONTENT="og" WC="0.4" LANG="dan"/>
							<SP ID="SP28" WIDTH="38" HPOS="2193" VPOS="999"/>
							<String ID="STRING33" STYLEREFS="STYLE2" HEIGHT="93" WIDTH="124" HPOS="2231" VPOS="983" CONTENT="dog" WC="0.34" LANG="dan"/>
							<SP ID="SP29" WIDTH="38" HPOS="2355" VPOS="983"/>
							<String ID="STRING34" STYLEREFS="STYLE2" HEIGHT="80" WIDTH="86" HPOS="2393" VPOS="980" CONTENT="vil" WC="1" LANG="dan"/>
							<SP ID="SP30" WIDTH="22" HPOS="2479" VPOS="980"/>
							<String ID="STRING35" STYLEREFS="STYLE2" HEIGHT="78" WIDTH="72" HPOS="2501" VPOS="983" CONTENT="de" WC="0.63" LANG="dan"/>
							<SP ID="SP31" WIDTH="20" HPOS="2573" VPOS="983"/>
							<String ID="STRING36" STYLEREFS="STYLE2" HEIGHT="81" WIDTH="216" HPOS="2593" VPOS="981" CONTENT="kaldes" WC="0.89" LANG="dan"/>
						</TextLine>
						<TextLine ID="LINE6" HEIGHT="103" WIDTH="1681" HPOS="1131" VPOS="1114">
							<String ID="STRING37" STYLEREFS="STYLE2" HEIGHT="66" WIDTH="143" HPOS="1131" VPOS="1139" CONTENT="troe" WC="0.74" LANG="dan"/>
							<SP ID="SP32" WIDTH="15" HPOS="1274" VPOS="1139"/>
							<String ID="STRING38" STYLEREFS="STYLE2" HEIGHT="99" WIDTH="329" HPOS="1289" VPOS="1118" CONTENT="Borgere." WC="0.63" LANG="dan"/>
							<SP ID="SP33" WIDTH="29" HPOS="1618" VPOS="1118"/>
							<String ID="STRING39" STYLEREFS="STYLE2" HEIGHT="88" WIDTH="237" HPOS="1647" VPOS="1114" CONTENT="Burte" WC="0.67" LANG="dan"/>
							<SP ID="SP34" WIDTH="29" HPOS="1884" VPOS="1114"/>
							<String ID="STRING40" STYLEREFS="STYLE2" HEIGHT="98" WIDTH="143" HPOS="1913" VPOS="1116" CONTENT="disse" WC="0.91" LANG="dan"/>
							<SP ID="SP35" WIDTH="29" HPOS="2056" VPOS="1116"/>
							<String ID="STRING41" STYLEREFS="STYLE2" HEIGHT="81" WIDTH="127" HPOS="2085" VPOS="1117" CONTENT="ikke" WC="1" LANG="dan"/>
							<SP ID="SP36" WIDTH="22" HPOS="2212" VPOS="1117"/>
							<String ID="STRING42" STYLEREFS="STYLE2" HEIGHT="64" WIDTH="72" HPOS="2234" VPOS="1135" CONTENT="at" WC="1" LANG="dan"/>
							<SP ID="SP37" WIDTH="24" HPOS="2306" VPOS="1135"/>
							<String ID="STRING43" STYLEREFS="STYLE2" HEIGHT="67" WIDTH="194" HPOS="2330" VPOS="1133" CONTENT="været" WC="1" LANG="dan"/>
							<SP ID="SP38" WIDTH="25" HPOS="2524" VPOS="1133"/>
							<String ID="STRING44" STYLEREFS="STYLE2" HEIGHT="96" WIDTH="209" HPOS="2549" VPOS="1119" CONTENT="hængt" WC="0.78" LANG="dan"/>
							<SP ID="SP39" WIDTH="19" HPOS="2758" VPOS="1119"/>
							<String ID="STRING45" STYLEREFS="STYLE2" HEIGHT="76" WIDTH="35" HPOS="2777" VPOS="1120" CONTENT="?" WC="1" LANG="dan"/>
						</TextLine>
						<TextLine ID="LINE7" HEIGHT="99" WIDTH="1675" HPOS="1120" VPOS="1256">
							<String ID="STRING46" STYLEREFS="STYLE2" HEIGHT="83" WIDTH="193" HPOS="1120" VPOS="1261" CONTENT="Man" WC="0.77" LANG="dan"/>
							<SP ID="SP40" WIDTH="31" HPOS="1313" VPOS="1261"/>
							<String ID="STRING47" STYLEREFS="STYLE2" HEIGHT="95" WIDTH="279" HPOS="1344" VPOS="1260" CONTENT="behøver" WC="0.73" LANG="dan"/>
							<SP ID="SP41" WIDTH="37" HPOS="1623" VPOS="1260"/>
							<String ID="STRING48" STYLEREFS="STYLE2" HEIGHT="60" WIDTH="91" HPOS="1660" VPOS="1280" CONTENT="nu" WC="0.78" LANG="dan"/>
							<SP ID="SP42" WIDTH="43" HPOS="1751" VPOS="1280"/>
							<String ID="STRING49" STYLEREFS="STYLE2" HEIGHT="80" WIDTH="53" HPOS="1794" VPOS="1257" CONTENT="ei" WC="0.83" LANG="dan"/>
							<SP ID="SP43" WIDTH="41" HPOS="1847" VPOS="1257"/>
							<String ID="STRING50" STYLEREFS="STYLE2" HEIGHT="65" WIDTH="73" HPOS="1888" VPOS="1272" CONTENT="at" WC="1" LANG="dan"/>
							<SP ID="SP44" WIDTH="41" HPOS="1961" VPOS="1272"/>
							<String ID="STRING51" STYLEREFS="STYLE2" HEIGHT="80" WIDTH="179" HPOS="2002" VPOS="1256" CONTENT="kiøbe" WC="0.78" LANG="dan"/>
							<SP ID="SP45" WIDTH="45" HPOS="2181" VPOS="1256"/>
							<String ID="STRING52" STYLEREFS="STYLE2" HEIGHT="96" WIDTH="123" HPOS="2226" VPOS="1257" CONTENT="hos" WC="0.64" LANG="dan"/>
							<SP ID="SP46" WIDTH="43" HPOS="2349" VPOS="1257"/>
							<String ID="STRING53" STYLEREFS="STYLE2" HEIGHT="93" WIDTH="403" HPOS="2392" VPOS="1256" CONTENT="Guldsmede" SUBS_TYPE="HypPart1" SUBS_CONTENT="Guldsmedene" WC="0.67" LANG="dan"/>
							<HYP CONTENT="-"/>
						</TextLine>
						<TextLine ID="LINE8" HEIGHT="102" WIDTH="1297" HPOS="1121" VPOS="1392">
							<String ID="STRING54" STYLEREFS="STYLE2" HEIGHT="60" WIDTH="76" HPOS="1121" VPOS="1423" CONTENT="ne" SUBS_TYPE="HypPart2" SUBS_CONTENT="Guldsmedene" WC="0.73" LANG="dan"/>
							<SP ID="SP47" WIDTH="42" HPOS="1197" VPOS="1423"/>
							<String ID="STRING55" STYLEREFS="STYLE2" HEIGHT="98" WIDTH="390" HPOS="1239" VPOS="1396" CONTENT="forarbeidet" WC="0.72" LANG="nob"/>
							<SP ID="SP48" WIDTH="42" HPOS="1629" VPOS="1396"/>
							<String ID="STRING56" STYLEREFS="STYLE2" HEIGHT="84" WIDTH="202" HPOS="1671" VPOS="1396" CONTENT="Guld" WC="0.67" LANG="dan"/>
							<SP ID="SP49" WIDTH="56" HPOS="1873" VPOS="1396"/>
							<String ID="STRING57" STYLEREFS="STYLE2" HEIGHT="76" WIDTH="78" HPOS="1929" VPOS="1416" CONTENT="og" WC="0.74" LANG="dan"/>
							<SP ID="SP50" WIDTH="32" HPOS="2007" VPOS="1416"/>
							<String ID="STRING58" STYLEREFS="STYLE2" HEIGHT="99" WIDTH="246" HPOS="2039" VPOS="1392" CONTENT="Sølv," WC="0.82" LANG="dan"/>
							<SP ID="SP51" WIDTH="55" HPOS="2285" VPOS="1392"/>
							<String ID="STRING59" STYLEREFS="STYLE4" HEIGHT="75" WIDTH="78" HPOS="2340" VPOS="1414" CONTENT="og" WC="0.9" LANG="dan"/>
						</TextLine>
						<TextLine ID="LINE9" HEIGHT="110" WIDTH="1696" HPOS="1116" VPOS="1529">
							<String ID="STRING60" STYLEREFS="STYLE2" HEIGHT="98" WIDTH="96" HPOS="1116" VPOS="1541" CONTENT="thi" WC="0.88" LANG="dan"/>
							<SP ID="SP52" WIDTH="42" HPOS="1212" VPOS="1541"/>
							<String ID="STRING61" STYLEREFS="STYLE2" HEIGHT="78" WIDTH="104" HPOS="1254" VPOS="1546" CONTENT="det" WC="0.85" LANG="dan"/>
							<SP ID="SP53" WIDTH="66" HPOS="1358" VPOS="1546"/>
							<String ID="STRING62" STYLEREFS="STYLE2" HEIGHT="96" WIDTH="208" HPOS="1424" VPOS="1537" CONTENT="finder" WC="0.8" LANG="dan"/>
							<SP ID="SP54" WIDTH="70" HPOS="1632" VPOS="1537"/>
							<String ID="STRING63" STYLEREFS="STYLE2" HEIGHT="60" WIDTH="162" HPOS="1702" VPOS="1555" CONTENT="man" WC="1" LANG="dan"/>
							<SP ID="SP55" WIDTH="62" HPOS="1864" VPOS="1555"/>
							<String ID="STRING64" STYLEREFS="STYLE2" HEIGHT="74" WIDTH="136" HPOS="1926" VPOS="1554" CONTENT="paa" WC="0.79" LANG="dan"/>
							<SP ID="SP56" WIDTH="28" HPOS="2062" VPOS="1554"/>
							<String ID="STRING65" STYLEREFS="STYLE5" HEIGHT="75" WIDTH="122" HPOS="2090" VPOS="1538" CONTENT="ale" WC="0.93" LANG="dan"/>
							<SP ID="SP57" WIDTH="42" HPOS="2212" VPOS="1538"/>
							<String ID="STRING66" STYLEREFS="STYLE2" HEIGHT="86" WIDTH="274" HPOS="2254" VPOS="1529" CONTENT="Billard" WC="0.8" LANG="dan"/>
							<SP ID="SP58" WIDTH="44" HPOS="2528" VPOS="1529"/>
							<String ID="STRING67" STYLEREFS="STYLE2" HEIGHT="100" WIDTH="240" HPOS="2572" VPOS="1531" CONTENT="Hune" WC="0.72" LANG="dan"/>
						</TextLine>
						<TextLine ID="LINE10" HEIGHT="110" WIDTH="1671" HPOS="1118" VPOS="1667">
							<String ID="STRING68" STYLEREFS="STYLE2" HEIGHT="98" WIDTH="129" HPOS="1118" VPOS="1679" CONTENT="hos" WC="0.77" LANG="dan"/>
							<SP ID="SP59" WIDTH="31" HPOS="1247" VPOS="1679"/>
							<String ID="STRING69" STYLEREFS="STYLE2" HEIGHT="100" WIDTH="307" HPOS="1278" VPOS="1676" CONTENT="Jøderne" WC="0.85" LANG="dan"/>
							<SP ID="SP60" WIDTH="33" HPOS="1585" VPOS="1676"/>
							<String ID="STRING70" STYLEREFS="STYLE2" HEIGHT="94" WIDTH="137" HPOS="1618" VPOS="1672" CONTENT="som" WC="0.52" LANG="dan"/>
							<SP ID="SP61" WIDTH="29" HPOS="1755" VPOS="1672"/>
							<String ID="STRING71" STYLEREFS="STYLE2" HEIGHT="78" WIDTH="255" HPOS="1784" VPOS="1676" CONTENT="dermed" WC="0.7" LANG="dan"/>
							<SP ID="SP62" WIDTH="20" HPOS="2039" VPOS="1676"/>
							<String ID="STRING72" STYLEREFS="STYLE2" HEIGHT="60" WIDTH="62" HPOS="2059" VPOS="1690" CONTENT="er" WC="0.8" LANG="dan"/>
							<SP ID="SP63" WIDTH="30" HPOS="2121" VPOS="1690"/>
							<String ID="STRING73" STYLEREFS="STYLE2" HEIGHT="78" WIDTH="98" HPOS="2151" VPOS="1675" CONTENT="vel" WC="0.93" LANG="dan"/>
							<SP ID="SP64" WIDTH="29" HPOS="2249" VPOS="1675"/>
							<String ID="STRING74" STYLEREFS="STYLE2" HEIGHT="98" WIDTH="281" HPOS="2278" VPOS="1668" CONTENT="forsynet" WC="0.75" LANG="dan"/>
							<SP ID="SP65" WIDTH="31" HPOS="2559" VPOS="1668"/>
							<String ID="STRING75" STYLEREFS="STYLE2" HEIGHT="80" WIDTH="21" HPOS="2590" VPOS="1669" CONTENT="i" WC="1" LANG="dan"/>
							<SP ID="SP66" WIDTH="25" HPOS="2611" VPOS="1669"/>
							<String ID="STRING76" STYLEREFS="STYLE2" HEIGHT="89" WIDTH="153" HPOS="2636" VPOS="1667" CONTENT="Lom" SUBS_TYPE="HypPart1" SUBS_CONTENT="Lommerne," WC="0.68" LANG="dan"/>
							<HYP CONTENT="-"/>
						</TextLine>
						<TextLine ID="LINE11" HEIGHT="113" WIDTH="1702" HPOS="1117" VPOS="1805">
							<String ID="STRING77" STYLEREFS="STYLE2" HEIGHT="78" WIDTH="261" HPOS="1117" VPOS="1836" CONTENT="merne," SUBS_TYPE="HypPart2" SUBS_CONTENT="Lommerne," WC="0.75" LANG="dan"/>
							<SP ID="SP67" WIDTH="51" HPOS="1378" VPOS="1836"/>
							<String ID="STRING78" STYLEREFS="STYLE2" HEIGHT="98" WIDTH="137" HPOS="1429" VPOS="1811" CONTENT="som" WC="0.62" LANG="dan"/>
							<SP ID="SP68" WIDTH="41" HPOS="1566" VPOS="1811"/>
							<String ID="STRING79" STYLEREFS="STYLE2" HEIGHT="78" WIDTH="75" HPOS="1607" VPOS="1816" CONTENT="de" WC="0.77" LANG="dan"/>
							<SP ID="SP69" WIDTH="29" HPOS="1682" VPOS="1816"/>
							<String ID="STRING80" STYLEREFS="STYLE2" HEIGHT="96" WIDTH="209" HPOS="1711" VPOS="1812" CONTENT="gierne" WC="0.83" LANG="dan"/>
							<SP ID="SP70" WIDTH="47" HPOS="1920" VPOS="1812"/>
							<String ID="STRING81" STYLEREFS="STYLE2" HEIGHT="98" WIDTH="201" HPOS="1967" VPOS="1808" CONTENT="haver" WC="0.78" LANG="dan"/>
							<SP ID="SP71" WIDTH="57" HPOS="2168" VPOS="1808"/>
							<String ID="STRING82" STYLEREFS="STYLE2" HEIGHT="94" WIDTH="103" HPOS="2225" VPOS="1807" CONTENT="for" WC="0.58" LANG="dan"/>
							<SP ID="SP72" WIDTH="33" HPOS="2328" VPOS="1807"/>
							<String ID="STRING83" STYLEREFS="STYLE2" HEIGHT="78" WIDTH="135" HPOS="2361" VPOS="1828" CONTENT="paa" WC="1" LANG="dan"/>
							<SP ID="SP73" WIDTH="38" HPOS="2496" VPOS="1828"/>
							<String ID="STRING84" STYLEREFS="STYLE5" HEIGHT="113" WIDTH="285" HPOS="2534" VPOS="1805" CONTENT="Bryset" WC="0.78" LANG="dan"/>
						</TextLine>
						<TextLine ID="LINE12" HEIGHT="114" WIDTH="1678" HPOS="1112" VPOS="1942">
							<String ID="STRING85" STYLEREFS="STYLE2" HEIGHT="80" WIDTH="26" HPOS="1112" VPOS="1957" CONTENT="i" WC="0.27" LANG="dan"/>
							<SP ID="SP74" WIDTH="38" HPOS="1138" VPOS="1957"/>
							<String ID="STRING86" STYLEREFS="STYLE2" HEIGHT="99" WIDTH="236" HPOS="1176" VPOS="1957" CONTENT="Foeret" WC="0.64" LANG="dan"/>
							<SP ID="SP75" WIDTH="42" HPOS="1412" VPOS="1957"/>
							<String ID="STRING87" STYLEREFS="STYLE2" HEIGHT="98" WIDTH="74" HPOS="1454" VPOS="1947" CONTENT="af" WC="0.73" LANG="dan"/>
							<SP ID="SP76" WIDTH="28" HPOS="1528" VPOS="1947"/>
							<String ID="STRING88" STYLEREFS="STYLE2" HEIGHT="75" WIDTH="184" HPOS="1556" VPOS="1955" CONTENT="deres" WC="0.85" LANG="dan"/>
							<SP ID="SP77" WIDTH="54" HPOS="1740" VPOS="1955"/>
							<String ID="STRING89" STYLEREFS="STYLE2" HEIGHT="97" WIDTH="206" HPOS="1794" VPOS="1947" CONTENT="Kiol," WC="0.77" LANG="dan"/>
							<SP ID="SP78" WIDTH="54" HPOS="2000" VPOS="1947"/>
							<String ID="STRING90" STYLEREFS="STYLE2" HEIGHT="78" WIDTH="108" HPOS="2054" VPOS="1952" CONTENT="der" WC="0.66" LANG="dan"/>
							<SP ID="SP79" WIDTH="46" HPOS="2162" VPOS="1952"/>
							<String ID="STRING91" STYLEREFS="STYLE2" HEIGHT="96" WIDTH="208" HPOS="2208" VPOS="1947" CONTENT="finder" WC="0.78" LANG="dan"/>
							<SP ID="SP80" WIDTH="38" HPOS="2416" VPOS="1947"/>
							<String ID="STRING92" STYLEREFS="STYLE2" HEIGHT="59" WIDTH="160" HPOS="2454" VPOS="1966" CONTENT="man" WC="1" LANG="dan"/>
							<SP ID="SP81" WIDTH="34" HPOS="2614" VPOS="1966"/>
							<String ID="STRING93" STYLEREFS="STYLE2" HEIGHT="77" WIDTH="20" HPOS="2648" VPOS="1947" CONTENT="i" WC="0.52" LANG="dan"/>
							<SP ID="SP82" WIDTH="32" HPOS="2668" VPOS="1947"/>
							<String ID="STRING94" STYLEREFS="STYLE2" HEIGHT="86" WIDTH="90" HPOS="2700" VPOS="1942" CONTENT="Al" SUBS_TYPE="HypPart1" SUBS_CONTENT="Almindelighed," WC="0.67" LANG="dan"/>
							<HYP CONTENT="-"/>
						</TextLine>
						<TextLine ID="LINE13" HEIGHT="108" WIDTH="1668" HPOS="1119" VPOS="2077">
							<String ID="STRING95" STYLEREFS="STYLE2" HEIGHT="96" WIDTH="466" HPOS="1119" VPOS="2089" CONTENT="mindelighed," SUBS_TYPE="HypPart2" SUBS_CONTENT="Almindelighed," WC="0.72" LANG="dan"/>
							<SP ID="SP83" WIDTH="50" HPOS="1585" VPOS="2089"/>
							<String ID="STRING96" STYLEREFS="STYLE2" HEIGHT="99" WIDTH="258" HPOS="1635" VPOS="2084" CONTENT="Ringe," WC="0.66" LANG="dan"/>
							<SP ID="SP84" WIDTH="54" HPOS="1893" VPOS="2084"/>
							<String ID="STRING97" STYLEREFS="STYLE2" HEIGHT="97" WIDTH="416" HPOS="1947" VPOS="2085" CONTENT="Ørenringe," WC="0.81" LANG="dan"/>
							<SP ID="SP85" WIDTH="56" HPOS="2363" VPOS="2085"/>
							<String ID="STRING98" STYLEREFS="STYLE2" HEIGHT="104" WIDTH="368" HPOS="2419" VPOS="2077" CONTENT="Halssmyk" SUBS_TYPE="HypPart1" SUBS_CONTENT="Halssmykker" WC="0.65" LANG="nob"/>
							<HYP CONTENT="-"/>
						</TextLine>
						<TextLine ID="LINE14" HEIGHT="107" WIDTH="1699" HPOS="1117" VPOS="2219">
							<String ID="STRING99" STYLEREFS="STYLE2" HEIGHT="82" WIDTH="105" HPOS="1117" VPOS="2231" CONTENT="ker" SUBS_TYPE="HypPart2" SUBS_CONTENT="Halssmykker" WC="0.68" LANG="nob"/>
							<SP ID="SP86" WIDTH="42" HPOS="1222" VPOS="2231"/>
							<String ID="STRING100" STYLEREFS="STYLE2" HEIGHT="76" WIDTH="80" HPOS="1264" VPOS="2250" CONTENT="og" WC="0.46" LANG="dan"/>
							<SP ID="SP87" WIDTH="53" HPOS="1344" VPOS="2250"/>
							<String ID="STRING101" STYLEREFS="STYLE2" HEIGHT="97" WIDTH="237" HPOS="1397" VPOS="2225" CONTENT="Kors," WC="0.67" LANG="dan"/>
							<SP ID="SP88" WIDTH="101" HPOS="1634" VPOS="2225"/>
							<String ID="STRING102" STYLEREFS="STYLE2" HEIGHT="99" WIDTH="493" HPOS="1735" VPOS="2222" CONTENT="Hovednaale," WC="0.85" LANG="dan"/>
							<SP ID="SP89" WIDTH="63" HPOS="2228" VPOS="2222"/>
							<String ID="STRING103" STYLEREFS="STYLE2" HEIGHT="98" WIDTH="525" HPOS="2291" VPOS="2219" CONTENT="Brøstspender," WC="0.67" LANG="dan"/>
						</TextLine>
						<TextLine ID="LINE15" HEIGHT="107" WIDTH="1697" HPOS="1120" VPOS="2357">
							<String ID="STRING104" STYLEREFS="STYLE6" HEIGHT="97" WIDTH="209" HPOS="1120" VPOS="2367" CONTENT="Skoe" WC="0.82" LANG="dan"/>
							<SP ID="SP90" WIDTH="19" HPOS="1329" VPOS="2367"/>
							<String ID="STRING105" STYLEREFS="STYLE2" HEIGHT="75" WIDTH="79" HPOS="1348" VPOS="2388" CONTENT="og" WC="0.43" LANG="dan"/>
							<SP ID="SP91" WIDTH="17" HPOS="1427" VPOS="2388"/>
							<String ID="STRING106" STYLEREFS="STYLE2" HEIGHT="97" WIDTH="441" HPOS="1444" VPOS="2361" CONTENT="Knæspender" WC="0.82" LANG="dan"/>
							<SP ID="SP92" WIDTH="23" HPOS="1885" VPOS="2361"/>
							<String ID="STRING107" STYLEREFS="STYLE2" HEIGHT="80" WIDTH="147" HPOS="1908" VPOS="2364" CONTENT="med" WC="0.73" LANG="dan"/>
							<SP ID="SP93" WIDTH="23" HPOS="2055" VPOS="2364"/>
							<String ID="STRING108" STYLEREFS="STYLE2" HEIGHT="81" WIDTH="209" HPOS="2078" VPOS="2359" CONTENT="videre" WC="0.75" LANG="dan"/>
							<SP ID="SP94" WIDTH="27" HPOS="2287" VPOS="2359"/>
							<String ID="STRING109" STYLEREFS="STYLE2" HEIGHT="80" WIDTH="95" HPOS="2314" VPOS="2360" CONTENT="alt" WC="1" LANG="dan"/>
							<SP ID="SP95" WIDTH="27" HPOS="2409" VPOS="2360"/>
							<String ID="STRING110" STYLEREFS="STYLE2" HEIGHT="97" WIDTH="381" HPOS="2436" VPOS="2357" CONTENT="behørende," WC="0.8" LANG="dan"/>
						</TextLine>
						<TextLine ID="LINE16" HEIGHT="104" WIDTH="1708" HPOS="1113" VPOS="2494">
							<String ID="STRING111" STYLEREFS="STYLE2" HEIGHT="80" WIDTH="98" HPOS="1113" VPOS="2513" CONTENT="alt" WC="0.75" LANG="dan"/>
							<SP ID="SP96" WIDTH="36" HPOS="1211" VPOS="2513"/>
							<String ID="STRING112" STYLEREFS="STYLE2" HEIGHT="76" WIDTH="168" HPOS="1247" VPOS="2514" CONTENT="dette" WC="0.89" LANG="dan"/>
							<SP ID="SP97" WIDTH="36" HPOS="1415" VPOS="2514"/>
							<String ID="STRING113" STYLEREFS="STYLE2" HEIGHT="60" WIDTH="66" HPOS="1451" VPOS="2523" CONTENT="er" WC="0.86" LANG="dan"/>
							<SP ID="SP98" WIDTH="46" HPOS="1517" VPOS="2523"/>
							<String ID="STRING114" STYLEREFS="STYLE2" HEIGHT="80" WIDTH="206" HPOS="1563" VPOS="2518" CONTENT="meget" WC="0.93" LANG="dan"/>
							<SP ID="SP99" WIDTH="34" HPOS="1769" VPOS="2518"/>
							<String ID="STRING115" STYLEREFS="STYLE2" HEIGHT="80" WIDTH="98" HPOS="1803" VPOS="2501" CONTENT="vel" WC="1" LANG="dan"/>
							<SP ID="SP100" WIDTH="36" HPOS="1901" VPOS="2501"/>
							<String ID="STRING116" STYLEREFS="STYLE2" HEIGHT="97" WIDTH="413" HPOS="1937" VPOS="2497" CONTENT="udarbejdet," WC="0.71" LANG="dan"/>
							<SP ID="SP101" WIDTH="51" HPOS="2350" VPOS="2497"/>
							<String ID="STRING117" STYLEREFS="STYLE2" HEIGHT="100" WIDTH="118" HPOS="2401" VPOS="2494" CONTENT="lige" WC="0.82" LANG="dan"/>
							<SP ID="SP102" WIDTH="26" HPOS="2519" VPOS="2494"/>
							<String ID="STRING118" STYLEREFS="STYLE2" HEIGHT="94" WIDTH="132" HPOS="2545" VPOS="2495" CONTENT="som" WC="0.54" LANG="dan"/>
							<SP ID="SP103" WIDTH="38" HPOS="2677" VPOS="2495"/>
							<String ID="STRING119" STYLEREFS="STYLE2" HEIGHT="78" WIDTH="106" HPOS="2715" VPOS="2500" CONTENT="det" WC="0.76" LANG="dan"/>
						</TextLine>
						<TextLine ID="LINE17" HEIGHT="114" WIDTH="1698" HPOS="1118" VPOS="2630">
							<String ID="STRING120" STYLEREFS="STYLE2" HEIGHT="62" WIDTH="126" HPOS="1118" VPOS="2669" CONTENT="var" WC="0.87" LANG="dan"/>
							<SP ID="SP104" WIDTH="36" HPOS="1244" VPOS="2669"/>
							<String ID="STRING121" STYLEREFS="STYLE2" HEIGHT="104" WIDTH="394" HPOS="1280" VPOS="2640" CONTENT="forfærdiget" WC="0.77" LANG="dan"/>
							<SP ID="SP105" WIDTH="52" HPOS="1674" VPOS="2640"/>
							<String ID="STRING122" STYLEREFS="STYLE2" HEIGHT="98" WIDTH="74" HPOS="1726" VPOS="2637" CONTENT="af" WC="0.67" LANG="dan"/>
							<SP ID="SP106" WIDTH="30" HPOS="1800" VPOS="2637"/>
							<String ID="STRING123" STYLEREFS="STYLE2" HEIGHT="60" WIDTH="76" HPOS="1830" VPOS="2659" CONTENT="en" WC="1" LANG="dan"/>
							<SP ID="SP107" WIDTH="26" HPOS="1906" VPOS="2659"/>
							<String ID="STRING124" STYLEREFS="STYLE2" HEIGHT="99" WIDTH="410" HPOS="1932" VPOS="2633" CONTENT="Ankersmeh." WC="0.78" LANG="dan"/>
							<SP ID="SP108" WIDTH="104" HPOS="2342" VPOS="2633"/>
							<String ID="STRING125" STYLEREFS="STYLE2" HEIGHT="87" WIDTH="264" HPOS="2446" VPOS="2630" CONTENT="Sølvet" WC="0.88" LANG="dan"/>
							<SP ID="SP109" WIDTH="42" HPOS="2710" VPOS="2630"/>
							<String ID="STRING126" STYLEREFS="STYLE2" HEIGHT="62" WIDTH="64" HPOS="2752" VPOS="2650" CONTENT="er" WC="0.62" LANG="dan"/>
						</TextLine>
						<TextLine ID="LINE18" HEIGHT="116" WIDTH="1668" HPOS="1121" VPOS="2769">
							<String ID="STRING127" STYLEREFS="STYLE2" HEIGHT="76" WIDTH="82" HPOS="1121" VPOS="2809" CONTENT="og" WC="0.68" LANG="dan"/>
							<SP ID="SP110" WIDTH="20" HPOS="1203" VPOS="2809"/>
							<String ID="STRING128" STYLEREFS="STYLE2" HEIGHT="100" WIDTH="210" HPOS="1223" VPOS="2784" CONTENT="gierne" WC="0.75" LANG="dan"/>
							<SP ID="SP111" WIDTH="26" HPOS="1433" VPOS="2784"/>
							<String ID="STRING129" STYLEREFS="STYLE2" HEIGHT="84" WIDTH="208" HPOS="1459" VPOS="2794" CONTENT="meget" WC="0.78" LANG="dan"/>
							<SP ID="SP112" WIDTH="18" HPOS="1667" VPOS="2794"/>
							<String ID="STRING130" STYLEREFS="STYLE2" HEIGHT="93" WIDTH="198" HPOS="1685" VPOS="2783" CONTENT="godt," WC="0.78" LANG="dan"/>
							<SP ID="SP113" WIDTH="30" HPOS="1883" VPOS="2783"/>
							<String ID="STRING131" STYLEREFS="STYLE2" HEIGHT="95" WIDTH="92" HPOS="1913" VPOS="2775" CONTENT="thi" WC="0.87" LANG="dan"/>
							<SP ID="SP114" WIDTH="22" HPOS="2005" VPOS="2775"/>
							<String ID="STRING132" STYLEREFS="STYLE2" HEIGHT="78" WIDTH="102" HPOS="2027" VPOS="2780" CONTENT="det" WC="0.77" LANG="dan"/>
							<SP ID="SP115" WIDTH="33" HPOS="2129" VPOS="2780"/>
							<String ID="STRING133" STYLEREFS="STYLE2" HEIGHT="98" WIDTH="213" HPOS="2162" VPOS="2771" CONTENT="holder" WC="0.7" LANG="dan"/>
							<SP ID="SP116" WIDTH="18" HPOS="2375" VPOS="2771"/>
							<String ID="STRING134" STYLEREFS="STYLE2" HEIGHT="96" WIDTH="216" HPOS="2393" VPOS="2772" CONTENT="gierne" WC="0.87" LANG="dan"/>
							<SP ID="SP117" WIDTH="15" HPOS="2609" VPOS="2772"/>
							<String ID="STRING135" STYLEREFS="STYLE2" HEIGHT="99" WIDTH="165" HPOS="2624" VPOS="2769" CONTENT="Prø" SUBS_TYPE="HypPart1" SUBS_CONTENT="Prøve" WC="0.79" LANG="dan"/>
							<HYP CONTENT="-"/>
						</TextLine>
						<TextLine ID="LINE19" HEIGHT="119" WIDTH="1703" HPOS="1113" VPOS="2907">
							<String ID="STRING136" STYLEREFS="STYLE2" HEIGHT="64" WIDTH="81" HPOS="1113" VPOS="2945" CONTENT="ve" SUBS_TYPE="HypPart2" SUBS_CONTENT="Prøve" WC="0.71" LANG="dan"/>
							<SP ID="SP118" WIDTH="37" HPOS="1194" VPOS="2945"/>
							<String ID="STRING137" STYLEREFS="STYLE2" HEIGHT="78" WIDTH="147" HPOS="1231" VPOS="2928" CONTENT="med" WC="0.85" LANG="dan"/>
							<SP ID="SP119" WIDTH="17" HPOS="1378" VPOS="2928"/>
							<String ID="STRING138" STYLEREFS="STYLE7" HEIGHT="98" WIDTH="167" HPOS="1395" VPOS="2928" CONTENT="vore" WC="0.84" LANG="dan"/>
							<SP ID="SP120" WIDTH="323" HPOS="1562" VPOS="2928"/>
							<String ID="STRING139" STYLEREFS="STYLE2" HEIGHT="99" WIDTH="399" HPOS="1885" VPOS="2911" CONTENT="Rigsorter," WC="0.72" LANG="dan"/>
							<SP ID="SP121" WIDTH="53" HPOS="2284" VPOS="2911"/>
							<String ID="STRING140" STYLEREFS="STYLE2" HEIGHT="76" WIDTH="145" HPOS="2337" VPOS="2916" CONTENT="eller" WC="0.97" LANG="dan"/>
							<SP ID="SP122" WIDTH="25" HPOS="2482" VPOS="2916"/>
							<String ID="STRING141" STYLEREFS="STYLE2" HEIGHT="100" WIDTH="139" HPOS="2507" VPOS="2907" CONTENT="hoit" WC="0.49" LANG="dan"/>
							<SP ID="SP123" WIDTH="22" HPOS="2646" VPOS="2907"/>
							<String ID="STRING142" STYLEREFS="STYLE7" HEIGHT="82" WIDTH="148" HPOS="2668" VPOS="2909" CONTENT="med" WC="0.89" LANG="dan"/>
						</TextLine>
						<TextLine ID="LINE20" HEIGHT="114" WIDTH="1702" HPOS="1116" VPOS="3044">
							<String ID="STRING143" STYLEREFS="STYLE2" HEIGHT="76" WIDTH="78" HPOS="1116" VPOS="3071" CONTENT="de" WC="0.63" LANG="dan"/>
							<SP ID="SP124" WIDTH="40" HPOS="1194" VPOS="3071"/>
							<String ID="STRING144" STYLEREFS="STYLE2" HEIGHT="78" WIDTH="196" HPOS="1234" VPOS="3080" CONTENT="grove" WC="0.78" LANG="dan"/>
							<SP ID="SP125" WIDTH="32" HPOS="1430" VPOS="3080"/>
							<String ID="STRING145" STYLEREFS="STYLE2" HEIGHT="98" WIDTH="286" HPOS="1462" VPOS="3056" CONTENT="Danffe" WC="0.62" LANG="dan"/>
							<SP ID="SP126" WIDTH="32" HPOS="1748" VPOS="3056"/>
							<String ID="STRING146" STYLEREFS="STYLE2" HEIGHT="97" WIDTH="301" HPOS="1780" VPOS="3051" CONTENT="Kroner," WC="0.81" LANG="dan"/>
							<SP ID="SP127" WIDTH="57" HPOS="2081" VPOS="3051"/>
							<String ID="STRING147" STYLEREFS="STYLE2" HEIGHT="78" WIDTH="102" HPOS="2138" VPOS="3055" CONTENT="det" WC="0.86" LANG="dan"/>
							<SP ID="SP128" WIDTH="32" HPOS="2240" VPOS="3055"/>
							<String ID="STRING148" STYLEREFS="STYLE2" HEIGHT="62" WIDTH="64" HPOS="2272" VPOS="3067" CONTENT="er" WC="0.64" LANG="dan"/>
							<SP ID="SP129" WIDTH="38" HPOS="2336" VPOS="3067"/>
							<String ID="STRING149" STYLEREFS="STYLE2" HEIGHT="97" WIDTH="204" HPOS="2374" VPOS="3044" CONTENT="altsaa" WC="1" LANG="dan"/>
							<SP ID="SP130" WIDTH="30" HPOS="2578" VPOS="3044"/>
							<String ID="STRING150" STYLEREFS="STYLE2" HEIGHT="82" WIDTH="210" HPOS="2608" VPOS="3062" CONTENT="meget" WC="0.89" LANG="dan"/>
						</TextLine>
						<TextLine ID="LINE21" HEIGHT="117" WIDTH="1704" HPOS="1115" VPOS="3184">
							<String ID="STRING151" STYLEREFS="STYLE2" HEIGHT="92" WIDTH="160" HPOS="1115" VPOS="3209" CONTENT="godt" WC="0.69" LANG="dan"/>
							<SP ID="SP131" WIDTH="14" HPOS="1275" VPOS="3209"/>
							<String ID="STRING152" STYLEREFS="STYLE2" HEIGHT="65" WIDTH="172" HPOS="1289" VPOS="3219" CONTENT="naar" WC="0.82" LANG="dan"/>
							<SP ID="SP132" WIDTH="16" HPOS="1461" VPOS="3219"/>
							<String ID="STRING153" STYLEREFS="STYLE2" HEIGHT="80" WIDTH="106" HPOS="1477" VPOS="3203" CONTENT="det" WC="0.76" LANG="dan"/>
							<SP ID="SP133" WIDTH="36" HPOS="1583" VPOS="3203"/>
							<String ID="STRING154" STYLEREFS="STYLE2" HEIGHT="94" WIDTH="216" HPOS="1619" VPOS="3196" CONTENT="holder" WC="0.67" LANG="dan"/>
							<SP ID="SP134" WIDTH="26" HPOS="1835" VPOS="3196"/>
							<String ID="STRING155" STYLEREFS="STYLE2" HEIGHT="68" WIDTH="44" HPOS="1861" VPOS="3215" CONTENT="9" WC="1" LANG="dan"/>
							<SP ID="SP135" WIDTH="24" HPOS="1905" VPOS="3215"/>
							<String ID="STRING156" STYLEREFS="STYLE2" HEIGHT="50" WIDTH="148" HPOS="1929" VPOS="3214" CONTENT="»iv" WC="0.49" LANG="dan"/>
							<SP ID="SP136" WIDTH="36" HPOS="2077" VPOS="3214"/>
							<String ID="STRING157" STYLEREFS="STYLE2" HEIGHT="100" WIDTH="216" HPOS="2113" VPOS="3187" CONTENT="Lødig." WC="0.62" LANG="dan"/>
							<SP ID="SP137" WIDTH="52" HPOS="2329" VPOS="3187"/>
							<String ID="STRING158" STYLEREFS="STYLE2" HEIGHT="84" WIDTH="210" HPOS="2381" VPOS="3184" CONTENT="Naar" WC="0.66" LANG="dan"/>
							<SP ID="SP138" WIDTH="22" HPOS="2591" VPOS="3184"/>
							<String ID="STRING159" STYLEREFS="STYLE2" HEIGHT="58" WIDTH="94" HPOS="2613" VPOS="3207" CONTENT="nu" WC="0.93" LANG="dan"/>
							<SP ID="SP139" WIDTH="36" HPOS="2707" VPOS="3207"/>
							<String ID="STRING160" STYLEREFS="STYLE2" HEIGHT="60" WIDTH="76" HPOS="2743" VPOS="3206" CONTENT="en" WC="1" LANG="dan"/>
						</TextLine>
						<TextLine ID="LINE22" HEIGHT="116" WIDTH="1704" HPOS="1112" VPOS="3323">
							<String ID="STRING161" STYLEREFS="STYLE2" HEIGHT="96" WIDTH="198" HPOS="1112" VPOS="3343" CONTENT="Jøde" WC="0.9" LANG="dan"/>
							<SP ID="SP140" WIDTH="22" HPOS="1310" VPOS="3343"/>
							<String ID="STRING162" STYLEREFS="STYLE2" HEIGHT="95" WIDTH="210" HPOS="1332" VPOS="3340" CONTENT="sælger" WC="0.74" LANG="dan"/>
							<SP ID="SP141" WIDTH="36" HPOS="1542" VPOS="3340"/>
							<String ID="STRING163" STYLEREFS="STYLE2" HEIGHT="97" WIDTH="274" HPOS="1578" VPOS="3333" CONTENT="saadant" WC="0.91" LANG="dan"/>
							<SP ID="SP142" WIDTH="24" HPOS="1852" VPOS="3333"/>
							<String ID="STRING164" STYLEREFS="STYLE2" HEIGHT="48" WIDTH="28" HPOS="1876" VPOS="3355" CONTENT="1" WC="0.18" LANG="dan"/>
							<SP ID="SP143" WIDTH="28" HPOS="1904" VPOS="3355"/>
							<String ID="STRING165" STYLEREFS="STYLE2" HEIGHT="83" WIDTH="356" HPOS="1932" VPOS="3329" CONTENT="Garnetur" WC="0.86" LANG="dan"/>
							<SP ID="SP144" WIDTH="20" HPOS="2288" VPOS="3329"/>
							<String ID="STRING166" STYLEREFS="STYLE2" HEIGHT="99" WIDTH="370" HPOS="2308" VPOS="3323" CONTENT="Spender," WC="0.72" LANG="dan"/>
							<SP ID="SP145" WIDTH="56" HPOS="2678" VPOS="3323"/>
							<String ID="STRING167" STYLEREFS="STYLE2" HEIGHT="78" WIDTH="82" HPOS="2734" VPOS="3342" CONTENT="og" WC="0.28" LANG="dan"/>
						</TextLine>
						<TextLine ID="LINE23" HEIGHT="121" WIDTH="1709" HPOS="1110" VPOS="3456">
							<String ID="STRING168" STYLEREFS="STYLE2" HEIGHT="102" WIDTH="189" HPOS="1110" VPOS="3475" CONTENT="faaer" WC="0.89" LANG="dan"/>
							<SP ID="SP146" WIDTH="39" HPOS="1299" VPOS="3475"/>
							<String ID="STRING169" STYLEREFS="STYLE2" HEIGHT="80" WIDTH="211" HPOS="1338" VPOS="3481" CONTENT="under" WC="0.69" LANG="dan"/>
							<SP ID="SP147" WIDTH="41" HPOS="1549" VPOS="3481"/>
							<String ID="STRING170" STYLEREFS="STYLE4" HEIGHT="96" WIDTH="229" HPOS="1590" VPOS="3467" CONTENT="Tidens" WC="0.8" LANG="dan"/>
							<SP ID="SP148" WIDTH="35" HPOS="1819" VPOS="3467"/>
							<String ID="STRING171" STYLEREFS="STYLE2" HEIGHT="103" WIDTH="227" HPOS="1854" VPOS="3464" CONTENT="ligesaa" WC="0.81" LANG="dan"/>
							<SP ID="SP149" WIDTH="45" HPOS="2081" VPOS="3464"/>
							<String ID="STRING172" STYLEREFS="STYLE2" HEIGHT="78" WIDTH="205" HPOS="2126" VPOS="3483" CONTENT="meget" WC="0.82" LANG="dan"/>
							<SP ID="SP150" WIDTH="47" HPOS="2331" VPOS="3483"/>
							<String ID="STRING173" STYLEREFS="STYLE2" HEIGHT="101" WIDTH="251" HPOS="2378" VPOS="3458" CONTENT="derfor," WC="0.61" LANG="dan"/>
							<SP ID="SP151" WIDTH="53" HPOS="2629" VPOS="3458"/>
							<String ID="STRING174" STYLEREFS="STYLE2" HEIGHT="96" WIDTH="137" HPOS="2682" VPOS="3456" CONTENT="som" WC="0.55" LANG="dan"/>
						</TextLine>
					</TextBlock>
					<TextBlock xs:type="TextBlockType" ID="ZONE1100586" HEIGHT="61" WIDTH="80" HPOS="2641" VPOS="3618" xlink:type="simple">
						<TextLine ID="LINE24" HEIGHT="59" WIDTH="80" HPOS="2641" VPOS="3619">
							<String ID="STRING175" STYLEREFS="STYLE2" HEIGHT="59" WIDTH="80" HPOS="2641" VPOS="3619" CONTENT="en" WC="1" LANG="dan"/>
						</TextLine>
					</TextBlock>
				</ComposedBlock>
			</PrintSpace>
		</Page>
	</Layout>
</alto>
