2911 4545
205 567 230 82 teten;
495 556 373 97 det-varet
627 564 132 62 vat
809 562 60 62 et
923 546 298 90 stemplet
1269 539 450 100 Post-Hotn
1753 556 138 68 nød-

199 657 284 88 vendigt
535 666 74 62 at
657 650 182 88 blæse
879 650 20 72 i
933 666 144 70 paa
1121 642 402 91 Marschen,
1589 645 168 92 ifald
1793 658 128 68 den

201 752 428 99 svindsottige
647 750 226 94 Lunge
905 752 221 79 taaler
1159 765 74 58 at
1265 747 196 94 giore
1479 765 178 62 mere
1675 745 244 86 Vind.

1048 976 64 68 5-
1148 999 4 4 ^

418 1093 100 83 At
564 1092 364 98 forbigaae
978 1098 224 78 videre
1248 1091 326 100 Fortale,
1638 1103 94 72 da
1766 1096 154 80 ville

200 1197 74 80 vi
312 1193 338 98 henvende
686 1208 84 68 vs
804 1200 78 76 til
914 1208 124 66 den
1068 1194 434 93 Guldsmed,
1554 1197 138 90 som
1742 1200 148 75 tviv-

200 1303 98 84 ler
328 1319 140 74 paa
506 1314 72 62 at
608 1296 180 96 finde
816 1322 46 50 2
914 1300 222 90 ærlige
1170 1293 192 86 Øine
1398 1297 18 72 i
1454 1295 192 94 hvert
1684 1295 232 93 Laug;

196 1417 172 64 man
400 1407 316 71 dommer
746 1400 222 90 gierne
998 1396 158 94 efter
1192 1397 90 90 sig
1318 1395 162 92 selv,
1540 1397 20 76 i
1594 1407 108 66 det
1736 1398 146 76 min-

194 1499 88 90 ste
316 1515 180 64 troer
524 1500 102 92 jeg
660 1502 56 74 ei
734 1496 250 96 Argus
1014 1504 236 72 laaner
1286 1511 202 76 noget
1505 1491 249 91 Øie-af
1678 1495 78 90 af
1782 1506 130 68 den

196 1599 229 80 blinde
442 1599 395 93 Theresias.
871 1628 130 18 —-
1034 1594 123 81 Vi
1193 1613 100 60 ere
1331 1597 190 92 enige
1554 1605 149 68 med
1740 1595 171 90 ham

197 1719 114 58 om
337 1693 1234 99 Guldsmed-LaugetsVandssiebne
1601 1713 84 76 og
1715 1694 194 92 ønjke

193 1797 378 96 afHiertet
593 1804 148 72 dets
765 1796 210 98 Flor;
1017 1815 152 55 men
1209 1795 76 78 vi
1319 1811 142 64 troe
1497 1797 410 92 ingenlunde

191 1915 78 62 at
303 1909 208 67 denne
525 1896 262 80 Mand
821 1916 66 60 er
929 1906 126 78 den
1073 1893 528 106 Projektmager
1637 1897 138 94 som
1807 1900 98 80 vil

189 1997 234 96 bringe
455 2009 108 69 det
613 1994 80 88 til
743 2006 128 72 den
903 1994 270 100 Hoitzr.

1007 2228 77 76 6.

388 2369 128 85 Vi
554 2368 360 96 forbigaae
944 2374 116 76 det
1082 2367 276 96 øvrige,
1412 2383 156 62 men
1618 2367 152 78 ville
1802 2370 70 76 al-

178 2473 150 78 lene
370 2471 234 93 spørge
632 2520 20 40 ,
710 2472 182 90 hvad
940 2470 138 90 som
1134 2467 296 96 bevæger
1486 2467 162 94 ham
1696 2471 76 76 til
1820 2480 78 68 at

176 2569 316 92 udffielde
536 2566 320 98 Jøderne
912 2566 116 96 for
1080 2569 260 80 Ukrud.
1498 2565 140 86 Ere
1692 2577 76 70 de
1836 2586 56 60 et

176 2669 346 96 Kongens
602 2672 474 78 Underdanere
1156 2687 82 74 og
1318 2685 158 64 vore
1560 2665 306 82 Medbor-

180 2791 176 76 gere,
390 2775 72 84 (*
496 2770 128 80 bor
656 2776 92 72 da
778 2776 124 72 den
936 2790 110 56 ene
1088 2769 80 92 af
1194 2767 266 94 Rigets
1486 2765 220 88 Børn
1756 2771 106 89 for-

180 2891 249 58 nærme
482 2878 125 70 den
654 2876 267 86 anden,
972 2888 87 74 og
1112 2890 161 55 mon
1320 2873 59 72 ei
1428 2867 299 96 Bedrag
1762 2869 127 89 har

179 2969 226 96 Sted,
455 2973 120 93 saa
607 2976 104 76 vel
745 2970 200 86 blant
961 2966 316 100 Christne
1315 2969 140 96 som
1473 2965 308 100 Joder?

945 3148 98 88 B
1105 3174 32 73 ;
1807 3170 74 72 7.

257 3451 72 82 *)
371 3453 142 76 Ikke
573 3458 148 58 uden
785 3462 62 56 ot
907 3456 60 60 de
1027 3456 148 80 viser
1233 3453 352 84 Redelighed
1705 3451 154 68 Giet-

349 3563 221 79 ningen
621 3566 131 60 mod
795 3568 93 58 os.
