2840 4512
1699 281 44 64 7

159 458 245 84 Gaard
432 459 118 78 ved
585 451 265 86 Renker
881 452 101 98 for
1012 475 196 72 7000
1245 447 239 95 Rdlr.,
1537 442 133 93 som
1701 437 119 86 Eie-

158 618 110 60 ren
298 594 206 84 Aaret
530 589 268 101 forhen,
870 592 208 96 havde
1122 602 200 69 været
1372 584 282 84 tilbuden
1692 605 82 50 n
1806 605 42 46 a

158 760 239 70 13000
424 731 203 86 Rdlr.
654 731 139 95 for,
856 732 97 80 alt
998 735 169 78 dette
1212 725 209 82 kunde
1450 730 75 76 de
1576 715 279 98 fuldføre

153 880 176 76 uden
371 887 72 66 at
507 871 252 86 Retten
809 876 142 76 eller
1011 867 334 84 Auctivns
1397 860 452 88 Directeuren

151 1014 215 82 kunde
395 1011 141 82 vide
563 1015 123 78 det.
787 1008 237 102 Hvem
1065 1007 87 82 vil
1183 1011 77 76 de
1305 1024 93 60 nu
1435 1002 241 94 tilftaae
1721 993 133 100 mig

154 1152 250 96 mistede
436 1147 146 100 diste
616 1155 194 73 6000
839 1116 217 139 Miss-«
1142 1143 354 88 Saaledes
1524 1135 212 85 kiober
1752 1139 72 76 de-

154 1300 109 68 res
308 1286 275 99 Collega
624 1287 325 99 Gaarde,
1026 1305 147 58 men
1220 1278 127 84 ikke
1390 1284 76 78 de
1506 1273 343 100 Christne,

127 1422 236 98 -derfor
397 1425 122 98 har
539 1425 300 100 Jøderne
871 1432 74 76 de
979 1421 334 96 Christnes
1349 1416 254 102 Penge.
1701 1417 152 70 rev.

149 1564 226 86 Dette
403 1585 62 60 er
511 1564 274 96 vitterlig
831 1560 122 84 nok
1001 1559 100 96 for
1135 1565 122 78 den
1295 1554 128 100 hele
1459 1552 252 99 Stad,
1765 1571 84 80 og

150 1700 212 100 derfor
396 1703 122 84 ikke
552 1705 124 80 kan
706 1702 340 100 benægtes.

340 1924 103 87 Er
480 1931 105 78 det
622 1929 87 78 da
740 1922 199 96 billigt
966 1933 73 68 at
1072 1919 311 100 Jøderne
1418 1918 127 96 stal
1586 1915 261 84 tillades

145 2076 72 68 at
257 2062 178 84 kiøbe
465 2059 238 102 Huuse
747 2080 80 74 og
881 2058 286 84 Gaarde
1205 2059 158 94 her?
1415 2054 176 101 Nei,
1657 2077 80 76 og
1773 2059 80 78 de

147 2176 295 124 Chrisne
473 2217 75 60 at
581 2199 119 78 boe
735 2196 71 80 til
865 2196 105 80 leie
1033 2197 127 94 hos
1209 2203 179 87 eder,
1439 2194 137 92 som
1621 2209 197 66 trakte-

148 2356 102 60 rer
290 2344 144 76 dem
474 2351 204 82 'neget
712 2334 368 99 ugudeligt,
1136 2332 324 94 malicieux
1506 2354 78 77 og
1620 2353 226 74 paaen

146 2478 268 92 lumpen
444 2473 282 82 Maade.
848 2472 149 83 Gid
1058 2477 168 76 dette
1272 2486 250 64 maatte
1566 2469 281 102 ophøre,

141 2606 156 94 Oer
315 2616 182 77 eders
537 2631 148 76 egen
709 2608 360 100 Begiering
1099 2609 22 80 i
1141 2615 180 76 eders
1343 2608 194 82 ublue
1553 2606 253 110 Skænk-

142 2736 694 127 egTraadse-Skrift.
251 2744 586 98 Traadse-Skrift.
893 2756 146 77 dev.
1067 2745 122 100 Og
1225 2747 162 81 blive
1431 2744 226 102 befaler
1695 2749 148 82 eder

138 2880 167 108 srax
334 2901 72 65 at
438 2879 270 104 afhende
740 2888 146 82 dem

334 3080 135 87 De
502 3081 247 82 kiender
778 3084 101 80 vel
908 3100 83 79 vg
1040 3087 123 80 den
1202 3083 227 100 Jøde,
1480 3082 135 96 som
1640 3085 101 98 gik
1762 3109 83 60 en

141 3220 108 84 vis
297 3218 348 97 Ministers
701 3218 370 96 Guldsmed
1103 3223 22 80 i
1159 3221 332 102 Forkiøb,
1547 3230 84 75 da
1661 3223 178 102 han,

141 3358 233 98 nemlig
423 3355 238 100 Jøden
705 3356 94 98 fik
833 3358 242 100 Lugten
1127 3357 123 104 af,
1335 3378 74 66 at
1455 3362 386 97 Ministeren

872 3494 187 103 Axe
1010 3527 50 70 4
1600 3509 144 84 ville
