2912 4546
209 537 200 86 Skoe
441 543 140 76 eller
619 535 344 98 Støvler,
1019 541 164 78 dette
1211 533 130 96 sees
1385 531 76 100 af
1481 539 180 78 deres
1693 531 180 104 Han-

203 681 138 92 del,
397 681 136 74 min
557 675 258 98 Herre,
897 695 168 60 naar
1111 679 72 74 de
1225 695 132 74 paa
1407 673 276 84 Slottet
1729 675 176 80 løber

203 813 184 86 Dør
419 811 104 96 fra
563 811 218 98 Dør,
835 809 100 98 for
983 827 70 64 at
1107 813 162 96 rigge
1315 809 474 88 Dammernes
1821 831 84 78 og

201 951 482 82 Cavalerernes
713 955 210 92 gamle
961 949 202 84 Skoe
1179 969 86 76 ag
1304 946 343 100 Handsker
1745 953 156 78 veed

201 1093 78 76 de
309 1105 72 62 ar
422 1088 201 80 leie-de
553 1095 72 74 de
649 1087 244 92 samme
925 1095 90 74 ud
1047 1087 70 80 til
1147 1087 474 96 Masseraden,
1651 1105 62 62 er
1733 1093 170 78 dette

201 1225 126 80 ikke
369 1247 76 74 og
479 1235 78 70 at
591 1225 224 78 trække
843 1223 368 98 Publicum
1249 1245 124 74 op,
1429 1243 168 60 naar
1625 1229 72 74 de
1727 1227 174 94 siden

195 1363 292 78 ruinerer
515 1367 146 72 dem
689 1367 144 74 med
877 1361 284 94 Arrester
1219 1381 74 56 rc.
1327 1357 100 94 for
1467 1359 208 96 Leien,
1755 1359 140 90 fom

197 1505 78 74 de
325 1495 124 98 ofte
515 1499 118 92 har
667 1513 176 80 taget
905 1493 190 94 forud
1161 1495 18 78 i
1235 1491 334 100 Dufeur,
1643 1491 250 94 saasom

195 1643 126 74 den
377 1643 354 72 —F.—
783 1637 118 78 ved
931 1639 142 68 NB.
1105 1651 78 74 og
1203 1635 198 78 denne
1421 1633 122 80 ved
1577 1635 74 80 ?.
1673 1651 80 76 og
1773 1635 122 78 den

195 1779 120 74 ved
351 1781 72 70 k.

383 1987 96 86 D
491 2005 162 64 otter
673 1989 336 72 Lutherus
1033 1989 154 92 siger
1203 2011 16 52 :
1249 2005 76 60 en
1345 1985 292 96 Christen
1651 1983 242 100 Konge

185 2127 128 80 kan
329 2131 142 76 med
489 2147 76 60 en
581 2133 124 90 god
731 2121 520 98 Samvittighed
1265 2121 126 80 ikke
1407 2121 456 100 rollorcreJø-

187 2269 110 78 der
325 2265 20 78 i
381 2267 126 92 sine
537 2263 256 82 Lande:

383 2457 138 94 Thi
553 2459 234 94 enhver
821 2453 194 100 Jøde
1049 2473 66 60 er
1137 2459 76 78 de
1255 2453 338 96 Christnes
1639 2451 256 102 afsagde

181 2591 278 102 Fiende,
519 2593 108 94 saa
655 2597 100 76 vel
787 2593 332 96 hemmelig
1149 2591 132 94 som
1311 2591 374 96 aabenbar,
1729 2593 134 96 hvil-

177 2733 100 78 ker
325 2731 212 94 daglig
579 2727 408 96 Erfarenhed
1055 2727 270 98 beviser,
1407 2729 70 92 ja
1531 2735 74 76 de
1669 2729 212 92 anseer

175 2867 340 98 Christne,
569 2865 284 96 saaledes
881 2865 132 94 som
1029 2871 74 78 de
1121 2865 288 82 derimod
1431 2869 140 76 dem
1589 2865 122 82 ikke
1727 2885 156 62 vare

173 3005 364 96 værdigeat
563 3011 130 74 leve
711 3025 134 76 paa
875 3003 284 96 Jorden.
1217 3003 332 82 Udvortes
1585 3003 292 96 benytter

165 3145 88 76 de
283 3145 90 92 sig
403 3139 76 96 af
501 3149 120 74 alle
643 3145 178 94 flags
865 3143 162 94 polie
1067 3139 416 96 Konstgreb,
1553 3137 110 96 saa
1695 3161 70 62 at
1805 3147 76 78 de

171 3281 172 94 fleste
361 3279 404 98 Konstnere,
819 3275 544 104 Haandværker,
1389 3256 318 123 Kind-og
1629 3299 78 76 og
1725 3277 148 84 Be-
