2941 4593
1117 393 84 64 ZS

1036 581 66 62 er
1136 560 128 82 ikke
1314 563 202 76 allene
1558 558 124 80 den
1714 552 362 98 indlandsse
2110 552 266 99 Handel
2414 576 146 63 men
2592 553 130 102 for#

1039 698 344 95 nemmelig
1417 699 120 78 den
1565 691 458 99 udenlandsse,
2075 688 133 96 som
2237 713 62 60 er
2333 694 22 78 i
2383 692 340 98 Jodernes

1039 840 297 94 Gevalt,
1391 833 93 98 thi
1513 837 75 78 de
1625 826 289 102 opfylder
1947 826 291 88 Staden
2275 829 277 95 saaledes
2585 849 137 75 med

1040 971 422 96 üdenlandsse
1500 967 292 98 Wahre,
1846 967 110 98 saa
2010 986 152 62 vore
2212 989 148 76 egne
2408 972 106 96 siet
2574 973 154 80 intet

1039 1113 130 82 fan
1215 1106 252 102 afjette,
1517 1109 72 94 ja
1627 1114 92 74 alt
1741 1114 102 79 det
1891 1113 110 78 der
2041 1106 282 99 behøves
2359 1108 70 82 ril
2453 1125 72 65 at
2559 1103 146 100 four-

1040 1244 802 101 uerevoreChinafares,
1893 1243 343 101 Ostfarer,
2287 1244 445 100 Westfarerrc.

1042 1395 71 82 til
1150 1388 297 98 Udførsel
1478 1383 341 101 forssrives
1840 1389 95 78 alt
1964 1380 313 104 afJoder
2320 1404 79 78 og
2440 1391 293 92 oplegges

1039 1533 70 82 til
1145 1526 328 100 Udførsel,
1531 1525 164 95 hvor
1731 1531 122 76 ved
1891 1547 80 77 og
2003 1522 112 96 saa
2151 1525 280 106 begaaes
2467 1528 74 77 de
2577 1527 128 94 stør-

1030 1673 86 98 ste
1146 1666 342 98 Toldsvige
1508 1685 78 75 og
1604 1662 702 82 LootrabirnjZircner.
2360 1658 114 100 Ja
2498 1666 92 77 da
2630 1663 104 90 her

1036 1811 23 80 i
1082 1807 215 97 Byen
1327 1805 306 98 opholder
1664 1804 89 96 sig
1797 1825 138 70 140
1950 1797 267 101 Jødisse
2236 1796 341 101 Familier,
2610 1797 127 81 kan

1033 1955 167 80 dette
1235 1939 377 101 sandfærdig
1667 1939 237 94 bevises
1947 1954 71 66 at
2047 1938 291 99 Kongen
2361 1937 207 96 natlig
2609 1935 127 80 ikke

1038 2085 188 100 faaer
1276 2082 112 94 saa
1440 2094 204 80 meget
1668 2080 22 76 i
1716 2076 174 89 Told
1930 2072 74 98 af
2042 2082 122 74 alle
2212 2073 144 99 disse
2382 2074 348 100 Familier,

1037 2225 140 96 som
1211 2228 108 80 der
1355 2218 176 83 kand
1565 2216 220 80 beløbe
1815 2215 90 94 sig
1931 2212 102 98 til,
2087 2220 104 76 det
2219 2233 76 60 en
2327 2214 192 96 eneste
2547 2209 190 100 Jøde

1039 2383 113 61 om
1173 2359 209 87 Aaret
1397 2355 271 100 handler
1701 2355 195 92 med,
1947 2346 101 98 for
2067 2348 243 97 Resten
2339 2348 291 98 bestiæler
2663 2355 75 75 de

1042 2501 296 97 Kongen
1386 2497 122 78 ved
1534 2487 605 103 Jndpractisering,
2208 2507 146 60 men
2392 2492 212 77 endnu
2634 2489 102 78 det

1039 2641 266 93 værste,
1357 2649 78 66 at
1461 2627 308 102 Jøderne
1795 2633 232 77 derved
2061 2626 254 95 betager
2349 2632 74 76 de
2443 2608 289 111 Chrisne

1034 2772 466 98 Undersaatter
1566 2773 184 81 deres
1818 2764 356 97 Levebrød,
2278 2783 82 75 og
2411 2758 323 99 Nærings

1032 2915 207 88 Mie.

1237 3110 77 78 d.
1359 3108 311 101 Jøderne
1699 3126 63 61 er
1795 3105 291 95 skadelige
2117 3104 109 93 her
2273 3099 21 82 i
2327 3096 245 88 Landet
2603 3095 103 100 for-

1042 3252 261 96 medelst
1334 3243 604 101 Corespondenfen:
1988 3238 134 102 Thi
2170 3247 84 78 da
2298 3247 122 77 den
2468 3236 268 99 Jødisse

1039 3387 276 90 Nation
1349 3407 152 66 over
1531 3387 126 102 hele
1685 3384 280 87 Werden
1991 3402 64 64 er
2085 3378 346 104 forstrødt,
2483 3374 108 95 saa
2617 3377 118 79 ud-

2498 3513 142 98 giør
