2859 4510
1021 669 90 56 feet
1143 679 60 64 ey
1231 675 104 52 var
1367 663 228 74 saadant
1625 657 404 74 Guld-Sand,
2057 659 112 76 som
2207 659 106 74 det,
2343 657 164 78 Kong
2536 657 142 62 chri-

1017 751 151 72 Men
1191 765 108 62 IV.
1347 767 70 74 fik
1443 767 88 74 fra
1567 765 348 74 Grönland,
1953 779 64 62 og
2059 769 68 58 da
2167 769 84 60 det
2285 785 58 60 ey
2375 771 166 64 kunde
2569 771 118 76 smel-

1019 877 128 64 tes,
1197 869 116 62 blev
1349 873 86 56 det
1465 871 160 74 kastet
1661 873 24 58 i
1721 867 180 68 Søen
1937 871 96 60 ved
2095 867 238 68 Sundet
2373 871 110 64 Ao.
2515 873 188 74 i6z6.

1021 973 158 66 Men
1219 981 60 64 de
1321 977 286 68 bevidnede
1639 979 102 60 alle
1773 975 384 78 Sandhedens
2195 975 388 80 Oprigtighed;
2641 997 68 62 og

1020 1079 72 83 en
1123 1079 222 76 Mand,
1381 1083 66 64 til
1479 1097 60 48 at
1573 1085 316 76 overbevise,
1919 1085 152 72 viiste
2103 1085 112 72 mig
2251 1099 64 46 en
2347 1081 138 66 liden
2505 1085 200 78 Flaske,

1021 1187 118 72 som
1191 1201 64 46 en
1291 1183 570 82 Apotheker-Flaske,
1909 1191 118 58 med
2059 1185 364 66 Guld-Korn
2469 1191 124 70 udi,
2643 1187 66 78 af

1021 1285 298 78 Størrelse
1357 1289 110 76 som
1501 1289 218 66 Vikker.
1855 1289 108 64 Da
2007 1291 82 72 jeg
2123 1293 136 56 dette
2301 1287 166 76 havde
2509 1293 96 74 feet
2633 1307 66 62 og

1021 1403 198 62 prøvet
1259 1397 146 60 imod
1455 1401 164 60 andet
1645 1395 202 74 Guld,
1897 1395 182 62 tankte
2115 1397 82 72 jeg
2236 1376 173 97 srax-i
2473 1409 58 52 at
2563 1399 134 74 siden

1021 1491 284 84 Sandhed
1359 1503 106 62 ikke
1507 1507 90 56 der
1645 1511 212 54 matte
1897 1501 140 64 blive
2075 1499 168 76 hørt,
2299 1515 62 58 og
2413 1505 82 60 det
2533 1503 164 64 kunde

1025 1599 142 66 blive
1193 1603 211 79 lige-saa
1447 1605 194 76 farligt
1685 1606 89 69 for
1811 1607 118 74 mig
1965 1617 60 50 at
2067 1603 110 62 tale
2217 1607 214 66 derom,
2477 1607 106 72 som
2615 1605 84 72 sot

1021 1709 124 68 den,
1183 1711 92 58 der
1309 1707 174 76 havde
1514 1709 184 76 beviis
1725 1713 108 68 det,
1867 1709 290 72 forfattede
2191 1711 80 70 jeg
2307 1705 202 78 ethvert
2525 1705 176 66 LandS

1017 1797 336 80 Egenskaber
1387 1809 22 60 i
1445 1807 262 74 Pennen,
1747 1823 64 60 og
1849 1811 22 56 i
1905 1807 386 76 Særdeleshed
2329 1813 168 66 dette;
2541 1823 60 58 og
2633 1809 70 60 da

1019 1909 86 72 jeg
1137 1927 102 46 var
1275 1913 246 62 kommen
1559 1913 182 78 hiem,
1779 1913 152 72 lagde
1961 1915 80 72 jeg
2073 1915 112 70 mig
2215 1913 166 70 efter,
2415 1913 142 74 hvad
2593 1913 108 74 som

1021 2013 286 72 befandtes
1335 2015 64 74 af
1429 2017 122 60 adle
1569 2015 270 62 Metaller
1867 2017 24 56 i
1909 2013 364 64 Dannemark
2305 2015 124 72 selv,
2469 2033 232 58 overgav

1019 2113 126 76 fligt
1177 2117 66 62 til
1273 2115 356 76 Bernstorff,
1665 2117 112 76 som
1809 2113 168 62 meldt
2011 2131 92 54 er;
2163 2115 152 64 Men
2345 2121 80 72 jeg
2469 2119 98 76 har
2589 2120 115 85 ikke

1019 2219 146 74 siden
1201 2225 100 58 den
1333 2219 112 66 Tid
1483 2219 130 78 hørt
1645 2229 160 64 noget
1839 2221 204 58 derom.
2137 2217 96 62 Til
2267 2217 202 70 Vinter
2499 2231 92 64 tog
2623 2225 82 76 jeg

1019 2327 118 74 mig
1169 2335 142 52 atter
1337 2323 90 76 for
1457 2333 60 50 at
1551 2333 140 64 yttre
1721 2321 148 60 mine
1889 2317 216 64 Tanker
2135 2317 180 76 herom
2343 2335 18 54 ;
2405 2337 76 44 nu
2513 2321 76 60 vil
2625 2325 82 72 jeg

1021 2437 70 58 da
1127 2447 66 58 og
1233 2441 90 54 tør
1361 2433 96 56 des
1489 2427 160 72 friere
1687 2427 194 72 udgive
1915 2441 66 42 en
2015 2425 116 60 kort
2163 2423 226 70 Extract
2423 2425 66 74 af
2513 2425 198 76 samme

1021 2537 238 72 Skrift,
1297 2535 142 76 siden
1473 2539 86 56 det
1597 2551 76 44 nu
1711 2549 54 44 er
1807 2529 168 64 blevet
2019 2527 320 74 nogenledes
2369 2531 214 76 troeligt
2611 2537 98 58 ved

1021 2649 102 56 den
1151 2637 366 74 Publikation
1551 2637 20 60 i
1595 2631 202 74 Avisen
1819 2631 122 66 No.
1965 2629 86 80 67
2089 2635 98 56 den
2223 2643 82 58 29
2321 2629 160 78 April
2519 2647 188 64 1771.

1021 2761 90 44 om
1149 2743 426 66 Guldaarernes
1607 2735 280 80 Sandhed
1925 2751 104 58 paa
2053 2731 114 66 St.
2209 2735 168 70 Croix
2411 2751 104 60 paa
2547 2731 162 82 John

1019 2851 84 56 W
1111 2849 16 58 i
1137 2849 136 56 Hetz
1305 2847 324 76 Plantage;
1689 2859 124 44 men
1855 2843 126 70 det,
2041 2841 112 74 som
2201 2839 198 62 meldes
2445 2843 20 60 i
2507 2839 204 78 Avisen

1017 2959 126 64 No.
1167 2967 126 66 77,
1329 2955 126 58 veed
1485 2953 124 70 jeg,
1649 2957 60 54 at
1741 2951 90 58 det
1859 2945 106 64 ikke
2001 2959 102 48 var
2129 2947 18 60 i
2179 2945 116 60 min
2327 2941 148 74 Tid,
2527 2945 64 58 da
2623 2947 84 74 jeg

1021 3067 184 76 gjorde
1235 3055 414 78 Undersøgelse,
1699 3067 66 60 og
1807 3053 156 74 synes
2003 3051 112 72 mig
2151 3049 104 64 ikke
2299 3047 154 78 heller
2501 3049 208 74 rigtig;

1019 3171 84 74 thi
1141 3167 54 58 la
1227 3153 160 75 Grad
1431 3161 232 76 tilhører
1701 3153 90 78 (8.
1827 3153 112 74 T.)
1985 3145 454 66 Schimmelman
2492 3164 65 59 og
2603 3149 106 62 ikke

1017 3269 222 64 Robert
1273 3261 172 64 Tuit.
1561 3259 154 66 Men
1747 3271 88 48 om
1875 3259 84 58 det
1987 3271 56 46 er
2073 3257 192 72 sandt,
2307 3267 88 46 om
2431 3249 52 58 Is
2516 3246 156 58 Gran-

1017 3371 116 85 foin
1017 3379 116 78 som
1167 3389 56 48 er
1255 3371 102 76 just
1387 3369 100 62 ved
1513 3357 332 68 ovenmeldte
1861 3353 152 76 Aae,
2055 3359 84 60 det
2165 3369 54 48 er
2247 3351 214 74 troeligt
2497 3351 120 62 nok.

2587 3515 120 66 De-
