2904 4536
1151 386 86 64 ga

1068 556 78 74 de
1184 568 92 62 nu
1318 545 146 96 har,
1506 543 192 96 (man
1736 560 214 62 mener
1978 539 94 96 jo)
2126 561 144 60 men
2302 560 70 64 at
2414 564 150 64 vore
2606 546 118 87 Mi-

1066 690 218 94 nistere
1318 703 80 74 og
1430 685 204 76 andre
1668 676 132 96 som
1842 700 134 74 paa
2002 679 304 96 adskillige
2334 680 286 88 Maader
2638 690 80 93 ha-

1066 844 113 62 ver
1212 822 221 92 samlet
1482 819 93 94 sig
1604 821 159 89 store
1792 814 389 97 Summer,
2236 817 117 96 har
2390 820 115 96 vist
2546 842 71 60 ar
2636 835 87 68 tro-

1067 959 379 95 respondere
1467 961 144 76 med
1653 962 72 74 de
1763 953 414 98 udenlandste
2195 953 370 103 Banqver,
2621 967 134 74 eller

1067 1116 78 64 at
1173 1096 150 94 sette
1371 1092 546 96 deresiCapitals
1965 1090 220 85 Rente
2229 1089 150 100 efter
2415 1102 312 82 allenden-

1066 1236 250 95 landste
1350 1230 528 99 Vexel-Cotrrser
1922 1236 104 78 det
2064 1231 120 96 har
2212 1231 62 80 vi
2314 1236 196 78 allene
2538 1250 72 66 at
2628 1235 106 83 tak-

1062 1378 72 80 ke
1176 1376 304 96 Joderne
1526 1369 138 99 for,
1748 1368 310 98 Joderne
2106 1373 120 94 har
2269 1350 459 113 saaledes-røre-

1060 1488 344 122 sponderer

2594 1395 134 60 core-

1060 1516 331 96 sponderet
1426 1509 111 96 saa
1570 1513 65 78 vi
1682 1510 119 96 har
1844 1510 207 95 mistet
2094 1531 81 76 og
2208 1511 91 96 (i
2340 1508 133 94 fald
2500 1508 107 98 her
2634 1509 125 82 ikke

1061 1652 178 96 snart
1279 1655 242 76 raades
1561 1647 174 83 Bod
1771 1646 182 96 paa)
1989 1649 208 94 mister
2223 1649 66 80 vi
2323 1644 172 96 ndaf
2523 1646 240 85 Landet

1063 1794 94 78 alt
1185 1798 104 74 det
1345 1795 108 74 der
1501 1787 258 95 kaldes,
1851 1782 204 84 Solv
2135 1785 210 80 baade
2399 1802 366 81 myntetog

1064 1941 344 81 umyntet,
1472 1923 102 94 for
1621 1921 121 97 Ex.
1786 1928 110 76 der
1936 1922 220 93 sendes
2216 1929 138 74 eller
2388 1920 374 96 practiseres

1062 2066 208 88 Solv
1302 2057 168 96 udaf
1512 2059 282 97 Landet,
1866 2080 80 74 og
2006 2059 70 80 til
2100 2057 338 99 Betaling
2472 2056 102 88 for
2610 2075 152 68 vort

1064 2224 149 62 rene
1242 2198 207 83 Solv
1479 2192 180 98 saaer
1694 2196 67 80 vi
1790 2216 75 60 en
1890 2193 229 98 tydst,,
2154 2195 357 99 hollandst,
2550 2194 213 99 franst

1075 2350 146 74 eller
1273 2335 358 95 venetianst
1685 2332 300 100 Papiers
2033 2331 214 96 Vexel
2295 2335 110 81 ind
2443 2334 200 96 igien,
2697 2353 64 62 er

1065 2490 172 76 dette
1275 2477 124 80 ikke
1439 2497 78 60 en
1553 2473 168 98 stion
1751 2470 340 97 Virkning
2125 2469 78 98 af
2237 2471 342 98 Jodernes
2627 2470 100 83 Co-

1064 2620 396 96 respondens
1493 2611 333 95 Lærdom,
1888 2610 66 80 vi
2003 2609 119 96 har
2185 2609 183 82 indtil
2427 2608 273 84 Barnet
2731 2607 23 80 i

1068 2758 314 96 Vuggen
1422 2751 256 97 Aarsag
1714 2748 68 82 til
1820 2762 72 66 at
1930 2744 310 96 forbande
2270 2747 204 81 baade
2508 2744 218 98 Joder-

1060 2918 85 60 ne
1174 2918 81 74 og
1290 2899 185 76 deres
1514 2870 537 114 Corespondenfe,
2102 2881 137 96 som
2268 2903 67 60 er
2380 2906 77 58 en
2500 2882 259 99 Aarsag

1065 3036 72 82 ril
1169 3040 120 76 alle
1321 3051 154 64 vore
1515 3029 272 100 Penges
1815 3018 282 100 Udforsel
2127 3017 76 98 af
2223 3021 272 84 Landet:

1903 3157 412 90 (Fortsettelsen
2359 3158 224 92 følger.)
