2974 4645
1035 581 260 92 Wahre
1333 579 326 96 'spkiober
1713 583 114 92 de,
1879 577 303 92 saa-med
2043 585 140 76 med
2213 581 382 100 Sandhed,
2651 605 82 80 og

1033 719 448 94 Bevislighed
1517 715 128 82 kan
1687 717 418 96 gvdtgiøres,
2157 735 70 64 at
2245 719 278 96 Kongen
2555 745 72 74 og
2657 731 74 76 de

1037 859 166 94 store
1233 853 308 96 Minister
1573 853 174 96 (ikke
1801 871 76 62 ar
1915 867 120 66 tale
2067 877 106 56 om
2217 855 516 98 Middelstanden

1049 1015 86 74 og
1169 991 316 96 Borgere
1509 991 24 98 )
1587 1009 158 62 maa
1779 997 140 76 lade
1941 993 92 96 sig
2079 993 144 80 noie
2259 999 140 78 med
2445 999 102 76 der
2603 995 134 98 Jo»

1037 1135 196 74 Verne
1267 1127 126 80 ikke
1451 1127 86 80 vil
1575 1127 206 94 have,
1839 1125 92 92 thi
1973 1131 86 76 da
2103 1123 304 100 Jøderne
2447 1153 130 70 paa
2625 1139 120 70 alle

1037 1265 308 82 Maader
1359 1263 260 84 trækker
1639 1285 80 76 og
1745 1267 208 94 fluger
1975 1271 120 74 alle
2109 1263 234 98 Penge
2373 1267 66 78 til
2477 1267 128 96 sig,
2634 1263 109 94 faa

1035 1405 312 94 estimerer
1391 1409 74 76 de
1521 1403 128 80 ikke
1691 1403 188 96 heller
1919 1417 72 66 ar
2023 1399 292 98 spendere
2355 1403 382 98 overflødigt

1037 1559 136 76 paa
1195 1547 182 76 deres
1417 1543 416 84 Levemaade.

1229 1737 250 88 Deres
1511 1735 370 96 Sabather
1927 1759 80 76 og
2043 1745 202 78 andre
2279 1739 214 96 hellige
2519 1737 220 100 Dage

1029 1873 174 96 giver
1225 1871 186 92 Syn
1439 1871 104 98 for
1575 1873 270 98 Sagn,
1899 1873 110 96 saa
2039 1881 76 74 de
2153 1871 362 102 formedelst
2555 1881 186 76 deres

1025 2009 236 98 Penge
1279 2011 248 96 tvinger
1559 2019 116 72 alle
1693 2011 222 98 Ting,
1967 2019 252 74 udøver
2237 2019 72 74 de
2331 2015 214 94 største
2567 2013 168 98 For->

1021 2167 252 76 prang,
1333 2161 78 84 og
1453 2149 20 78 i
1513 2155 102 72 det
1655 2153 74 72 de
1777 2153 146 76 med
1943 2147 224 96 Magt
2187 2147 284 82 tilkiober
2505 2151 90 94 sig
2635 2155 122 74 det'

1025 2291 198 92 gode,
1253 2287 180 96 stiger
1453 2283 304 100 Priserne
1779 2281 262 98 derefter
2075 2305 130 72 paa
2229 2293 98 70 der
2349 2287 212 92 flette,
2605 2307 132 72 paa

1031 2429 124 74 alle
1187 2421 480 98 Selgepladse,
1721 2419 134 96 som
1885 2427 74 78 de
1988 2419 294 102 Chrisne
2305 2421 430 98 Indbyggere

1023 2561 134 100 best
1177 2557 184 102 faaer
1395 2581 74 64 ar
1497 2563 192 94 finde.

1223 2785 70 50 c.
1345 2759 308 98 Joderne
1695 2779 62 58 er
1793 2757 254 98 skadelig
2075 2753 98 100 for
2203 2757 302 98 Hadelen
2523 2781 20 58 :
2597 2755 132 98 Thi

1019 2897 358 100 Handelen
1415 2897 124 86 hos
1585 2905 74 72 de
1691 2896 291 96 Chrisne
2009 2917 64 58 er
2121 2899 202 90 nesten
2349 2899 380 78 dødmen

1013 3035 132 96 hos
1175 3035 310 98 Joderne
1523 3057 62 58 er
1633 3041 122 76 den
1791 3033 440 106 fuldkommen
2261 3033 18 78 i
2327 3031 160 96 live,
2541 3033 190 94 ingen

1017 3171 364 100 Kongelige
1421 3173 414 100 Forordning
1871 3179 138 74 eller
2031 3169 310 100 Paabud
2375 3173 142 76 med
2553 3169 178 94 hvad

1013 3309 218 98 Magt
1269 3333 78 76 og
1373 3313 458 98 Myndighed,
1863 3317 140 74 eller
2041 3309 162 94 hvor
2225 3309 208 96 streng
2459 3311 118 76 den
2607 3311 122 76 end

1003 3467 80 62 «
1131 3447 124 86 kan
1303 3457 200 82 raade
1559 3449 178 90 Bod
1783 3451 106 96 her
1943 3469 134 78 paa
2105 3434 457 109 saalænge-der
2457 3451 106 76 der
2595 3443 132 84 ikke

2433 3581 182 100 straft
