2974 4645
1254 435 48 64 4

1173 596 164 93 have
1383 583 216 98 Kraft
1655 590 122 76 ved
1815 585 254 82 Retten
2105 601 70 62 ar
2215 583 138 95 soge
2377 588 114 75 den
2525 591 70 74 de
2629 582 236 83 forner»

1162 741 152 70 mes
1356 726 110 94 saa
1488 724 242 97 yderlig
1766 719 112 100 af,
1936 742 62 60 er
2032 726 74 74 de
2146 725 84 74 da
2274 740 76 58 en
2397 735 130 66 troe
2554 723 306 96 Borger:

1163 887 94 58 nu
1287 863 102 97 jeg
1427 864 120 94 har
1575 863 152 93 efter
1767 857 174 98 Lofte
1979 863 284 93 begyndt
2297 878 68 58 ar
2389 863 120 72 tale
2543 866 138 74 med
2717 866 144 73 dem

1166 1003 140 80 min
1340 1002 138 94 -Hr.
1509 998 254 101 Agent
1805 995 103 96 for
1950 996 248 95 viselig
2226 1014 74 60 ar
2354 994 364 82 aabenbare
2761 1003 73 72 de-

1164 1151 113 70 res
1322 1139 267 85 Renkcr
1616 1137 177 97 Post
1836 1135 171 95 viis,
2076 1136 133 93 som
2256 1143 71 73 de
2376 1136 119 93 har
2548 1131 117 93 selv
2692 1113 176 120 nede

1165 1281 137 96 mig
1331 1278 109 98 til,
1489 1283 127 76 ved
1645 1292 71 62 at
1747 1274 189 96 skrive
1967 1268 427 101 Skandskrift
2427 1273 173 78 imod
2647 1270 217 83 Guld»

1162 1418 175 95 smed
1374 1436 81 78 og
1490 1421 201 76 andre
1716 1414 221 97 Laug,
1990 1410 133 94 som
2152 1417 73 78 de
2256 1411 115 93 har
2396 1416 175 75 deres
2612 1408 221 93 Skup-

1163 1577 81 74 pe
1273 1555 285 99 Handel
1585 1556 185 90 med,
1827 1571 151 59 men
2017 1554 105 78 der
2163 1569 64 58 er
2273 1546 227 95 sandt,
2553 1552 141 76 med
2729 1543 107 88 Til-

1158 1691 267 97 ladelse,
1480 1709 62 60 er
1574 1691 108 79 der
1708 1692 186 90 sandt
1932 1704 72 62 at
2032 1708 74 57 en
2126 1685 190 96 Jøde
2338 1706 62 58 er
2444 1707 81 74 og
2552 1677 122 87 kan
2704 1700 160 61 være

1161 1830 266 97 Agent,
1479 1828 136 93 som
1657 1832 74 76 de
1773 1824 122 93 selv
1933 1822 168 94 roser
2133 1827 142 76 dem
2309 1820 84 84 af.
2503 1821 216 97 Hvad
2763 1839 70 58 en-

1168 1988 112 65 ten
1312 1973 106 75 det
1448 1984 66 60 er
1554 1963 184 92 sandt
1772 1969 142 72 eller
1946 1962 170 95 ikke,
2170 1959 110 94 saa
2326 1958 122 96 stal
2486 1957 100 95 jeg
2638 1978 88 58 nu
2764 1957 70 76 be-

1167 2105 122 94 vise
1313 2120 74 66 at
1421 2104 190 95 ingen
1645 2100 18 76 i
1689 2097 456 91 Dannemark
2179 2117 62 58 er
2269 2096 142 94 nest
2439 2111 66 60 er
2539 2092 136 96 vist
2695 2073 134 96 ube-

1164 2230 788 115 ncevnt»sags«solk,
1459 2235 211 104 slags
1733 2235 219 95 Folk,
2035 2233 387 97 skadeligere,
2528 2253 78 73 og
2667 2234 199 92 større

1164 2362 261 115 Aarsag
1458 2380 67 78 til
1576 2385 123 74 den
1750 2374 383 97 Fattigdom
2176 2391 83 76 og
2298 2368 317 98 Jammer
2666 2364 201 97 Riget

1165 2541 71 62 er
1263 2518 115 83 udi
1427 2521 121 76 end
1597 2521 75 74 de
1737 2534 79 73 og
1863 2517 181 74 deres
2099 2508 219 94 Slcgt
2361 2528 79 71 og
2497 2511 117 74 den
2657 2509 211 76 anden

1166 2657 299 93 Skarn,
1520 2657 77 78 de
1622 2654 153 76 veed
1814 2669 121 58 nor
1962 2646 217 96 hvem:
2230 2645 175 91 hvad
2418 2641 99 98 jeg
2546 2642 49 78 ei
2630 2626 209 93 aaben-

1159 2791 387 103 barer-her,
1395 2792 153 94 her,
1602 2760 105 111 det
1745 2786 121 98 skal
1889 2783 164 95 folge
2085 2784 16 78 i
2137 2779 475 100 Fortsettelsen,
2663 2776 104 96 for
2797 2793 72 64 at

1164 2929 126 96 vise
1324 2946 74 64 at
1432 2930 101 92 jeg
1566 2927 86 80 vil
1688 2928 150 78 tiene
1874 2927 144 78 dem
2048 2925 142 76 med
2224 2925 182 73 deres
2446 2933 154 80 eget.

1367 3066 138 82 Nu
1549 3065 152 93 hor,
1757 3070 174 74 deres
1951 3057 182 99 falske
2165 3056 432 99 Foregivende
2635 3076 108 59 om
2769 3057 72 80 de-

1168 3217 108 68 res
1310 3203 484 99 Privilegium,
1848 3219 62 60 er
1936 3198 126 80 ikke
2092 3202 140 89 det,
2300 3214 56 60 et
2402 3191 76 82 af
2506 3199 180 75 deres
2708 3196 162 89 store

1165 3344 316 92 Renker,
1549 3339 208 98 ffader
1801 3343 72 78 de
1925 3336 126 79 ikke
2105 3338 230 78 derved
2387 3328 366 92 Guldsmed
2769 3327 98 90 L.,

1155 3476 229 107 Zsenk.
1418 3478 142 96 AL.E»
1597 3479 309 83 Naalem.
1997 3472 239 101 Lauger
2284 3471 202 94 aarlig
2535 3465 101 106 for
2704 3491 90 50 20
2831 3465 39 74 å

2468 3629 93 74 30
2580 3602 187 92 Ton-
