2947 4603
959 1130 260 170 ^$Je
1261 1172 124 99 har
1423 1173 188 80 laam
1647 1189 78 62 en
1753 1166 492 100 Steege-Griis
2287 1167 70 78 til
2385 1160 349 100 Vaaben;

1244 1274 213 97 havde
1502 1278 121 75 den
1666 1269 215 95 Tæer,
1924 1274 87 74 da
2050 1268 209 81 kunde
2296 1267 133 94 han
2461 1283 166 61 være
2663 1283 78 59 en

963 1383 135 91 god
1135 1372 203 86 Løber
1367 1370 105 93 for
1495 1370 239 88 Deres
1763 1365 479 101 Ting-Vogn,
2283 1363 153 97 helst
2471 1385 109 58 om
2607 1362 135 94 han

968 1478 217 98 havde
1218 1494 77 60 en
1330 1470 291 97 Karusse
1650 1473 27 78 i
1718 1469 319 83 Munden
2070 1470 73 78 til
2180 1482 73 65 at
2286 1471 127 76 tale
2448 1459 105 96 for
2586 1466 113 94 sig.

1188 1570 306 97 Skriftet
1548 1573 198 92 ligner
1808 1573 98 93 sin
1962 1565 268 98 Amor,
2298 1585 146 60 men
2484 1563 236 84 Svine-

966 1676 319 100 Hovedet
1344 1677 121 75 end
1520 1690 217 60 meere.
1880 1666 164 88 Det
2102 1666 171 95 feiler
2328 1667 180 80 alene
2566 1665 187 93 nogle

970 1762 305 112 Pletter;
1368 1770 172 83 Men
1598 1769 180 98 hvad
1832 1766 94 82 vil
1980 1786 160 61 man
2186 1768 172 97 sige:
2428 1783 80 61 en
2564 1767 188 77 laant

975 1879 184 93 Ting
1201 1870 204 99 passer
1443 1869 124 82 ikke
1605 1868 158 81 altid
1809 1870 118 76 vel.

1195 1972 272 105 Førend
1503 1968 134 88 De
1680 1971 159 78 taler
1896 1985 111 62 om
2045 1960 560 101 Vestindianerne
2668 1977 85 79 og

979 2069 207 91 andre
1243 2071 330 96 hæderlige
1623 2065 373 96 Stænder,
2059 2058 202 89 burde
2299 2057 134 92 De
2475 2050 165 104 først
2677 2075 78 65 ar

980 2182 191 92 lære,
1214 2172 181 93 hvad
1430 2150 147 114 disse
1622 2167 123 94 har
1788 2165 319 97 forglemt.
2256 2162 67 101 I
2362 2161 223 96 øvrigt
2626 2156 127 82 kan

983 2255 155 120 disse
1173 2268 293 100 forsvare
1509 2274 147 76 dem
1695 2265 123 95 selv
1863 2266 187 80 bedre
2095 2267 121 78 end
2257 2284 77 60 en
2354 2258 162 86 Ræk
2549 2263 177 80 leven-

984 2384 82 76 de
1080 2377 316 92 Karper;
1446 2375 132 88 dog
1617 2370 222 78 ere-de
1758 2371 77 79 de
1872 2364 241 94 samme
2152 2366 163 95 gode
2354 2361 73 82 til
2464 2373 71 66 at
2570 2357 189 97 holde

981 2471 330 101 Venskab
1358 2471 264 93 vedlige.

1206 2571 245 90 Deres
1492 2566 325 88 Broders
1858 2564 319 102 Portrait
2218 2580 151 79 pag.
2398 2581 111 74 35.
2564 2578 63 60 er
2664 2571 97 65 rer

989 2672 446 104 fomeffeligt,
1477 2675 22 74 i
1539 2670 116 93 sær
1691 2666 304 102 Hatten,
2051 2666 175 92 siden
2272 2668 120 73 den
2436 2681 64 59 er
2541 2654 195 97 forsøl-

997 2793 108 67 vet
1143 2782 146 75 med
1333 2765 452 90 Kiærnemelk.
1899 2765 132 88 De
2067 2764 258 83 Briller
2373 2759 132 96 han
2547 2759 220 96 holder

997 2882 24 82 i
1059 2879 102 96 sin
1186 2880 215 92 gamle
1415 2871 190 82 Klov
1633 2867 106 98 for
1751 2865 224 97 Dem,
2015 2864 284 80 kommer
2311 2857 202 90 Dem
2539 2874 96 63 ret
2667 2858 104 76 vel

997 2980 247 94 tilpas;
1289 2990 115 79 tag
1445 2979 147 76 dem
1633 2991 133 76 paa
1805 2989 81 73 og
1927 2972 117 76 læs
2087 2964 184 79 bedre
2309 2977 153 64 over
2491 2959 22 78 i
2535 2957 239 93 Loven,

998 3078 239 98 førend
1282 3072 131 89 De
1454 3074 289 93 alligerer
1798 3089 79 73 og
1932 3066 337 94 criticerer,
2338 3067 89 74 da
2470 3063 103 76 det
2612 3051 167 89 Ord

1003 3179 271 93 Skyld
1334 3196 74 58 rc.
1440 3169 208 96 saaer
1708 3189 76 61 en
1835 3170 211 76 anden
2099 3157 533 97 Bemærkning,
2697 3174 83 76 og

1006 3287 140 87 vel,
1188 3276 135 96 som
1362 3274 133 85 De
1538 3270 229 97 synes,
1808 3284 71 64 at
1916 3270 261 90 tilegner
2214 3258 221 90 Dem.

1120 3330 26 44 ,

1222 3375 162 86 Det
1424 3395 66 60 er
1516 3375 188 92 ingen
1728 3373 218 79 Under
1990 3382 74 63 at
2083 3362 137 87 De
2258 3365 160 76 taler
2446 3377 108 61 om
2571 3353 183 97 Spø-

1007 3474 178 98 gelse,
1226 3482 91 73 da
1336 3472 135 87 De
1504 3470 125 95 selv
1662 3469 109 92 saa
1794 3475 197 85 længe
2036 3464 123 96 har
2190 3477 217 79 ageret
2444 3463 101 77 det
2576 3459 205 75 under

1003 3582 110 78 det
1153 3574 228 86 Navn
1419 3573 198 98 Ole,
1657 3571 168 99 hvor
1869 3564 332 100 Sengene
2237 3560 292 99 knagede.

2659 3647 134 94 De
