2922 4563
1705 429 126 60 -15

433 591 170 82 Min
653 593 274 100 Herre,
997 591 344 100 Jødernes
1389 587 258 88 Renker
1703 609 62 60 er
1811 587 110 94 saa

233 751 240 76 mange
509 757 188 50 1000
737 729 296 100 Slags,
1067 747 70 64 at
1281 728 141 80 vile
1447 727 160 80 blive
1631 733 118 76 den
1767 731 128 94 stør-

231 873 84 94 ste
349 865 318 102 Foliant,
717 887 106 62 om
857 875 76 76 de
957 873 198 76 allene
1183 865 102 100 for
1323 883 58 62 et
1401 865 192 96 eneste
1621 861 144 86 Aar
1785 865 140 82 blev

233 1007 352 96 bessrever,
643 1027 78 76 og
757 1007 174 98 hvad
959 1005 84 82 vil
1085 1009 72 78 de
1187 1013 84 76 da
1309 1007 120 80 alle
1487 999 218 86 blives
1765 995 160 106 Har

231 1151 78 78 de
339 1143 124 84 ikke
519 1139 238 100 forført
799 1163 152 62 vore
1001 1145 212 98 Folk?
1267 1143 160 98 Har
1469 1139 126 84 ikke
1635 1159 76 62 en
1775 1139 150 98 hvis

227 1281 388 96 Ankersmed
661 1285 436 76 M.—****
1149 1279 158 86 Leier
1325 1285 144 76 dem
1487 1279 92 96 sin
1613 1297 110 62 ene
1741 1273 178 100 Pist,

231 1419 280 98 hvorudi
539 1425 74 78 de
647 1419 282 94 smeltede
957 1439 116 60 vor
1100 1410 429 103 mene-Penge
1295 1411 276 102 Penge,
1603 1409 316 102 Specier,

229 1557 306 100 Kroner,
591 1565 44 66 6
679 1555 408 98 Skillinger,
1139 1551 362 98 Ducater,
1535 1573 78 76 og
1653 1549 174 94 hvad
1847 1557 82 76 de

229 1695 138 100 ffar
411 1691 78 100 af
519 1715 152 60 vore
721 1693 318 96 Mynter,
1093 1687 274 98 foruden
1411 1689 130 98 helt
1585 1687 210 84 Sølv
1839 1711 82 76 og

227 1831 198 84 Guld
463 1827 78 98 af
557 1829 436 98 Tyvekoster,
1063 1829 88 80 vil
1185 1831 74 78 de
1301 1847 94 60 nu
1435 1827 276 98 benægte
1743 1843 70 66 ar
1845 1833 74 78 de

223 1969 122 98 har
375 1965 366 98 forvandlet
773 1985 154 64 vore
951 1965 286 98 Mynter
1271 1987 78 58 ?c.
1447 1959 148 90 Da
1625 1969 128 76 leve
1771 1971 116 76 end-

221 2129 94 60 nu
339 2105 144 100 disse
505 2103 420 96 Ankersmede
949 2103 296 84 Svenne
1271 2123 78 76 og
1377 2105 212 78 andre
1613 2099 134 96 som
1767 2109 150 76 veed

225 2251 140 90 der,
417 2243 270 98 begierer
721 2243 138 80 min
903 2239 216 100 Herre
1177 2255 72 66 ar
1291 2237 144 82 vide
1489 2241 182 78 deres
1713 2235 168 86 Nav-

225 2403 244 76 ne,—
519 2419 152 40 —.
725 2375 176 84 Men
923 2381 72 78 de
1017 2375 120 100 ffal
1165 2373 158 102 først
1343 2373 254 102 forsikre
1623 2377 166 98 mig,
1843 2395 70 64 at

223 2521 76 78 de
329 2517 50 82 ei
409 2519 86 80 vil
531 2491 158 121 skile
735 2519 146 80 dem
915 2521 122 78 ved
1073 2521 186 78 deres
1301 2519 460 92 nærværende,
1829 2537 80 74 og

217 2651 532 98 efterkommende
789 2653 106 84 Liv
919 2675 78 76 og
1025 2651 230 100 Lykke,
1309 2650 90 101 thi
1435 2651 96 98 jeg
1549 2649 246 88 tiender
1813 2649 98 102 for

219 2811 236 80 mange
499 2789 194 100 Jøde
743 2789 308 88 Rænker.

409 3069 134 86 De
559 3065 264 102 udfører
845 3087 152 70 vore
1013 3063 284 98 Mynter
1309 3089 130 78 paa
1453 3075 198 78 denne
1675 3069 186 86 Maa-

209 3211 106 78 de:
369 3205 224 100 Nogle
625 3205 226 102 Jøder
879 3209 178 80 løber
1089 3207 226 100 Huus
1355 3207 104 96 fra
1489 3207 258 102 Huus,
1799 3207 102 98 for

209 3357 74 68 at
313 3341 174 102 sælge
517 3341 346 98 fremmede
891 3345 260 84 Lotterie
1171 3379 24 36 -
1215 3345 298 100 Sedler,
1541 3343 104 100 fra
1669 3343 204 98 Nyrn-

209 3479 190 102 berg,
451 3481 410 102 Hamborg,
913 3481 60 88 L.
1023 3549 18 20 .
1093 3545 20 22 .
1167 3535 58 48 .,
1283 3485 330 100 Holland,
1669 3483 230 86 Svev

1673 3623 122 100 rig,
