2970 4583
1758 447 104 72 55

144 694 62 50 „
256 653 136 73 und
448 641 500 98 Unterstützung.
1094 640 176 98 Ihre
1326 640 530 97 Arbeitsamkeit,

154 800 49 46 „
258 748 132 93 ihre
418 745 279 92 Werke,
728 753 272 70 wurden
1032 750 108 72 der
1176 742 266 80 Nation
1472 743 354 96 eigemhüm-

153 898 52 48 „
263 848 134 95 lich,
433 857 86 66 da
569 847 80 92 sie
695 843 174 92 selbst
917 840 282 96 Bürger
1243 852 132 70 und
1421 845 438 92 Unrerthanen

153 998 52 48 „
261 956 116 69 des
425 945 272 92 Königs
741 953 290 69 wurden.
1135 942 244 90 Welch
1411 946 98 77 ein
1545 941 312 94 lebhaftes

153 1098 50 44 „
259 1045 338 92 Geräusch
645 1049 64 72 in
775 1041 226 91 unfern
1053 1040 524 96 Werkstädten!
1653 1043 210 84 Was

161 1198 50 46 „
261 1144 110 94 für
407 1143 388 90 vortrcfliche
815 1137 252 89 Werke
1103 1154 114 66 des
1237 1142 418 93 inländischen
1673 1143 190 96 Fleis«

157 1296 50 48 „
263 1246 146 90 ses!
503 1243 178 84 Wie
737 1245 152 76 viele
939 1240 280 100 Zuflüsse
1281 1252 108 70 der
1449 1244 418 95 Nahrungen

155 1396 51 48 „
261 1353 133 71 und
437 1353 113 70 des
591 1345 365 80 Gewerbes
1005 1352 131 68 aus
1189 1354 117 66 den
1351 1342 323 91 Quellen,
1761 1345 99 76 die

158 1496 50 46 „
264 1445 362 94 Friderich
664 1449 66 70 in
762 1453 142 67 dem
938 1440 428 84 Varerlande
1402 1444 170 93 selbst
1620 1441 244 92 eröfnet

156 1594 54 48 „
272 1548 134 84 hat.
508 1541 176 84 Wie
716 1543 120 78 viel
870 1543 214 91 kostete
1116 1552 68 66 es
1218 1552 142 68 dem
1394 1544 238 83 Vater
1664 1543 200 90 seines

158 1694 54 48 „
264 1642 264 97 Volks,
564 1645 226 90 welche
822 1644 352 94 ungeheure
1206 1642 354 81 Summen
1584 1653 280 70 wendete

158 1794 50 48 „
266 1764 64 58 er
358 1765 126 68 an,
532 1765 116 56 um
682 1751 132 70 uns
848 1747 64 71 in
944 1752 114 68 den
1098 1744 250 80 Stand
1384 1764 70 72 zu
1484 1744 210 95 setzen,
1730 1753 134 70 uns

158 1892 48 46 „
266 1847 120 76 mit
436 1843 174 92 selbst
642 1841 362 96 gemachten
1036 1840 252 98 Zeugen
1322 1862 72 74 zu
1424 1844 270 87 kleiden,
1746 1863 88 58 un-

158 1992 47 46 „
264 1942 119 92 fere
426 1941 261 90 Häuser
732 1953 135 66 und
910 1940 299 102 Palläste
1250 1950 117 72 mit
1402 1952 117 70 den
1558 1943 303 84 Werken

155 2090 50 46 „
261 2050 116 71 des
423 2041 476 96 Geschmacks,
961 2052 136 70 und
1145 2052 114 68 des
1301 2042 260 99 Fleißes
1613 2043 248 96 unserer

151 2190 52 48 „
259 2139 414 100 Mitbürger,
725 2139 348 98 schmücken
1107 2162 74 74 zu
1207 2142 346 82 können!"

309 2338 216 85 Was
565 2337 274 82 würden
885 2342 158 80 aber
1077 2342 278 98 Fremde
1385 2362 130 61 von
1545 2353 134 72 uns
1709 2351 120 74 den-

161 2438 114 78 ken
311 2439 280 96 müssen,
639 2445 210 74 damit
885 2441 92 93 ich
1005 2444 160 94 mich
1195 2454 190 68 eures
1411 2448 244 89 eigenen
1681 2445 152 82 Aus-

159 2540 229 79 drucks
447 2543 285 86 bediene,
799 2559 183 59 wenn
1029 2544 381 90 dergleichen
1445 2545 383 94 unpartheyi-

160 2638 128 94 sche
334 2637 298 84 Männer
666 2641 100 74 die
794 2637 360 99 Geschichte
1188 2642 444 99 Friederichs
1652 2647 176 76 V.be-

158 2741 310 87 fchreiben
504 2737 248 92 sollten,
798 2749 132 67 und
966 2746 188 74 darin
1182 2744 386 93 zugestehen,
1618 2745 126 92 daß
1762 2747 100 76 die

156 2836 336 95 dänischen
536 2839 312 88 Künstler
898 2850 134 68 und
1078 2840 494 96 Handwerker,
1622 2847 242 90 anstatt

158 2956 132 60 von
324 2949 192 66 denen
550 2937 282 94 Grossen
866 2950 134 68 und
1024 2940 466 101 Vornehmen,
1522 2945 160 90 nach
1716 2951 148 74 dem

157 3036 302 97 Exempel
494 3039 172 92 ihres
692 3037 268 97 Königs
988 3040 474 96 aufgemumert
1488 3063 72 74 zu
1578 3053 284 86 werden,

162 3136 155 86 diese
350 3139 269 94 dennoch
662 3139 117 94 sich
814 3143 117 74 mit
964 3142 485 94 ausländischen
1470 3142 207 97 Zeuge
1698 3147 165 90 nicht

161 3238 184 78 allein
379 3237 326 96 gekleidet,
771 3237 262 92 sondern
1059 3242 160 90 auch
1255 3244 132 94 ihre
1415 3242 296 103 Palläste
1739 3247 122 78 mit

161 3338 260 94 gleicher
451 3337 228 82 Arbeit
709 3337 406 96 geschmückek
1153 3346 250 94 haben,
1449 3357 136 68 und
1613 3345 130 96 daß
1761 3347 100 78 die

161 3436 390 100 Handelnde
601 3437 328 108 beständig
997 3438 476 106 fortgefahren,
1543 3447 158 98 auch
1757 3445 102 82 die

987 3542 100 90 D
1137 3568 52 74 4
1755 3565 104 80 ge-
