3038 4532
979 579 114 66 IO

1171 771 190 90 Daß
1389 773 106 74 der
1527 767 386 82 Landmann
1935 767 240 96 grossen
2205 767 230 100 Nuzen
2463 791 120 66 von
2611 783 110 78 den
2741 781 132 84 Ma-

961 907 394 94 Wfacturen
1383 901 200 96 ziehen
1613 897 234 100 könne,
1893 901 74 96 ist
2015 901 308 98 offenbar.

1163 1199 186 80 Man
1379 1197 216 96 nehme
1639 1217 120 76 an,
1813 1197 60 94 so
1909 1199 118 78 wie
2045 1207 68 72 es
2127 1207 108 74 der
2271 1199 236 86 Natur
2527 1209 110 76 der
2657 1207 220 84 Manu-

961 1335 296 100 facturen
1295 1331 156 94 nach
1489 1329 306 98 fepnfoll,
1837 1333 128 94 daß
1985 1331 114 96 sich
2127 1335 424 80 allenthalben
2571 1339 62 78 in
2655 1343 226 80 denklei-

961 1487 132 60 nen
1137 1455 310 92 Städten
1495 1461 314 96 Fabriken
1857 1465 232 92 finden.
2263 1463 176 84 Wie
2479 1471 150 78 viele
2675 1471 230 98 Dinge

959 1595 328 98 bedürffen
1327 1593 184 92 solche
1555 1593 166 96 nicht
1767 1615 128 58 von
1945 1601 140 72 dem
2137 1595 438 84 Landmanne.
2695 1601 212 98 Ausser

957 1727 190 98 seines
1195 1725 432 94 angebaueten
1671 1725 280 94 Korns,
2005 1733 130 72 das
2177 1747 64 58 er
2293 1723 158 94 sonst
2499 1729 132 96 sehr
2667 1731 94 96 oft
2797 1737 110 90 auf

955 1863 202 88 etliche
1191 1859 244 80 Meilen
1469 1857 334 94 entfernet,
1859 1863 112 72 mit
1993 1859 302 92 wenigem
2317 1855 320 94 Vortheil
2653 1867 228 78 verkau-

955 1993 104 96 fen
1089 1993 192 94 muß,
1335 2001 132 66 und
1511 2009 134 58 nun
1679 1989 60 76 in
1767 1999 104 68 der
1899 1985 200 98 Nähe
2127 1991 250 90 absetzr,
2431 1991 296 96 bedürfen
2761 1997 144 92 diese

955 2125 176 82 Leute
1165 2123 126 92 sehr
1321 2123 146 76 viele
1501 2129 198 68 andre
1731 2117 260 96 Dinge,
2023 2123 94 72 die
2145 2129 104 70 der
2279 2119 190 82 Acker
2505 2123 372 96 Hervorbrin-

947 2277 118 74 gen
1133 2253 160 92 kan,
1359 2263 132 68 und
1551 2259 118 68 den
1717 2247 382 80 Landmann
2139 2267 406 80 ermuntern,
2627 2255 118 94 sich
2789 2255 124 96 auf

945 2387 182 94 solche
1159 2383 394 100 Prvducten
1587 2397 70 74 zu
1695 2383 208 92 legen,
1955 2401 234 58 woran
2241 2405 60 56 er
2351 2383 266 92 vorhero
2663 2389 94 72 nie
2807 2407 68 72 ge-

943 2517 212 96 dacht,
1207 2521 136 72 und
1371 2509 218 92 wofür
1621 2531 64 56 er
1713 2511 362 94 gleichwohl
2111 2511 290 96 vielleicht
2431 2513 60 94 so
2511 2517 190 82 vieles
2723 2515 174 84 Geld

949 2647 164 98 lösen
1147 2651 162 90 kan,
1355 2651 106 72 als
1499 2643 132 92 ihm
1667 2641 94 78 die
1789 2641 686 98 Nochwendigkeiteu,
2529 2647 94 80 die
2669 2667 62 60 er
2775 2661 124 68 aus

943 2781 112 82 der
1081 2779 234 84 Stadt
1349 2775 264 96 bedarf,
1667 2773 198 96 kosten
1913 2771 290 86 würden.

1143 3107 210 82 Was
1397 3107 172 80 wird
1621 3125 64 60 er
1735 3107 164 94 nicht
1935 3127 84 56 an
2051 3107 188 90 seinen
2259 3103 282 98 Wagen
2561 3113 132 76 und
2711 3107 162 98 Pfer-

937 3251 118 72 den
1087 3243 316 92 ersparen,
1455 3259 190 62 wenn
1687 3259 62 58 er
1793 3259 84 58 an
1907 3241 158 86 statt
2085 3239 168 78 eines
2287 3235 306 98 Weges,
2647 3243 92 90 oft
2773 3261 120 60 von

941 3391 42 72 8
1027 3377 104 80 bis
1171 3401 88 46 io
1285 3375 288 90 Meilen,
1627 3379 118 70 den
1793 3389 62 64 er
1901 3369 220 94 fahren
2169 3371 196 92 muß,
2419 3383 134 66 und
2600 3371 292 92 Væsee

1109 3507 174 90 wohl
1329 3523 34 76 3
1413 3501 188 96 Tage
1649 3507 118 72 mit
1813 3501 218 90 seinem
2063 3499 248 94 Knecht
2341 3521 152 58 vom
2525 3503 222 94 Hause
2775 3523 94 58 ent-

937 3639 196 94 fernet
1179 3637 228 90 bleibt,
1459 3653 112 60 um
1623 3633 178 82 Geld
1843 3633 108 90 für
1981 3633 148 92 feine
2173 3631 382 96 Producken
2607 3657 68 72 zu
2707 3635 186 96 lösen,

935 3771 188 96 solche
1169 3771 66 82 in
1279 3767 196 84 einem
1523 3765 226 96 halben
1799 3761 156 100 Tag
1989 3785 112 60 am
2131 3765 232 82 Mann
2399 3767 262 96 bringen
2693 3767 196 78 köiue.

2685 3897 200 98 Nicht
