<?xml version="1.0" encoding="utf-8"?>
<alto xmlns="http://www.loc.gov/standards/alto/ns-v3#" xmlns:xs="http://www.w3.org/2001/XMLSchema-instance" xmlns:xlink="http://www.w3.org/1999/xlink">
	<Description>
		<MeasurementUnit>pixel</MeasurementUnit>
		<sourceImageInformation>
			<fileName>130017168348_1_007_015_031.tif</fileName>
		</sourceImageInformation>
		<OCRProcessing ID="OCR1">
			<ocrProcessingStep>
				<processingDateTime>2018-09-13</processingDateTime>
				<processingAgency>Zissor AS</processingAgency>
				<processingStepSettings>Combined OCR</processingStepSettings>
				<processingSoftware>
					<softwareCreator>Zissor AS</softwareCreator>
					<softwareName>ContentOCR-11; ContentOCR-Tesseract</softwareName>
					<softwareVersion>2.0.2; 2.0.0</softwareVersion>
					<applicationDescription>OCR Component for Zissor Content System</applicationDescription>
				</processingSoftware>
			</ocrProcessingStep>
		</OCRProcessing>
	</Description>
	<Styles>
		<TextStyle ID="STYLE1" FONTFAMILY="Arial" FONTSIZE="8" FONTSTYLE=""/>
		<TextStyle ID="STYLE2" FONTFAMILY="Arial" FONTSIZE="10.5" FONTSTYLE=""/>
	</Styles>
	<Layout>
		<Page ID="PAGE627" HEIGHT="4662" WIDTH="3021" PHYSICAL_IMG_NR="627" PROCESSING="OCR1" PC="0.71">
			<TopMargin HEIGHT="473" WIDTH="3021" HPOS="0" VPOS="0"/>
			<LeftMargin HEIGHT="3192" WIDTH="108" HPOS="0" VPOS="473"/>
			<RightMargin HEIGHT="3192" WIDTH="1130" HPOS="1891" VPOS="473"/>
			<BottomMargin HEIGHT="995" WIDTH="3021" HPOS="0" VPOS="3667"/>
			<PrintSpace ID="PRINTSPACE1" HEIGHT="3192" WIDTH="1781" HPOS="109" VPOS="474">
				<ComposedBlock xs:type="ComposedBlockType" ID="ARTICLE107791" HEIGHT="3192" WIDTH="1781" HPOS="109" VPOS="474" xlink:type="simple">
					<TextBlock xs:type="TextBlockType" ID="ZONE1124393" HEIGHT="72" WIDTH="91" HPOS="1768" VPOS="474" xlink:type="simple">
						<TextLine ID="LINE1" HEIGHT="72" WIDTH="88" HPOS="1768" VPOS="474">
							<String ID="STRING1" STYLEREFS="STYLE1" HEIGHT="72" WIDTH="88" HPOS="1768" VPOS="474" CONTENT="II" WC="0.66" LANG="dan"/>
						</TextLine>
					</TextBlock>
					<TextBlock xs:type="TextBlockType" ID="ZONE1124394" HEIGHT="2118" WIDTH="1781" HPOS="109" VPOS="662" xlink:type="simple">
						<TextLine ID="LINE2" HEIGHT="109" WIDTH="1701" HPOS="179" VPOS="662">
							<String ID="STRING2" STYLEREFS="STYLE2" HEIGHT="91" WIDTH="179" HPOS="179" VPOS="680" CONTENT="Matz" WC="0.66" LANG="deu"/>
							<SP ID="SP1" WIDTH="35" HPOS="358" VPOS="680"/>
							<String ID="STRING3" STYLEREFS="STYLE2" HEIGHT="86" WIDTH="243" HPOS="393" VPOS="673" CONTENT="Bucks" WC="0.51" LANG="deu"/>
							<SP ID="SP2" WIDTH="25" HPOS="636" VPOS="673"/>
							<String ID="STRING4" STYLEREFS="STYLE2" HEIGHT="102" WIDTH="427" HPOS="661" VPOS="667" CONTENT="Philosophie" WC="0.63" LANG="deu"/>
							<SP ID="SP3" WIDTH="23" HPOS="1088" VPOS="667"/>
							<String ID="STRING5" STYLEREFS="STYLE2" HEIGHT="93" WIDTH="293" HPOS="1111" VPOS="667" CONTENT="machen," WC="0.79" LANG="deu"/>
							<SP ID="SP4" WIDTH="49" HPOS="1404" VPOS="667"/>
							<String ID="STRING6" STYLEREFS="STYLE2" HEIGHT="80" WIDTH="97" HPOS="1453" VPOS="668" CONTENT="die" WC="0.82" LANG="deu"/>
							<SP ID="SP5" WIDTH="29" HPOS="1550" VPOS="668"/>
							<String ID="STRING7" STYLEREFS="STYLE2" HEIGHT="102" WIDTH="143" HPOS="1579" VPOS="663" CONTENT="steif" WC="0.65" LANG="deu"/>
							<SP ID="SP6" WIDTH="29" HPOS="1722" VPOS="663"/>
							<String ID="STRING8" STYLEREFS="STYLE2" HEIGHT="102" WIDTH="129" HPOS="1751" VPOS="662" CONTENT="auf" WC="0.83" LANG="deu"/>
						</TextLine>
						<TextLine ID="LINE3" HEIGHT="107" WIDTH="1690" HPOS="176" VPOS="767">
							<String ID="STRING9" STYLEREFS="STYLE2" HEIGHT="94" WIDTH="128" HPOS="176" VPOS="780" CONTENT="ihre" WC="0.64" LANG="deu"/>
							<SP ID="SP7" WIDTH="48" HPOS="304" VPOS="780"/>
							<String ID="STRING10" STYLEREFS="STYLE2" HEIGHT="91" WIDTH="430" HPOS="352" VPOS="779" CONTENT="Meynungen" WC="0.89" LANG="deu"/>
							<SP ID="SP8" WIDTH="48" HPOS="782" VPOS="779"/>
							<String ID="STRING11" STYLEREFS="STYLE2" HEIGHT="92" WIDTH="344" HPOS="830" VPOS="772" CONTENT="beharren," WC="0.77" LANG="deu"/>
							<SP ID="SP9" WIDTH="74" HPOS="1174" VPOS="772"/>
							<String ID="STRING12" STYLEREFS="STYLE2" HEIGHT="69" WIDTH="132" HPOS="1248" VPOS="780" CONTENT="und" WC="0.75" LANG="deu"/>
							<SP ID="SP10" WIDTH="44" HPOS="1380" VPOS="780"/>
							<String ID="STRING13" STYLEREFS="STYLE2" HEIGHT="94" WIDTH="132" HPOS="1424" VPOS="770" CONTENT="ihre" WC="0.9" LANG="deu"/>
							<SP ID="SP11" WIDTH="40" HPOS="1556" VPOS="770"/>
							<String ID="STRING14" STYLEREFS="STYLE2" HEIGHT="100" WIDTH="270" HPOS="1596" VPOS="767" CONTENT="Hörner" WC="0.66" LANG="deu"/>
						</TextLine>
						<TextLine ID="LINE4" HEIGHT="101" WIDTH="1697" HPOS="174" VPOS="871">
							<String ID="STRING15" STYLEREFS="STYLE2" HEIGHT="94" WIDTH="447" HPOS="174" VPOS="878" CONTENT="tausendmahl" WC="0.77" LANG="deu"/>
							<SP ID="SP12" WIDTH="53" HPOS="621" VPOS="878"/>
							<String ID="STRING16" STYLEREFS="STYLE2" HEIGHT="58" WIDTH="123" HPOS="674" VPOS="893" CONTENT="vor" WC="0.59" LANG="deu"/>
							<SP ID="SP13" WIDTH="45" HPOS="797" VPOS="893"/>
							<String ID="STRING17" STYLEREFS="STYLE2" HEIGHT="95" WIDTH="357" HPOS="842" VPOS="871" CONTENT="Bagatelle" WC="0.8" LANG="deu"/>
							<SP ID="SP14" WIDTH="29" HPOS="1199" VPOS="871"/>
							<String ID="STRING18" STYLEREFS="STYLE2" HEIGHT="84" WIDTH="237" HPOS="1228" VPOS="878" CONTENT="wehen." WC="0.75" LANG="deu"/>
							<SP ID="SP15" WIDTH="155" HPOS="1465" VPOS="878"/>
							<String ID="STRING19" STYLEREFS="STYLE2" HEIGHT="91" WIDTH="251" HPOS="1620" VPOS="871" CONTENT="Dieses" WC="0.82" LANG="deu"/>
						</TextLine>
						<TextLine ID="LINE5" HEIGHT="107" WIDTH="1666" HPOS="173" VPOS="968">
							<String ID="STRING20" STYLEREFS="STYLE2" HEIGHT="73" WIDTH="154" HPOS="173" VPOS="1002" CONTENT="mag" WC="0.71" LANG="deu"/>
							<SP ID="SP16" WIDTH="30" HPOS="327" VPOS="1002"/>
							<String ID="STRING21" STYLEREFS="STYLE2" HEIGHT="97" WIDTH="220" HPOS="357" VPOS="977" CONTENT="treffen" WC="0.86" LANG="deu"/>
							<SP ID="SP17" WIDTH="28" HPOS="577" VPOS="977"/>
							<String ID="STRING22" STYLEREFS="STYLE2" HEIGHT="57" WIDTH="170" HPOS="605" VPOS="997" CONTENT="wem" WC="0.76" LANG="deu"/>
							<SP ID="SP18" WIDTH="30" HPOS="775" VPOS="997"/>
							<String ID="STRING23" STYLEREFS="STYLE2" HEIGHT="68" WIDTH="68" HPOS="805" VPOS="983" CONTENT="es" WC="1" LANG="deu"/>
							<SP ID="SP19" WIDTH="34" HPOS="873" VPOS="983"/>
							<String ID="STRING24" STYLEREFS="STYLE2" HEIGHT="88" WIDTH="176" HPOS="907" VPOS="976" CONTENT="will," WC="0.79" LANG="deu"/>
							<SP ID="SP20" WIDTH="56" HPOS="1083" VPOS="976"/>
							<String ID="STRING25" STYLEREFS="STYLE2" HEIGHT="90" WIDTH="162" HPOS="1139" VPOS="971" CONTENT="mich" WC="0.48" LANG="deu"/>
							<SP ID="SP21" WIDTH="32" HPOS="1301" VPOS="971"/>
							<String ID="STRING26" STYLEREFS="STYLE2" HEIGHT="92" WIDTH="216" HPOS="1333" VPOS="968" CONTENT="rühret" WC="0.64" LANG="deu"/>
							<SP ID="SP22" WIDTH="18" HPOS="1549" VPOS="968"/>
							<String ID="STRING27" STYLEREFS="STYLE2" HEIGHT="68" WIDTH="72" HPOS="1567" VPOS="981" CONTENT="es" WC="1" LANG="deu"/>
							<SP ID="SP23" WIDTH="24" HPOS="1639" VPOS="981"/>
							<String ID="STRING28" STYLEREFS="STYLE2" HEIGHT="74" WIDTH="86" HPOS="1663" VPOS="975" CONTENT="im" WC="0.58" LANG="deu"/>
							<SP ID="SP24" WIDTH="22" HPOS="1749" VPOS="975"/>
							<String ID="STRING29" STYLEREFS="STYLE2" HEIGHT="74" WIDTH="68" HPOS="1771" VPOS="992" CONTENT="ge" SUBS_TYPE="HypPart1" SUBS_CONTENT="geringsten" WC="0.95" LANG="deu"/>
							<HYP CONTENT="-"/>
						</TextLine>
						<TextLine ID="LINE6" HEIGHT="105" WIDTH="1671" HPOS="169" VPOS="1070">
							<String ID="STRING30" STYLEREFS="STYLE2" HEIGHT="94" WIDTH="273" HPOS="169" VPOS="1081" CONTENT="ringsten" SUBS_TYPE="HypPart2" SUBS_CONTENT="geringsten" WC="0.72" LANG="deu"/>
							<SP ID="SP25" WIDTH="19" HPOS="442" VPOS="1081"/>
							<String ID="STRING31" STYLEREFS="STYLE2" HEIGHT="96" WIDTH="209" HPOS="461" VPOS="1078" CONTENT="nicht;" WC="0.61" LANG="deu"/>
							<SP ID="SP26" WIDTH="51" HPOS="670" VPOS="1078"/>
							<String ID="STRING32" STYLEREFS="STYLE2" HEIGHT="66" WIDTH="165" HPOS="721" VPOS="1085" CONTENT="denn" WC="0.81" LANG="deu"/>
							<SP ID="SP27" WIDTH="15" HPOS="886" VPOS="1085"/>
							<String ID="STRING33" STYLEREFS="STYLE2" HEIGHT="76" WIDTH="147" HPOS="901" VPOS="1074" CONTENT="eben" WC="0.83" LANG="deu"/>
							<SP ID="SP28" WIDTH="29" HPOS="1048" VPOS="1074"/>
							<String ID="STRING34" STYLEREFS="STYLE2" HEIGHT="87" WIDTH="87" HPOS="1077" VPOS="1072" CONTENT="so," WC="0.65" LANG="deu"/>
							<SP ID="SP29" WIDTH="27" HPOS="1164" VPOS="1072"/>
							<String ID="STRING35" STYLEREFS="STYLE2" HEIGHT="76" WIDTH="125" HPOS="1191" VPOS="1073" CONTENT="wie" WC="0.77" LANG="deu"/>
							<SP ID="SP30" WIDTH="33" HPOS="1316" VPOS="1073"/>
							<String ID="STRING36" STYLEREFS="STYLE2" HEIGHT="92" WIDTH="87" HPOS="1349" VPOS="1070" CONTENT="ich" WC="0.57" LANG="deu"/>
							<SP ID="SP31" WIDTH="19" HPOS="1436" VPOS="1070"/>
							<String ID="STRING37" STYLEREFS="STYLE2" HEIGHT="90" WIDTH="165" HPOS="1455" VPOS="1075" CONTENT="mich" WC="0.54" LANG="deu"/>
							<SP ID="SP32" WIDTH="19" HPOS="1620" VPOS="1075"/>
							<String ID="STRING38" STYLEREFS="STYLE2" HEIGHT="74" WIDTH="63" HPOS="1639" VPOS="1073" CONTENT="in" WC="0.85" LANG="deu"/>
							<SP ID="SP33" WIDTH="17" HPOS="1702" VPOS="1073"/>
							<String ID="STRING39" STYLEREFS="STYLE2" HEIGHT="78" WIDTH="121" HPOS="1719" VPOS="1074" CONTENT="mei" SUBS_TYPE="HypPart1" SUBS_CONTENT="meiner" WC="0.69" LANG="deu"/>
							<HYP CONTENT="-"/>
						</TextLine>
						<TextLine ID="LINE7" HEIGHT="106" WIDTH="1702" HPOS="170" VPOS="1168">
							<String ID="STRING40" STYLEREFS="STYLE2" HEIGHT="60" WIDTH="112" HPOS="170" VPOS="1202" CONTENT="ner" SUBS_TYPE="HypPart2" SUBS_CONTENT="meiner" WC="0.58" LANG="deu"/>
							<SP ID="SP34" WIDTH="44" HPOS="282" VPOS="1202"/>
							<String ID="STRING41" STYLEREFS="STYLE2" HEIGHT="95" WIDTH="224" HPOS="326" VPOS="1179" CONTENT="Kunst" WC="0.54" LANG="deu"/>
							<SP ID="SP35" WIDTH="50" HPOS="550" VPOS="1179"/>
							<String ID="STRING42" STYLEREFS="STYLE2" HEIGHT="96" WIDTH="138" HPOS="600" VPOS="1174" CONTENT="frey" WC="0.81" LANG="deu"/>
							<SP ID="SP36" WIDTH="44" HPOS="738" VPOS="1174"/>
							<String ID="STRING43" STYLEREFS="STYLE2" HEIGHT="78" WIDTH="72" HPOS="782" VPOS="1189" CONTENT="zu" WC="0.51" LANG="deu"/>
							<SP ID="SP37" WIDTH="46" HPOS="854" VPOS="1189"/>
							<String ID="STRING44" STYLEREFS="STYLE2" HEIGHT="93" WIDTH="274" HPOS="900" VPOS="1171" CONTENT="handeln" WC="0.84" LANG="deu"/>
							<SP ID="SP38" WIDTH="30" HPOS="1174" VPOS="1171"/>
							<String ID="STRING45" STYLEREFS="STYLE2" HEIGHT="69" WIDTH="140" HPOS="1204" VPOS="1178" CONTENT="und" WC="0.77" LANG="deu"/>
							<SP ID="SP39" WIDTH="32" HPOS="1344" VPOS="1178"/>
							<String ID="STRING46" STYLEREFS="STYLE2" HEIGHT="95" WIDTH="134" HPOS="1376" VPOS="1168" CONTENT="frey" WC="1" LANG="deu"/>
							<SP ID="SP40" WIDTH="28" HPOS="1510" VPOS="1168"/>
							<String ID="STRING47" STYLEREFS="STYLE2" HEIGHT="74" WIDTH="70" HPOS="1538" VPOS="1191" CONTENT="zu" WC="0.59" LANG="deu"/>
							<SP ID="SP41" WIDTH="32" HPOS="1608" VPOS="1191"/>
							<String ID="STRING48" STYLEREFS="STYLE2" HEIGHT="80" WIDTH="232" HPOS="1640" VPOS="1172" CONTENT="denken" WC="0.69" LANG="deu"/>
						</TextLine>
						<TextLine ID="LINE8" HEIGHT="109" WIDTH="1677" HPOS="172" VPOS="1269">
							<String ID="STRING49" STYLEREFS="STYLE2" HEIGHT="101" WIDTH="335" HPOS="172" VPOS="1277" CONTENT="gewöhnet" WC="0.62" LANG="deu"/>
							<SP ID="SP42" WIDTH="33" HPOS="507" VPOS="1277"/>
							<String ID="STRING50" STYLEREFS="STYLE2" HEIGHT="90" WIDTH="197" HPOS="540" VPOS="1278" CONTENT="habe," WC="0.79" LANG="deu"/>
							<SP ID="SP43" WIDTH="49" HPOS="737" VPOS="1278"/>
							<String ID="STRING51" STYLEREFS="STYLE2" HEIGHT="92" WIDTH="63" HPOS="786" VPOS="1275" CONTENT="so" WC="0.56" LANG="deu"/>
							<SP ID="SP44" WIDTH="31" HPOS="849" VPOS="1275"/>
							<String ID="STRING52" STYLEREFS="STYLE2" HEIGHT="100" WIDTH="139" HPOS="880" VPOS="1270" CONTENT="lasse" WC="0.97" LANG="deu"/>
							<SP ID="SP45" WIDTH="29" HPOS="1019" VPOS="1270"/>
							<String ID="STRING53" STYLEREFS="STYLE2" HEIGHT="93" WIDTH="95" HPOS="1048" VPOS="1274" CONTENT="ich" WC="0.66" LANG="deu"/>
							<SP ID="SP46" WIDTH="31" HPOS="1143" VPOS="1274"/>
							<String ID="STRING54" STYLEREFS="STYLE2" HEIGHT="97" WIDTH="163" HPOS="1174" VPOS="1269" CONTENT="auch" WC="0.65" LANG="deu"/>
							<SP ID="SP47" WIDTH="35" HPOS="1337" VPOS="1269"/>
							<String ID="STRING55" STYLEREFS="STYLE2" HEIGHT="76" WIDTH="243" HPOS="1372" VPOS="1274" CONTENT="meinen" WC="0.92" LANG="deu"/>
							<SP ID="SP48" WIDTH="41" HPOS="1615" VPOS="1274"/>
							<String ID="STRING56" STYLEREFS="STYLE2" HEIGHT="92" WIDTH="193" HPOS="1656" VPOS="1272" CONTENT="Gesel" SUBS_TYPE="HypPart1" SUBS_CONTENT="Gesellen" WC="0.83" LANG="deu"/>
							<HYP CONTENT="-"/>
						</TextLine>
						<TextLine ID="LINE9" HEIGHT="106" WIDTH="1696" HPOS="175" VPOS="1368">
							<String ID="STRING57" STYLEREFS="STYLE2" HEIGHT="74" WIDTH="96" HPOS="175" VPOS="1388" CONTENT="len" SUBS_TYPE="HypPart2" SUBS_CONTENT="Gesellen" WC="1" LANG="deu"/>
							<SP ID="SP49" WIDTH="28" HPOS="271" VPOS="1388"/>
							<String ID="STRING58" STYLEREFS="STYLE2" HEIGHT="88" WIDTH="152" HPOS="299" VPOS="1381" CONTENT="diese" WC="0.73" LANG="deu"/>
							<SP ID="SP50" WIDTH="36" HPOS="451" VPOS="1381"/>
							<String ID="STRING59" STYLEREFS="STYLE2" HEIGHT="97" WIDTH="322" HPOS="487" VPOS="1377" CONTENT="Freyheit." WC="0.66" LANG="deu"/>
							<SP ID="SP51" WIDTH="70" HPOS="809" VPOS="1377"/>
							<String ID="STRING60" STYLEREFS="STYLE2" HEIGHT="77" WIDTH="150" HPOS="879" VPOS="1377" CONTENT="Und" WC="0.75" LANG="deu"/>
							<SP ID="SP52" WIDTH="36" HPOS="1029" VPOS="1377"/>
							<String ID="STRING61" STYLEREFS="STYLE2" HEIGHT="60" WIDTH="190" HPOS="1065" VPOS="1389" CONTENT="wenn" WC="0.9" LANG="deu"/>
							<SP ID="SP53" WIDTH="36" HPOS="1255" VPOS="1389"/>
							<String ID="STRING62" STYLEREFS="STYLE2" HEIGHT="94" WIDTH="90" HPOS="1291" VPOS="1368" CONTENT="ich" WC="0.54" LANG="deu"/>
							<SP ID="SP54" WIDTH="32" HPOS="1381" VPOS="1368"/>
							<String ID="STRING63" STYLEREFS="STYLE2" HEIGHT="96" WIDTH="268" HPOS="1413" VPOS="1373" CONTENT="gewahr" WC="0.79" LANG="deu"/>
							<SP ID="SP55" WIDTH="28" HPOS="1681" VPOS="1373"/>
							<String ID="STRING64" STYLEREFS="STYLE2" HEIGHT="60" WIDTH="162" HPOS="1709" VPOS="1392" CONTENT="wer," WC="0.7" LANG="deu"/>
						</TextLine>
						<TextLine ID="LINE10" HEIGHT="107" WIDTH="1701" HPOS="167" VPOS="1469">
							<String ID="STRING65" STYLEREFS="STYLE2" HEIGHT="86" WIDTH="117" HPOS="167" VPOS="1490" CONTENT="de," WC="0.62" LANG="deu"/>
							<SP ID="SP56" WIDTH="73" HPOS="284" VPOS="1490"/>
							<String ID="STRING66" STYLEREFS="STYLE2" HEIGHT="94" WIDTH="129" HPOS="357" VPOS="1481" CONTENT="daß" WC="0.59" LANG="deu"/>
							<SP ID="SP57" WIDTH="41" HPOS="486" VPOS="1481"/>
							<String ID="STRING67" STYLEREFS="STYLE2" HEIGHT="88" WIDTH="75" HPOS="527" VPOS="1482" CONTENT="sie" WC="0.53" LANG="deu"/>
							<SP ID="SP58" WIDTH="49" HPOS="602" VPOS="1482"/>
							<String ID="STRING68" STYLEREFS="STYLE2" HEIGHT="72" WIDTH="177" HPOS="651" VPOS="1482" CONTENT="einen" WC="0.88" LANG="deu"/>
							<SP ID="SP59" WIDTH="49" HPOS="828" VPOS="1482"/>
							<String ID="STRING69" STYLEREFS="STYLE2" HEIGHT="94" WIDTH="283" HPOS="877" VPOS="1474" CONTENT="leichtern" WC="0.76" LANG="deu"/>
							<SP ID="SP60" WIDTH="51" HPOS="1160" VPOS="1474"/>
							<String ID="STRING70" STYLEREFS="STYLE2" HEIGHT="97" WIDTH="197" HPOS="1211" VPOS="1469" CONTENT="Weg" WC="0.59" LANG="deu"/>
							<SP ID="SP61" WIDTH="51" HPOS="1408" VPOS="1469"/>
							<String ID="STRING71" STYLEREFS="STYLE2" HEIGHT="70" WIDTH="135" HPOS="1459" VPOS="1481" CONTENT="und" WC="0.7" LANG="deu"/>
							<SP ID="SP62" WIDTH="51" HPOS="1594" VPOS="1481"/>
							<String ID="STRING72" STYLEREFS="STYLE2" HEIGHT="98" WIDTH="223" HPOS="1645" VPOS="1472" CONTENT="bessere" WC="0.69" LANG="deu"/>
						</TextLine>
						<TextLine ID="LINE11" HEIGHT="108" WIDTH="1702" HPOS="170" VPOS="1570">
							<String ID="STRING73" STYLEREFS="STYLE2" HEIGHT="99" WIDTH="398" HPOS="170" VPOS="1579" CONTENT="Handgriffe" WC="0.71" LANG="deu"/>
							<SP ID="SP63" WIDTH="36" HPOS="568" VPOS="1579"/>
							<String ID="STRING74" STYLEREFS="STYLE2" HEIGHT="70" WIDTH="106" HPOS="604" VPOS="1598" CONTENT="zur" WC="0.62" LANG="deu"/>
							<SP ID="SP64" WIDTH="36" HPOS="710" VPOS="1598"/>
							<String ID="STRING75" STYLEREFS="STYLE2" HEIGHT="92" WIDTH="494" HPOS="746" VPOS="1573" CONTENT="Ausarbeitung" WC="0.71" LANG="deu"/>
							<SP ID="SP65" WIDTH="34" HPOS="1240" VPOS="1573"/>
							<String ID="STRING76" STYLEREFS="STYLE2" HEIGHT="100" WIDTH="278" HPOS="1274" VPOS="1570" CONTENT="gewisser" WC="0.74" LANG="deu"/>
							<SP ID="SP66" WIDTH="32" HPOS="1552" VPOS="1570"/>
							<String ID="STRING77" STYLEREFS="STYLE2" HEIGHT="97" WIDTH="288" HPOS="1584" VPOS="1573" CONTENT="Sachen" WC="0.84" LANG="deu"/>
						</TextLine>
						<TextLine ID="LINE12" HEIGHT="101" WIDTH="1665" HPOS="172" VPOS="1674">
							<String ID="STRING78" STYLEREFS="STYLE2" HEIGHT="70" WIDTH="113" HPOS="172" VPOS="1690" CONTENT="als" WC="1" LANG="deu"/>
							<SP ID="SP67" WIDTH="37" HPOS="285" VPOS="1690"/>
							<String ID="STRING79" STYLEREFS="STYLE2" HEIGHT="92" WIDTH="135" HPOS="322" VPOS="1683" CONTENT="ich," WC="0.59" LANG="deu"/>
							<SP ID="SP68" WIDTH="53" HPOS="457" VPOS="1683"/>
							<String ID="STRING80" STYLEREFS="STYLE2" HEIGHT="92" WIDTH="237" HPOS="510" VPOS="1680" CONTENT="besitzen" WC="0.76" LANG="deu"/>
							<SP ID="SP69" WIDTH="17" HPOS="747" VPOS="1680"/>
							<String ID="STRING81" STYLEREFS="STYLE2" HEIGHT="42" WIDTH="23" HPOS="764" VPOS="1725" CONTENT="," WC="0.6" LANG="deu"/>
							<SP ID="SP70" WIDTH="55" HPOS="787" VPOS="1725"/>
							<String ID="STRING82" STYLEREFS="STYLE2" HEIGHT="92" WIDTH="59" HPOS="842" VPOS="1675" CONTENT="so" WC="0.69" LANG="deu"/>
							<SP ID="SP71" WIDTH="35" HPOS="901" VPOS="1675"/>
							<String ID="STRING83" STYLEREFS="STYLE2" HEIGHT="78" WIDTH="107" HPOS="936" VPOS="1674" CONTENT="bin" WC="0.67" LANG="deu"/>
							<SP ID="SP72" WIDTH="33" HPOS="1043" VPOS="1674"/>
							<String ID="STRING84" STYLEREFS="STYLE2" HEIGHT="93" WIDTH="85" HPOS="1076" VPOS="1674" CONTENT="ich" WC="0.71" LANG="deu"/>
							<SP ID="SP73" WIDTH="37" HPOS="1161" VPOS="1674"/>
							<String ID="STRING85" STYLEREFS="STYLE2" HEIGHT="90" WIDTH="229" HPOS="1198" VPOS="1674" CONTENT="bereit," WC="0.8" LANG="deu"/>
							<SP ID="SP74" WIDTH="53" HPOS="1427" VPOS="1674"/>
							<String ID="STRING86" STYLEREFS="STYLE2" HEIGHT="76" WIDTH="201" HPOS="1480" VPOS="1675" CONTENT="meine" WC="0.92" LANG="deu"/>
							<SP ID="SP75" WIDTH="31" HPOS="1681" VPOS="1675"/>
							<String ID="STRING87" STYLEREFS="STYLE2" HEIGHT="92" WIDTH="125" HPOS="1712" VPOS="1678" CONTENT="eige" SUBS_TYPE="HypPart1" SUBS_CONTENT="eigene" WC="0.82" LANG="deu"/>
							<HYP CONTENT="-"/>
						</TextLine>
						<TextLine ID="LINE13" HEIGHT="112" WIDTH="1658" HPOS="171" VPOS="1762">
							<String ID="STRING88" STYLEREFS="STYLE2" HEIGHT="60" WIDTH="74" HPOS="171" VPOS="1802" CONTENT="ne" SUBS_TYPE="HypPart2" SUBS_CONTENT="eigene" WC="1" LANG="deu"/>
							<SP ID="SP76" WIDTH="34" HPOS="245" VPOS="1802"/>
							<String ID="STRING89" STYLEREFS="STYLE2" HEIGHT="92" WIDTH="350" HPOS="279" VPOS="1782" CONTENT="Meynung" WC="0.74" LANG="deu"/>
							<SP ID="SP77" WIDTH="28" HPOS="629" VPOS="1782"/>
							<String ID="STRING90" STYLEREFS="STYLE2" HEIGHT="73" WIDTH="118" HPOS="657" VPOS="1781" CONTENT="viel" WC="0.78" LANG="deu"/>
							<SP ID="SP78" WIDTH="52" HPOS="775" VPOS="1781"/>
							<String ID="STRING91" STYLEREFS="STYLE2" HEIGHT="77" WIDTH="184" HPOS="827" VPOS="1776" CONTENT="lieber" WC="0.78" LANG="deu"/>
							<SP ID="SP79" WIDTH="46" HPOS="1011" VPOS="1776"/>
							<String ID="STRING92" STYLEREFS="STYLE2" HEIGHT="76" WIDTH="70" HPOS="1057" VPOS="1790" CONTENT="zu" WC="0.32" LANG="deu"/>
							<SP ID="SP80" WIDTH="48" HPOS="1127" VPOS="1790"/>
							<String ID="STRING93" STYLEREFS="STYLE2" HEIGHT="104" WIDTH="386" HPOS="1175" VPOS="1762" CONTENT="verwerfen," WC="0.91" LANG="deu"/>
							<SP ID="SP81" WIDTH="54" HPOS="1561" VPOS="1762"/>
							<String ID="STRING94" STYLEREFS="STYLE2" HEIGHT="69" WIDTH="112" HPOS="1615" VPOS="1783" CONTENT="als" WC="1" LANG="deu"/>
							<SP ID="SP82" WIDTH="42" HPOS="1727" VPOS="1783"/>
							<String ID="STRING95" STYLEREFS="STYLE2" HEIGHT="92" WIDTH="60" HPOS="1769" VPOS="1776" CONTENT="ih" SUBS_TYPE="HypPart1" SUBS_CONTENT="ihnen" WC="0.6" LANG="deu"/>
							<HYP CONTENT="-"/>
						</TextLine>
						<TextLine ID="LINE14" HEIGHT="103" WIDTH="1695" HPOS="169" VPOS="1872">
							<String ID="STRING96" STYLEREFS="STYLE2" HEIGHT="58" WIDTH="123" HPOS="169" VPOS="1904" CONTENT="nen" SUBS_TYPE="HypPart2" SUBS_CONTENT="ihnen" WC="1" LANG="deu"/>
							<SP ID="SP83" WIDTH="45" HPOS="292" VPOS="1904"/>
							<String ID="STRING97" STYLEREFS="STYLE2" HEIGHT="92" WIDTH="479" HPOS="337" VPOS="1883" CONTENT="aufzubringen." WC="0.78" LANG="deu"/>
							<SP ID="SP84" WIDTH="73" HPOS="816" VPOS="1883"/>
							<String ID="STRING98" STYLEREFS="STYLE2" HEIGHT="92" WIDTH="361" HPOS="889" VPOS="1875" CONTENT="Derjenige" WC="0.78" LANG="deu"/>
							<SP ID="SP85" WIDTH="39" HPOS="1250" VPOS="1875"/>
							<String ID="STRING99" STYLEREFS="STYLE2" HEIGHT="94" WIDTH="189" HPOS="1289" VPOS="1872" CONTENT="aber," WC="0.67" LANG="deu"/>
							<SP ID="SP86" WIDTH="55" HPOS="1478" VPOS="1872"/>
							<String ID="STRING100" STYLEREFS="STYLE2" HEIGHT="68" WIDTH="107" HPOS="1533" VPOS="1883" CONTENT="der" WC="0.57" LANG="deu"/>
							<SP ID="SP87" WIDTH="41" HPOS="1640" VPOS="1883"/>
							<String ID="STRING101" STYLEREFS="STYLE2" HEIGHT="76" WIDTH="183" HPOS="1681" VPOS="1895" CONTENT="zwar" WC="0.57" LANG="deu"/>
						</TextLine>
						<TextLine ID="LINE15" HEIGHT="109" WIDTH="1694" HPOS="164" VPOS="1968">
							<String ID="STRING102" STYLEREFS="STYLE2" HEIGHT="78" WIDTH="102" HPOS="164" VPOS="1984" CONTENT="die" WC="0.61" LANG="deu"/>
							<SP ID="SP88" WIDTH="60" HPOS="266" VPOS="1984"/>
							<String ID="STRING103" STYLEREFS="STYLE2" HEIGHT="109" WIDTH="830" HPOS="326" VPOS="1968" CONTENT="Handwerksgebräuche," WC="0.64" LANG="deu"/>
							<SP ID="SP89" WIDTH="100" HPOS="1156" VPOS="1968"/>
							<String ID="STRING104" STYLEREFS="STYLE2" HEIGHT="79" WIDTH="152" HPOS="1256" VPOS="1973" CONTENT="aber" WC="0.67" LANG="deu"/>
							<SP ID="SP90" WIDTH="62" HPOS="1408" VPOS="1973"/>
							<String ID="STRING105" STYLEREFS="STYLE2" HEIGHT="92" WIDTH="168" HPOS="1470" VPOS="1975" CONTENT="nicht" WC="0.9" LANG="deu"/>
							<SP ID="SP91" WIDTH="86" HPOS="1638" VPOS="1975"/>
							<String ID="STRING106" STYLEREFS="STYLE2" HEIGHT="70" WIDTH="134" HPOS="1724" VPOS="1986" CONTENT="das" WC="0.75" LANG="deu"/>
						</TextLine>
						<TextLine ID="LINE16" HEIGHT="108" WIDTH="1699" HPOS="164" VPOS="2072">
							<String ID="STRING107" STYLEREFS="STYLE2" HEIGHT="100" WIDTH="387" HPOS="164" VPOS="2080" CONTENT="Handwerk" WC="0.8" LANG="deu"/>
							<SP ID="SP92" WIDTH="33" HPOS="551" VPOS="2080"/>
							<String ID="STRING108" STYLEREFS="STYLE2" HEIGHT="91" WIDTH="191" HPOS="584" VPOS="2078" CONTENT="selbst," WC="0.56" LANG="deu"/>
							<SP ID="SP93" WIDTH="47" HPOS="775" VPOS="2078"/>
							<String ID="STRING109" STYLEREFS="STYLE2" HEIGHT="94" WIDTH="329" HPOS="822" VPOS="2074" CONTENT="verstehet," WC="0.65" LANG="deu"/>
							<SP ID="SP94" WIDTH="55" HPOS="1151" VPOS="2074"/>
							<String ID="STRING110" STYLEREFS="STYLE2" HEIGHT="76" WIDTH="171" HPOS="1206" VPOS="2075" CONTENT="wird" WC="0.81" LANG="deu"/>
							<SP ID="SP95" WIDTH="35" HPOS="1377" VPOS="2075"/>
							<String ID="STRING111" STYLEREFS="STYLE2" HEIGHT="79" WIDTH="275" HPOS="1412" VPOS="2072" CONTENT="niemals" WC="0.88" LANG="deu"/>
							<SP ID="SP96" WIDTH="39" HPOS="1687" VPOS="2072"/>
							<String ID="STRING112" STYLEREFS="STYLE2" HEIGHT="60" WIDTH="137" HPOS="1726" VPOS="2096" CONTENT="von" WC="0.82" LANG="deu"/>
						</TextLine>
						<TextLine ID="LINE17" HEIGHT="105" WIDTH="1694" HPOS="165" VPOS="2172">
							<String ID="STRING113" STYLEREFS="STYLE2" HEIGHT="74" WIDTH="128" HPOS="165" VPOS="2186" CONTENT="mir" WC="0.56" LANG="deu"/>
							<SP ID="SP97" WIDTH="24" HPOS="293" VPOS="2186"/>
							<String ID="STRING114" STYLEREFS="STYLE2" HEIGHT="100" WIDTH="356" HPOS="317" VPOS="2177" CONTENT="gefürchtet," WC="0.69" LANG="deu"/>
							<SP ID="SP98" WIDTH="28" HPOS="673" VPOS="2177"/>
							<String ID="STRING115" STYLEREFS="STYLE2" HEIGHT="94" WIDTH="172" HPOS="701" VPOS="2179" CONTENT="(weil" WC="0.71" LANG="deu"/>
							<SP ID="SP99" WIDTH="44" HPOS="873" VPOS="2179"/>
							<String ID="STRING116" STYLEREFS="STYLE2" HEIGHT="84" WIDTH="86" HPOS="917" VPOS="2176" CONTENT="ich" WC="0.69" LANG="deu"/>
							<SP ID="SP100" WIDTH="30" HPOS="1003" VPOS="2176"/>
							<String ID="STRING117" STYLEREFS="STYLE2" HEIGHT="72" WIDTH="60" HPOS="1033" VPOS="2180" CONTENT="in" WC="1" LANG="deu"/>
							<SP ID="SP101" WIDTH="28" HPOS="1093" VPOS="2180"/>
							<String ID="STRING118" STYLEREFS="STYLE2" HEIGHT="76" WIDTH="242" HPOS="1121" VPOS="2175" CONTENT="meinen" WC="0.8" LANG="deu"/>
							<SP ID="SP102" WIDTH="18" HPOS="1363" VPOS="2175"/>
							<String ID="STRING119" STYLEREFS="STYLE2" HEIGHT="96" WIDTH="478" HPOS="1381" VPOS="2172" CONTENT="Gesellenstand" WC="0.85" LANG="deu"/>
						</TextLine>
						<TextLine ID="LINE18" HEIGHT="105" WIDTH="1706" HPOS="118" VPOS="2270">
							<String ID="STRING120" STYLEREFS="STYLE2" HEIGHT="20" WIDTH="18" HPOS="118" VPOS="2350" CONTENT="," WC="0.22" LANG="deu"/>
							<SP ID="SP103" WIDTH="23" HPOS="136" VPOS="2350"/>
							<String ID="STRING121" STYLEREFS="STYLE2" HEIGHT="95" WIDTH="175" HPOS="159" VPOS="2280" CONTENT="selbst" WC="0.65" LANG="deu"/>
							<SP ID="SP104" WIDTH="33" HPOS="334" VPOS="2280"/>
							<String ID="STRING122" STYLEREFS="STYLE2" HEIGHT="66" WIDTH="205" HPOS="367" VPOS="2293" CONTENT="davor" WC="0.67" LANG="deu"/>
							<SP ID="SP105" WIDTH="25" HPOS="572" VPOS="2293"/>
							<String ID="STRING123" STYLEREFS="STYLE2" HEIGHT="68" WIDTH="211" HPOS="597" VPOS="2288" CONTENT="weder" WC="0.76" LANG="deu"/>
							<SP ID="SP106" WIDTH="29" HPOS="808" VPOS="2288"/>
							<String ID="STRING124" STYLEREFS="STYLE2" HEIGHT="97" WIDTH="239" HPOS="837" VPOS="2274" CONTENT="geehrer" WC="0.72" LANG="deu"/>
							<SP ID="SP107" WIDTH="27" HPOS="1076" VPOS="2274"/>
							<String ID="STRING125" STYLEREFS="STYLE2" HEIGHT="84" WIDTH="153" HPOS="1103" VPOS="2275" CONTENT="noch" WC="0.51" LANG="deu"/>
							<SP ID="SP108" WIDTH="41" HPOS="1256" VPOS="2275"/>
							<String ID="STRING126" STYLEREFS="STYLE2" HEIGHT="96" WIDTH="343" HPOS="1297" VPOS="2270" CONTENT="gefürchtet" WC="0.65" LANG="deu"/>
							<SP ID="SP109" WIDTH="39" HPOS="1640" VPOS="2270"/>
							<String ID="STRING127" STYLEREFS="STYLE2" HEIGHT="61" WIDTH="145" HPOS="1679" VPOS="2295" CONTENT="wor" SUBS_TYPE="HypPart1" SUBS_CONTENT="worden,)" WC="0.63" LANG="deu"/>
							<HYP CONTENT="-"/>
						</TextLine>
						<TextLine ID="LINE19" HEIGHT="102" WIDTH="1658" HPOS="164" VPOS="2370">
							<String ID="STRING128" STYLEREFS="STYLE2" HEIGHT="85" WIDTH="168" HPOS="164" VPOS="2387" CONTENT="den,)" SUBS_TYPE="HypPart2" SUBS_CONTENT="worden,)" WC="0.73" LANG="deu"/>
							<SP ID="SP110" WIDTH="16" HPOS="332" VPOS="2387"/>
							<String ID="STRING129" STYLEREFS="STYLE2" HEIGHT="88" WIDTH="172" HPOS="348" VPOS="2383" CONTENT="wohl" WC="0.6" LANG="deu"/>
							<SP ID="SP111" WIDTH="20" HPOS="520" VPOS="2383"/>
							<String ID="STRING130" STYLEREFS="STYLE2" HEIGHT="74" WIDTH="152" HPOS="540" VPOS="2382" CONTENT="aber" WC="0.81" LANG="deu"/>
							<SP ID="SP112" WIDTH="20" HPOS="692" VPOS="2382"/>
							<String ID="STRING131" STYLEREFS="STYLE2" HEIGHT="79" WIDTH="462" HPOS="712" VPOS="2377" CONTENT="mitMuleiben" WC="0.65" LANG="deu"/>
							<SP ID="SP113" WIDTH="20" HPOS="1174" VPOS="2377"/>
							<String ID="STRING132" STYLEREFS="STYLE2" HEIGHT="97" WIDTH="448" HPOS="1194" VPOS="2370" CONTENT="undVeracht" WC="0.66" LANG="deu"/>
							<SP ID="SP114" WIDTH="18" HPOS="1642" VPOS="2370"/>
							<String ID="STRING133" STYLEREFS="STYLE2" HEIGHT="73" WIDTH="162" HPOS="1660" VPOS="2395" CONTENT="ange" SUBS_TYPE="HypPart1" SUBS_CONTENT="angesehen" WC="0.84" LANG="deu"/>
							<HYP CONTENT="-"/>
						</TextLine>
						<TextLine ID="LINE20" HEIGHT="100" WIDTH="1691" HPOS="164" VPOS="2472">
							<String ID="STRING134" STYLEREFS="STYLE2" HEIGHT="92" WIDTH="181" HPOS="164" VPOS="2480" CONTENT="sehen" SUBS_TYPE="HypPart2" SUBS_CONTENT="angesehen" WC="0.74" LANG="deu"/>
							<SP ID="SP115" WIDTH="41" HPOS="345" VPOS="2480"/>
							<String ID="STRING135" STYLEREFS="STYLE2" HEIGHT="67" WIDTH="283" HPOS="386" VPOS="2492" CONTENT="worben." WC="0.68" LANG="deu"/>
							<SP ID="SP116" WIDTH="67" HPOS="669" VPOS="2492"/>
							<String ID="STRING136" STYLEREFS="STYLE2" HEIGHT="78" WIDTH="149" HPOS="736" VPOS="2477" CONTENT="Und" WC="0.7" LANG="deu"/>
							<SP ID="SP117" WIDTH="29" HPOS="885" VPOS="2477"/>
							<String ID="STRING137" STYLEREFS="STYLE2" HEIGHT="96" WIDTH="383" HPOS="914" VPOS="2472" CONTENT="unglücklich" WC="0.65" LANG="deu"/>
							<SP ID="SP118" WIDTH="43" HPOS="1297" VPOS="2472"/>
							<String ID="STRING138" STYLEREFS="STYLE2" HEIGHT="90" WIDTH="161" HPOS="1340" VPOS="2472" CONTENT="sollte" WC="0.77" LANG="deu"/>
							<SP ID="SP119" WIDTH="43" HPOS="1501" VPOS="2472"/>
							<String ID="STRING139" STYLEREFS="STYLE2" HEIGHT="93" WIDTH="311" HPOS="1544" VPOS="2477" CONTENT="derjenige" WC="0.62" LANG="deu"/>
						</TextLine>
						<TextLine ID="LINE21" HEIGHT="95" WIDTH="1688" HPOS="167" VPOS="2576">
							<String ID="STRING140" STYLEREFS="STYLE2" HEIGHT="91" WIDTH="246" HPOS="167" VPOS="2580" CONTENT="Geselle" WC="0.92" LANG="deu"/>
							<SP ID="SP120" WIDTH="28" HPOS="413" VPOS="2580"/>
							<String ID="STRING141" STYLEREFS="STYLE2" HEIGHT="94" WIDTH="174" HPOS="441" VPOS="2577" CONTENT="seyn," WC="0.87" LANG="deu"/>
							<SP ID="SP121" WIDTH="52" HPOS="615" VPOS="2577"/>
							<String ID="STRING142" STYLEREFS="STYLE2" HEIGHT="68" WIDTH="108" HPOS="667" VPOS="2586" CONTENT="der" WC="0.58" LANG="deu"/>
							<SP ID="SP122" WIDTH="32" HPOS="775" VPOS="2586"/>
							<String ID="STRING143" STYLEREFS="STYLE2" HEIGHT="76" WIDTH="242" HPOS="807" VPOS="2576" CONTENT="meinen" WC="0.85" LANG="deu"/>
							<SP ID="SP123" WIDTH="36" HPOS="1049" VPOS="2576"/>
							<String ID="STRING144" STYLEREFS="STYLE2" HEIGHT="95" WIDTH="274" HPOS="1085" VPOS="2576" CONTENT="Jungen" WC="0.95" LANG="deu"/>
							<SP ID="SP124" WIDTH="34" HPOS="1359" VPOS="2576"/>
							<String ID="STRING145" STYLEREFS="STYLE2" HEIGHT="74" WIDTH="72" HPOS="1393" VPOS="2590" CONTENT="zu" WC="0.69" LANG="deu"/>
							<SP ID="SP125" WIDTH="28" HPOS="1465" VPOS="2590"/>
							<String ID="STRING146" STYLEREFS="STYLE2" HEIGHT="82" WIDTH="362" HPOS="1493" VPOS="2585" CONTENT="verlegenen" WC="0.93" LANG="deu"/>
						</TextLine>
						<TextLine ID="LINE22" HEIGHT="107" WIDTH="1569" HPOS="169" VPOS="2671">
							<String ID="STRING147" STYLEREFS="STYLE2" HEIGHT="71" WIDTH="141" HPOS="169" VPOS="2692" CONTENT="und" WC="0.55" LANG="deu"/>
							<SP ID="SP126" WIDTH="33" HPOS="310" VPOS="2692"/>
							<String ID="STRING148" STYLEREFS="STYLE2" HEIGHT="103" WIDTH="369" HPOS="343" VPOS="2675" CONTENT="verjährten" WC="0.83" LANG="deu"/>
							<SP ID="SP127" WIDTH="25" HPOS="712" VPOS="2675"/>
							<String ID="STRING149" STYLEREFS="STYLE2" HEIGHT="98" WIDTH="443" HPOS="737" VPOS="2674" CONTENT="Handgriffen" WC="0.85" LANG="deu"/>
							<SP ID="SP128" WIDTH="31" HPOS="1180" VPOS="2674"/>
							<String ID="STRING150" STYLEREFS="STYLE2" HEIGHT="100" WIDTH="267" HPOS="1211" VPOS="2671" CONTENT="prügeln" WC="0.65" LANG="deu"/>
							<SP ID="SP129" WIDTH="27" HPOS="1478" VPOS="2671"/>
							<String ID="STRING151" STYLEREFS="STYLE2" HEIGHT="76" WIDTH="233" HPOS="1505" VPOS="2679" CONTENT="wollte." WC="0.7" LANG="deu"/>
						</TextLine>
					</TextBlock>
					<TextBlock xs:type="TextBlockType" ID="ZONE1124395" HEIGHT="702" WIDTH="1699" HPOS="165" VPOS="2964" xlink:type="simple">
						<TextLine ID="LINE23" HEIGHT="106" WIDTH="1540" HPOS="317" VPOS="2967">
							<String ID="STRING152" STYLEREFS="STYLE2" HEIGHT="98" WIDTH="138" HPOS="317" VPOS="2975" CONTENT="Ach" WC="0.48" LANG="deu"/>
							<SP ID="SP130" WIDTH="72" HPOS="455" VPOS="2975"/>
							<String ID="STRING153" STYLEREFS="STYLE2" HEIGHT="78" WIDTH="168" HPOS="527" VPOS="2978" CONTENT="mein" WC="0.76" LANG="deu"/>
							<SP ID="SP131" WIDTH="78" HPOS="695" VPOS="2978"/>
							<String ID="STRING154" STYLEREFS="STYLE2" HEIGHT="103" WIDTH="342" HPOS="773" VPOS="2968" CONTENT="politischer" WC="0.62" LANG="deu"/>
							<SP ID="SP132" WIDTH="66" HPOS="1115" VPOS="2968"/>
							<String ID="STRING155" STYLEREFS="STYLE2" HEIGHT="102" WIDTH="676" HPOS="1181" VPOS="2967" CONTENT="Handwerksmann!" WC="0.81" LANG="deu"/>
						</TextLine>
						<TextLine ID="LINE24" HEIGHT="102" WIDTH="1695" HPOS="167" VPOS="3069">
							<String ID="STRING156" STYLEREFS="STYLE2" HEIGHT="64" WIDTH="189" HPOS="167" VPOS="3100" CONTENT="wenn" WC="0.81" LANG="deu"/>
							<SP ID="SP133" WIDTH="33" HPOS="356" VPOS="3100"/>
							<String ID="STRING157" STYLEREFS="STYLE2" HEIGHT="90" WIDTH="99" HPOS="389" VPOS="3081" CONTENT="ihr" WC="0.52" LANG="deu"/>
							<SP ID="SP134" WIDTH="27" HPOS="488" VPOS="3081"/>
							<String ID="STRING158" STYLEREFS="STYLE2" HEIGHT="68" WIDTH="129" HPOS="515" VPOS="3088" CONTENT="das" WC="0.75" LANG="deu"/>
							<SP ID="SP135" WIDTH="27" HPOS="644" VPOS="3088"/>
							<String ID="STRING159" STYLEREFS="STYLE2" HEIGHT="89" WIDTH="247" HPOS="671" VPOS="3077" CONTENT="wäret," WC="0.71" LANG="deu"/>
							<SP ID="SP136" WIDTH="59" HPOS="918" VPOS="3077"/>
							<String ID="STRING160" STYLEREFS="STYLE2" HEIGHT="90" WIDTH="217" HPOS="977" VPOS="3069" CONTENT="wofür" WC="0.64" LANG="deu"/>
							<SP ID="SP137" WIDTH="31" HPOS="1194" VPOS="3069"/>
							<String ID="STRING161" STYLEREFS="STYLE2" HEIGHT="88" WIDTH="99" HPOS="1225" VPOS="3079" CONTENT="ihr" WC="0.78" LANG="deu"/>
							<SP ID="SP138" WIDTH="29" HPOS="1324" VPOS="3079"/>
							<String ID="STRING162" STYLEREFS="STYLE2" HEIGHT="96" WIDTH="149" HPOS="1353" VPOS="3074" CONTENT="euch" WC="0.79" LANG="deu"/>
							<SP ID="SP139" WIDTH="23" HPOS="1502" VPOS="3074"/>
							<String ID="STRING163" STYLEREFS="STYLE2" HEIGHT="91" WIDTH="337" HPOS="1525" VPOS="3078" CONTENT="ansgebet," WC="0.69" LANG="deu"/>
						</TextLine>
						<TextLine ID="LINE25" HEIGHT="99" WIDTH="1688" HPOS="170" VPOS="3173">
							<String ID="STRING164" STYLEREFS="STYLE2" HEIGHT="86" WIDTH="64" HPOS="170" VPOS="3184" CONTENT="so" WC="0.46" LANG="deu"/>
							<SP ID="SP140" WIDTH="40" HPOS="234" VPOS="3184"/>
							<String ID="STRING165" STYLEREFS="STYLE2" HEIGHT="82" WIDTH="246" HPOS="274" VPOS="3177" CONTENT="würbet" WC="0.46" LANG="deu"/>
							<SP ID="SP141" WIDTH="44" HPOS="520" VPOS="3177"/>
							<String ID="STRING166" STYLEREFS="STYLE2" HEIGHT="90" WIDTH="100" HPOS="564" VPOS="3182" CONTENT="ihr" WC="0.56" LANG="deu"/>
							<SP ID="SP142" WIDTH="42" HPOS="664" VPOS="3182"/>
							<String ID="STRING167" STYLEREFS="STYLE2" HEIGHT="78" WIDTH="98" HPOS="706" VPOS="3181" CONTENT="die" WC="0.65" LANG="deu"/>
							<SP ID="SP143" WIDTH="42" HPOS="804" VPOS="3181"/>
							<String ID="STRING168" STYLEREFS="STYLE2" HEIGHT="95" WIDTH="170" HPOS="846" VPOS="3177" CONTENT="freye" WC="0.88" LANG="deu"/>
							<SP ID="SP144" WIDTH="42" HPOS="1016" VPOS="3177"/>
							<String ID="STRING169" STYLEREFS="STYLE2" HEIGHT="90" WIDTH="326" HPOS="1058" VPOS="3178" CONTENT="Montage" WC="0.68" LANG="deu"/>
							<SP ID="SP145" WIDTH="28" HPOS="1384" VPOS="3178"/>
							<String ID="STRING170" STYLEREFS="STYLE2" HEIGHT="91" WIDTH="166" HPOS="1412" VPOS="3176" CONTENT="nicht" WC="0.83" LANG="deu"/>
							<SP ID="SP146" WIDTH="28" HPOS="1578" VPOS="3176"/>
							<String ID="STRING171" STYLEREFS="STYLE2" HEIGHT="91" WIDTH="126" HPOS="1606" VPOS="3173" CONTENT="auf" WC="0.8" LANG="deu"/>
							<SP ID="SP147" WIDTH="28" HPOS="1732" VPOS="3173"/>
							<String ID="STRING172" STYLEREFS="STYLE2" HEIGHT="78" WIDTH="98" HPOS="1760" VPOS="3178" CONTENT="die" WC="0.59" LANG="deu"/>
						</TextLine>
						<TextLine ID="LINE26" HEIGHT="101" WIDTH="1695" HPOS="166" VPOS="3273">
							<String ID="STRING173" STYLEREFS="STYLE2" HEIGHT="94" WIDTH="497" HPOS="166" VPOS="3280" CONTENT="Einrichtungen" WC="0.81" LANG="deu"/>
							<SP ID="SP148" WIDTH="27" HPOS="663" VPOS="3280"/>
							<String ID="STRING174" STYLEREFS="STYLE2" HEIGHT="67" WIDTH="111" HPOS="690" VPOS="3290" CONTENT="der" WC="0.58" LANG="deu"/>
							<SP ID="SP149" WIDTH="31" HPOS="801" VPOS="3290"/>
							<String ID="STRING175" STYLEREFS="STYLE2" HEIGHT="95" WIDTH="653" HPOS="832" VPOS="3275" CONTENT="Amtsverfassungen" WC="0.76" LANG="deu"/>
							<SP ID="SP150" WIDTH="43" HPOS="1485" VPOS="3275"/>
							<String ID="STRING176" STYLEREFS="STYLE2" HEIGHT="95" WIDTH="333" HPOS="1528" VPOS="3273" CONTENT="schreiben," WC="0.74" LANG="deu"/>
						</TextLine>
						<TextLine ID="LINE27" HEIGHT="98" WIDTH="1692" HPOS="167" VPOS="3373">
							<String ID="STRING177" STYLEREFS="STYLE2" HEIGHT="70" WIDTH="166" HPOS="167" VPOS="3390" CONTENT="denn" WC="0.81" LANG="deu"/>
							<SP ID="SP151" WIDTH="46" HPOS="333" VPOS="3390"/>
							<String ID="STRING178" STYLEREFS="STYLE2" HEIGHT="69" WIDTH="208" HPOS="379" VPOS="3389" CONTENT="weder" WC="0.78" LANG="deu"/>
							<SP ID="SP152" WIDTH="44" HPOS="587" VPOS="3389"/>
							<String ID="STRING179" STYLEREFS="STYLE2" HEIGHT="85" WIDTH="134" HPOS="631" VPOS="3386" CONTENT="die," WC="0.84" LANG="deu"/>
							<SP ID="SP153" WIDTH="54" HPOS="765" VPOS="3386"/>
							<String ID="STRING180" STYLEREFS="STYLE2" HEIGHT="58" WIDTH="130" HPOS="819" VPOS="3399" CONTENT="von" WC="0.74" LANG="deu"/>
							<SP ID="SP154" WIDTH="36" HPOS="949" VPOS="3399"/>
							<String ID="STRING181" STYLEREFS="STYLE2" HEIGHT="80" WIDTH="142" HPOS="985" VPOS="3378" CONTENT="Sr." WC="0.78" LANG="deu"/>
							<SP ID="SP155" WIDTH="34" HPOS="1127" VPOS="3378"/>
							<String ID="STRING182" STYLEREFS="STYLE2" HEIGHT="95" WIDTH="264" HPOS="1161" VPOS="3373" CONTENT="König!." WC="0.6" LANG="deu"/>
							<SP ID="SP156" WIDTH="36" HPOS="1425" VPOS="3373"/>
							<String ID="STRING183" STYLEREFS="STYLE2" HEIGHT="96" WIDTH="398" HPOS="1461" VPOS="3373" CONTENT="Majestäten" WC="0.71" LANG="deu"/>
						</TextLine>
						<TextLine ID="LINE28" HEIGHT="101" WIDTH="1661" HPOS="167" VPOS="3476">
							<String ID="STRING184" STYLEREFS="STYLE2" HEIGHT="98" WIDTH="415" HPOS="167" VPOS="3479" CONTENT="bekräftigten" WC="0.71" LANG="deu"/>
							<SP ID="SP157" WIDTH="49" HPOS="582" VPOS="3479"/>
							<String ID="STRING185" STYLEREFS="STYLE2" HEIGHT="89" WIDTH="533" HPOS="631" VPOS="3476" CONTENT="Amtsartikeln," WC="0.76" LANG="deu"/>
							<SP ID="SP158" WIDTH="77" HPOS="1164" VPOS="3476"/>
							<String ID="STRING186" STYLEREFS="STYLE2" HEIGHT="96" WIDTH="159" HPOS="1241" VPOS="3476" CONTENT="noch" WC="0.63" LANG="deu"/>
							<SP ID="SP159" WIDTH="61" HPOS="1400" VPOS="3476"/>
							<String ID="STRING187" STYLEREFS="STYLE2" HEIGHT="78" WIDTH="101" HPOS="1461" VPOS="3480" CONTENT="die" WC="0.74" LANG="deu"/>
							<SP ID="SP160" WIDTH="53" HPOS="1562" VPOS="3480"/>
							<String ID="STRING188" STYLEREFS="STYLE2" HEIGHT="96" WIDTH="213" HPOS="1615" VPOS="3477" CONTENT="Hand" SUBS_TYPE="HypPart1" SUBS_CONTENT="Handwerks-" WC="0.72" LANG="deu"/>
							<HYP CONTENT="-"/>
						</TextLine>
						<TextLine ID="LINE29" HEIGHT="83" WIDTH="244" HPOS="1610" VPOS="3576">
							<String ID="STRING189" STYLEREFS="STYLE2" HEIGHT="83" WIDTH="244" HPOS="1610" VPOS="3576" CONTENT="werks-" SUBS_TYPE="HypPart2" SUBS_CONTENT="Handwerks-" WC="0.79" LANG="deu"/>
						</TextLine>
					</TextBlock>
				</ComposedBlock>
			</PrintSpace>
		</Page>
	</Layout>
</alto>
