2996 4624
1742 465 46 68 4
1792 463 52 82 7

150 672 201 86 damit
380 668 303 100 versehen.
750 664 409 97 Gleichwohl
1190 666 135 92 sind
1350 658 263 101 daselbst
1640 658 161 85 Nem-

145 792 128 74 ter,
321 776 242 92 sowohl
605 781 108 68 als
753 775 64 74 in
861 766 484 92 Dannemark,
1391 776 130 66 und
1553 767 142 76 weil
1731 765 100 94 ihr

143 893 184 61 unter
377 882 194 70 denen
609 869 352 94 Städten,
1027 870 94 74 die
1169 864 208 92 unsere
1433 864 374 95 Einrichtun-

143 998 120 72 gen
293 994 140 72 zum
467 974 234 80 Model
739 977 218 72 dienen
997 969 214 89 sollen,
1267 966 160 92 auch
1459 966 240 81 Berlin
1721 985 114 56 an«

141 1074 256 94 führer,
443 1086 134 64 und
605 1073 424 90 allzudeutlich
1057 1088 70 70 zu
1157 1066 298 78 erkennen
1489 1065 190 92 gebet,
1705 1065 128 94 daß

141 1178 103 88 ihr
269 1170 249 86 Berlin
550 1173 280 77 niemals
862 1169 280 98 gesehen,
1189 1168 63 92 so
1281 1168 137 78 will
1449 1168 89 91 ich
1570 1165 146 96 euch
1735 1167 101 78 ein

146 1276 216 94 wenig
394 1269 434 98 unterrichten.

298 1468 502 98 Buchdrucker,
858 1461 520 101 Kupferstecher,
1434 1462 374 101 Kunstmah-

148 1577 131 87 ler,
366 1572 375 94 Bildhauer
806 1579 133 68 und
982 1568 367 96 Mechanici
1414 1570 205 90 haben
1664 1569 167 80 keine

143 1671 300 95 Aemter,
499 1672 260 86 sondern
793 1679 254 70 werden
1079 1688 68 72 zu
1181 1678 192 68 denen
1403 1670 428 91 Mitgliedern

143 1781 112 69 der
287 1770 342 82 Academie
663 1779 106 68 der
787 1765 530 100 Wissenschaften
1355 1769 288 93 gezahlet.
1691 1769 140 80 Alle

143 1882 234 68 andere
411 1868 244 93 Künste
705 1879 132 68 und
883 1867 448 96 Handwerker
1383 1868 206 98 haben
1637 1867 164 82 Aem-

143 1987 132 73 ter,
345 1974 66 74 in
465 1970 246 91 selbiger
755 1965 418 99 Verfassung
1213 1978 108 68 als
1361 1974 92 74 die
1505 1967 316 96 unsrigen.

141 2069 111 97 Ja
282 2076 150 80 noch
464 2070 212 89 mehr,
735 2073 93 72 die
853 2067 309 96 Zimmer-
1195 2082 133 64 und
1355 2070 469 89 Maurmeister

144 2170 204 94 haben
384 2174 126 74 eine
554 2169 274 94 bestimre
870 2165 206 98 Zahl,
1134 2170 94 76 die
1280 2170 164 92 nicht
1474 2171 352 90 vermehret

140 2272 194 88 wird,
392 2272 102 74 bis
524 2272 160 74 einer
712 2287 128 58 von
870 2271 182 86 ihnen
1082 2270 332 86 ausftirbr.
1466 2267 328 94 Dahinge-

144 2388 116 74 gen
306 2370 202 92 haben
546 2378 94 68 die
682 2365 280 84 Brauer
992 2388 118 73 gar
1140 2366 134 80 kein
1306 2368 196 87 Amt,
1556 2367 268 90 sondern

144 2472 103 72 ein
296 2466 167 92 jeder
506 2467 629 95 Handwerksmann
1182 2468 123 76 kan
1348 2466 279 84 Brauer
1664 2485 133 62 wer-

147 2575 158 83 den,
365 2586 192 58 wenn
597 2581 66 60 er
707 2565 156 78 will.
987 2565 224 91 Sehet
1259 2576 122 76 da,
1451 2570 96 74 ein
1593 2583 204 76 augen-

147 2664 382 96 scheinlicher
587 2664 284 93 Beweist
925 2683 176 60 eurer
1145 2664 256 90 falschen
1449 2663 380 94 Beschuldi«

147 2773 280 83 dungeu,
481 2762 128 97 daß
627 2767 88 74 die
737 2742 636 116 Amksverfassungen
1391 2766 92 76 die
1503 2759 324 98 Auskunft

147 2873 108 69 der
277 2862 246 96 Künste
543 2875 132 67 und
691 2863 452 92 Handwerker
1165 2862 294 94 schädlich
1491 2864 158 91 seyn,
1681 2865 148 78 weil

147 2962 151 84 diese
331 2962 233 82 Stadt
585 2970 113 77 bey
715 2975 191 66 denen
925 2964 339 88 uemlichen
1281 2963 519 94 Amtsverfassun-

150 3084 114 74 gen
286 3070 62 72 in
384 3064 170 90 ihren
582 3061 296 94 Künsten
908 3077 132 64 und
1074 3062 490 94 Handwerkern
1592 3061 238 96 blühet,

150 3172 134 68 und
334 3182 128 56 von
516 3162 144 97 euch
718 3163 172 92 selbst
932 3185 72 72 zu
1056 3172 172 70 einen
1278 3166 262 98 Muster
1584 3163 248 96 unserer

154 3260 496 102 Einrichtungen
676 3265 380 98 vorgestellet
1098 3268 188 78 wird-
