3043 4553
1793 482 103 94 13

181 670 93 80 Sa
328 663 126 102 har
505 667 105 96 jeg
671 666 65 96 jo
778 663 141 86 Ret
961 681 73 66 at
1073 667 201 81 tiltale
1327 671 159 94 ham
1539 669 110 96 faa
1703 678 205 97 længe

182 793 181 98 Laug
408 812 99 63 ere
546 791 223 100 Laug,
812 805 85 83 og
952 791 241 94 enhver
1252 813 161 62 maa
1442 812 171 67 være
1634 802 239 92 ansvar-

181 916 89 97 lig
311 912 105 99 for
443 914 79 96 sit
565 911 325 98 Arbeyde.
997 910 177 84 Men
1213 914 237 97 ophæv
1491 916 289 101 Laugene
1817 947 88 76 og

182 1035 269 93 borttag
508 1029 439 97 Skiidterne,
1010 1035 110 78 lad
1174 1027 243 90 Deres
1482 1036 273 100 Fussere
1822 1067 92 76 og

179 1152 433 103 Frimesterne
657 1148 419 100 fremkomme
1113 1158 148 77 med
1324 1153 421 103 bedrage-ligtl
1775 1164 105 87 Ar-

182 1279 199 96 beyde
404 1330 23 44 ,
470 1278 180 91 hvad
698 1274 123 98 har
858 1271 131 89 De
1026 1275 139 80 Min
1204 1266 247 108 Herre,
1496 1278 137 96 som
1680 1285 221 84 kiøber

187 1405 133 95 det,
365 1416 74 65 at
481 1393 153 100 stole
673 1397 186 93 paa?
900 1393 313 98 maaffee!
1251 1393 133 88 De
1422 1417 66 59 er
1525 1398 111 97 saa
1665 1404 256 101 discret,

180 1542 77 65 at
300 1531 77 76 de
416 1524 176 94 finde
630 1514 390 104 Fornøyelse
1057 1518 23 79 i
1127 1533 73 65 at
1245 1522 145 79 lade
1424 1517 205 91 Dem
1672 1527 201 88 bedra-

179 1666 78 78 ge
316 1650 203 77 allene
575 1637 104 100 for
734 1651 73 68 at
859 1633 152 101 faae
1066 1643 185 78 deres
1306 1638 342 91 Libertiner
1709 1654 117 83 ind
1881 1659 31 80 i

178 1764 342 93 Staren?
575 1761 261 87 Sandt
877 1782 65 62 er
981 1766 131 95 det,
1177 1764 71 80 vi
1301 1769 145 81 ville
1508 1767 151 99 faae
1718 1778 196 85 bedre

177 1893 276 106 Priser,
492 1910 147 61 men
680 1884 233 101 ligesaa
956 1886 195 94 sande
1190 1908 97 63 ere
1352 1887 171 103 Argi
1574 1895 201 87 Ord:
1829 1923 84 66 at

175 2024 71 78 vi
287 2019 147 82 ville
492 2012 152 99 faae
703 2014 239 92 flettete
997 2013 322 100 arbeyde;
1381 2016 140 102 Thi
1577 2045 173 63 naar
1826 2053 86 60 em

175 2151 161 97 halv
380 2147 158 79 lærd
577 2136 510 106 Professionist,
1130 2138 156 93 satte
1313 2141 95 98 sig
1442 2150 122 78 ned
1589 2169 138 75 paa
1752 2175 163 78 egen

174 2272 269 101 Haand
501 2287 86 78 og
631 2267 216 82 endda
891 2268 174 77 lærte
1109 2283 86 79 op
1230 2268 151 94 flere
1423 2263 251 108 Tosser,
1736 2276 181 100 hvor

178 2392 144 81 blev
364 2393 92 77 da
492 2396 146 70 den
690 2383 572 94 Ski-nsomhed
1322 2383 92 96 af
1468 2407 86 61 ar
1588 2393 324 101 benytte

179 2512 116 101 sig
345 2504 88 98 af
471 2506 112 95 sin
609 2499 510 101 professions
1149 2508 362 94 Fordeele
1545 2529 104 84 og
1708 2510 170 82 Ma-

181 2617 395 94 terialiers
610 2622 563 99 Beffaffenhed,
1202 2624 138 96 som
1378 2626 138 88 De
1546 2652 155 77 pag.
1742 2656 48 68 9
1816 2653 72 66 ta-

177 2762 92 79 ler
315 2771 147 75 om,
497 2769 162 61 mon
701 2752 122 75 den
863 2745 138 95 som
1041 2767 74 76 ey
1157 2747 300 98 tilgavns
1501 2751 260 84 kiender
1807 2758 108 95 sin

176 2867 452 110 Professions
684 2864 352 99 Udøvelse,
1096 2865 188 84 bedre
1326 2867 126 81 kan
1490 2865 206 98 indsee
1742 2878 176 79 deus

177 2993 344 103 Fordeele,
563 2992 124 77 end
731 3008 78 61 en
849 2985 530 103 Laugs-Mester,
1425 2987 138 97 som
1589 2997 130 93 dog
1746 2994 137 83 Hen-

180 3118 313 88 der—den-,-
336 3119 158 87 den,
538 3107 177 98 fordi
754 3111 138 92 han
932 3131 66 59 er
1052 3118 138 74 nød
1254 3114 184 82 dertil
1502 3136 84 75 og
1644 3137 74 77 ey
1776 3140 144 77 paa

179 3239 218 79 anden
439 3229 262 85 Maade
739 3228 130 83 kan
909 3226 152 100 faae
1103 3229 344 100 Tilladelse
1491 3252 74 67 at
1583 3237 284 99 arbeyde
1891 3243 28 82 i

178 3360 179 80 den?
426 3352 272 99 Ophæv
766 3361 122 76 alle
942 3354 336 101 Examina
1334 3381 84 76 og
1478 3358 434 99 foregaaende

177 3476 282 101 Prøver
499 3477 25 80 i
561 3472 554 105 Videnskaberne,
1141 3500 82 76 og
1249 3477 90 94 see
1365 3477 134 103 saa,
1527 3482 168 101 hvor
1713 3502 164 63 man-

1796 3627 106 76 ge,

2664 2091 96 126 ø
2849 2119 135 96 m
