3051 4616
1767 452 91 69 13

166 661 204 91 feigen,
416 674 192 64 wenn
644 677 66 58 er
754 657 200 90 seinen
1014 654 418 80 Aeltermann
1478 649 128 94 leise
1634 653 234 78 redend

166 756 332 94 einführet,
554 759 128 94 daß
712 779 60 56 er
800 761 98 76 die
918 752 480 84 Aeltermänner
1426 773 72 72 zu
1524 753 344 91 Despoten

161 869 108 70 feer
329 858 352 94 Emsigkeit
737 857 264 96 machen
1057 858 180 88 will,
1309 874 188 57 wenn
1555 855 78 94 sie
1703 850 166 92 nicht

157 962 206 90 willig
395 959 422 93 Freymeister
847 956 356 92 annehmen
1249 959 246 75 wollen.
1525 1005 76 14 —
1629 949 242 85 Wenn

157 1069 110 72 feer
309 1060 464 92 Supplicant,
809 1069 106 66 feer
947 1078 114 58 um
1099 1058 98 74 ein
1231 1054 376 98 Privilegia
1643 1048 230 96 anhält

157 1161 69 78 in
289 1158 201 92 seinen
555 1158 381 95 Lehrjahren
1017 1152 485 95 aufmerksam,
1589 1167 137 64 und
1803 1154 69 76 in

158 1261 204 90 seinen
432 1256 478 95 Gesellenstand
990 1258 252 88 emsig,
1326 1255 316 90 ordentlig
1700 1266 140 66 und

160 1359 292 94 sparsam
480 1355 274 99 gewesen
788 1355 212 89 wäre,
1056 1356 60 88 so
1152 1354 226 80 würde
1424 1375 64 58 er
1544 1353 166 96 nicht
1756 1348 84 100 us-

156 1460 139 92 thig
332 1460 246 96 haben,
628 1459 94 76 feie
758 1453 346 97 Obrigkeit
1150 1474 116 58 mit
1308 1453 382 96 dergleichen
1734 1452 110 82 Ge-

160 1559 145 94 such
340 1559 489 93 anzumuthten;
888 1557 153 88 seine
1078 1549 531 101 Geschicklichkeit
1642 1550 233 82 würde

161 1659 140 98 ihm
331 1660 216 90 Much
583 1655 358 100 einflössen,
997 1660 148 74 aller
1183 1656 362 93 bangigkeit
1595 1659 98 72 die
1737 1654 134 92 ihm

161 1777 136 60 von
327 1768 108 68 feer
483 1757 488 96 Verfertigung
1023 1760 172 72 eines
1229 1753 510 98 Meisterstückes
1783 1774 56 56 et-

161 1879 116 58 wa
327 1858 386 98 abfchrecken
767 1861 134 76 will
931 1860 229 91 getrost
1203 1876 184 58 unter
1427 1859 96 74 feie
1563 1855 190 96 Füße
1797 1874 74 74 zu

162 1975 222 62 treten.
536 1962 156 75 Mir
742 1959 72 92 ist
862 1959 152 87 noch
1060 1956 130 76 kein
1230 1954 304 98 Exempel
1584 1956 288 94 bewußt,

158 2068 212 71 weder
408 2058 130 90 hier
566 2057 156 96 noch
752 2067 242 70 andern
1028 2058 222 88 Orts,
1308 2057 130 92 daß
1472 2057 394 86 ehrliebende

158 2168 138 71 und
328 2160 314 92 geschickte
688 2157 214 92 Leute,
958 2160 96 74 die
1104 2156 176 92 schon
1332 2158 274 91 Meister
1644 2161 64 72 in
1758 2166 110 68 dev

158 2259 185 95 That
372 2258 175 92 seyn,
606 2259 103 96 ehe
738 2261 77 90 sie
856 2257 153 95 noch
1040 2270 117 64 feen
1190 2254 319 93 Nahmen
1558 2255 311 93 erhalten,

161 2361 134 90 ihre
343 2356 300 100 Zuflucht
687 2379 70 72 zu
817 2357 230 98 solchen
1095 2362 248 72 elenden
1393 2349 474 104 Hüifsmitteln

163 2459 286 91 nehmen.
505 2458 164 80 Nur
699 2455 480 93 niederträchtig
1213 2456 354 77 feenkenfeen
1601 2451 232 86 Gemä-

163 2557 186 98 chern
383 2558 72 92 ist
481 2558 194 92 dieses
719 2559 200 92 eigen,
975 2576 126 56 nur
1155 2554 184 96 solche
1393 2557 98 76 die
1531 2555 338 94 Tagdiebe

170 2668 138 69 und
370 2656 166 98 nicht
596 2659 386 88 gurthuende
1043 2654 499 94 Taugenichts,
1623 2657 243 95 sowohl

164 2759 70 78 in
280 2758 200 92 ihrem
528 2756 176 99 Lehr-
750 2763 108 74 als
906 2748 620 96 Gesellen-Stande
1566 2754 304 95 gewesen,

166 2857 246 99 scheuen
462 2860 158 92 sich,
700 2857 194 94 durch
936 2866 128 67 das
1108 2854 156 94 nach
1318 2862 194 71 denen
1576 2855 294 95 Gesehen

166 2969 116 68 fees
324 2958 254 80 Landes
646 2977 120 60 vor
826 2956 416 97 geschriebene
1288 2974 72 74 zu
1412 2951 460 97 verfertigende

167 3056 266 98 Stück,
483 3052 312 102 öffentlich
843 3079 88 56 an
973 3067 116 69 den
1145 3054 152 98 Tag
1347 3075 70 72 zu
1465 3061 204 90 legen,
1739 3058 130 92 daß

169 3159 82 94 sie
279 3162 90 74 im
399 3156 280 86 Stande
719 3159 164 94 seyn,
941 3156 296 96 diejenige
1265 3156 222 95 Kunst
1537 3163 62 72 in
1635 3157 198 82 Ausü-

173 3261 178 95 bung
383 3278 70 74 zu
495 3260 210 94 sehen,
763 3263 64 76 in
867 3260 262 86 welcher
1171 3260 80 98 sie
1303 3276 118 66 vor
1465 3259 178 84 einen
1689 3259 150 83 Mei-

171 3361 121 100 ster
333 3362 289 98 gehalten
659 3359 141 102 seyn
833 3363 251 84 wollen.

1608 3561 264 104 .Wenn
