3253 4622
1377 501 95 70 44

1374 699 98 78 die
1508 680 674 110 Handwerksmeister
2212 677 186 96 feiner
2438 679 364 86 Landsleute
2824 691 227 95 tadelt,

1371 776 274 119 ohne'sie
1675 808 72 74 zu
1777 783 252 80 kennen.

1603 984 213 86 Was
1871 983 207 92 haben
2129 980 97 78 die
2283 979 291 95 Sanger
2631 991 129 71 und
2811 983 237 97 Tänzer

1776 1087 124 78 mit
1956 1086 96 76 die
2114 1082 452 94 Handwerker
2626 1104 70 72 zu
2746 1085 302 95 bestellen,

1782 1187 165 92 heißt
1980 1194 69 66 es
2088 1182 111 90 bey
2218 1189 141 70 dem
2376 1180 267 98 Anfang
2678 1196 373 84 derzweyten

1773 1282 418 92 Anmerkung
2221 1309 62 70 x>.
2325 1307 114 56 2i.

1526 1486 184 86 Eben
1750 1487 58 92 so
1842 1489 160 89 viel,
2056 1480 162 84 mein
2254 1479 186 80 lieber
2472 1484 342 93 polikischer
2832 1483 186 96 Hand-

1374 1592 452 89 werksmann,
1874 1591 106 74 als
2010 1588 98 74 die
2136 1581 384 95 Erziehung,
2552 1586 118 78 mit
2698 1583 346 97 Erlernung

1372 1693 175 78 eines
1578 1685 467 103 Handwerks,
2098 1706 73 72 zu
2206 1684 277 95 bestellen
2512 1682 133 94 har.

1571 1886 243 98 Ferner
1843 1885 137 96 sagt
2015 1884 131 96 ihr:
2201 1881 235 94 „Daß
2467 1882 95 78 die
2595 1878 279 98 fremden
2891 1883 131 81 Ma-

1370 2041 48 50 „
1474 1989 458 94 nufacturisten
1962 1999 196 65 denen
2192 1986 304 81 Aenuern
2528 1982 202 98 nichts
2756 1987 296 89 angehen,

1366 2143 54 48 „
1476 2092 126 92 daß
1646 2089 154 86 diese
1844 2088 610 94 hereingekommen,
2510 2104 112 56 um
2670 2093 128 68 uns
2844 2089 62 72 in
2946 2084 82 90 sol-

1369 2243 54 46 „
1479 2197 142 85 chm
1662 2188 297 93 Künsten
1999 2208 72 72 zu
2117 2185 462 91 unterrichten,
2657 2204 232 57 wovon
2933 2186 124 76 wir

1369 2343 52 44 „
1477 2292 164 90 nicht
1677 2297 128 69 das
1839 2286 304 98 geringste
2171 2286 440 91 verstunden".
2715 2281 174 84 Wir
2917 2304 104 58 ver-

1367 2397 265 86 stunden
1659 2391 301 92 vielleicht
1993 2388 131 84 also
2165 2382 887 95 auchnichtdieHutmacher«

1368 2491 212 95 kunst,
1636 2498 86 70 da
1772 2491 96 76 ein
1910 2485 450 98 franzößischer
2392 2482 396 96 Hutmacher
2816 2480 236 97 grossen

1368 2592 361 94 Vorschuß
1750 2587 219 80 bekam
1992 2592 33 72 ?
2076 2587 365 95 gleichwohl
2472 2584 73 96 ist
2576 2584 299 91 bekannt,
2924 2582 127 96 daß

1369 2697 98 76 ein
1497 2692 280 96 gewisser
1811 2709 108 58 am
1965 2690 262 94 hiesigen
2259 2683 226 96 königl.
2521 2680 152 100 Hof
2711 2683 110 96 sich
2871 2682 158 94 befin-

1369 2801 234 72 dender
1649 2787 446 95 auswärtiger
2141 2789 342 88 Minister,
2537 2788 116 74 mit
2681 2787 170 76 einen
2887 2782 138 88 unse-

1366 2917 104 58 rer
1500 2894 280 94 eigenen,
1842 2891 126 76 eine
1997 2888 239 82 Wette
2288 2889 338 90 anstellere,
2679 2883 127 94 daß
2844 2882 212 88 unsere

1366 2989 528 100 kopenhagischen
1940 2988 184 96 Hüte
2174 2989 166 94 nicht
2390 2986 180 76 allein
2608 2982 148 78 eben
2802 2981 58 90 so
2898 2998 154 78 gut,

1366 3097 269 90 sondern
1678 3093 161 90 auch
1876 3088 347 92 wohlfeiler
2266 3105 267 71 waren,
2600 3088 107 72 als
2752 3085 95 74 die
2896 3090 127 68 aus-

1363 3195 364 97 wärtigen,
1783 3191 266 90 welches
2077 3190 116 96 sich
2237 3189 198 90 auch,
2493 3190 140 84 trotz
2677 3185 150 76 aller
2873 3177 148 100 fran-

1365 3294 313 99 zößiscm
1705 3291 479 97 Vormcheile,
2225 3289 189 98 wahr
2447 3278 332 102 besitndrn.

2916 3579 145 101 Zhk
