3170 4610
1298 490 120 106 46

1298 702 81 76 de
1418 692 283 95 samme?
1749 690 140 80 min
1930 690 179 85 Ven
2136 693 111 77 lad
2290 688 201 86 Dem
2529 691 202 98 aldrig
2766 689 85 97 see
2875 716 136 78 paa

1295 813 478 100 Skuepladsen
1817 820 146 76 med
2013 809 328 96 saadanne
2385 815 252 96 vindige
2657 811 322 103 Argumen-

1299 936 143 98 ter,
1503 935 135 88 De
1699 939 217 85 henrer
1973 934 133 81 kun
2165 937 169 78 liden
2398 933 185 82 Ære-·
2639 934 207 96 deraf!
2915 936 107 102 Af

1298 1060 248 94 samme
1604 1057 348 97 Suurdey
2010 1077 66 62 er
2134 1055 242 90 Deres
2432 1077 150 76 pag.
2646 1081 86 70 52
2776 1082 78 74 og
2902 1086 110 76 53,

1292 1176 267 98 anførte
1678 1177 617 98 Sammenligning
2398 1178 271 80 imellem
2770 1175 247 87 Baron

1307 1304 722 97 Schimmelmann,
2095 1303 222 98 Agent
2375 1301 234 97 Holck
2653 1323 82 76 og
2773 1301 242 87 Baron

1305 1427 380 102 Holberg.
1797 1426 257 100 Havde
2097 1427 135 86 De
2271 1430 143 76 lært
2441 1422 83 97 af
2555 1427 341 97 Holberg
2945 1442 69 64 at

1304 1556 182 96 giøre
1528 1551 688 95 Sammenligningen
2256 1550 272 80 imellem
2572 1545 254 102 Helter,
2868 1546 116 98 hav-

1300 1682 78 78 de
1418 1674 136 87 De
1592 1675 120 94 vist
1754 1694 72 74 ey
1872 1672 170 94 giørt
2088 1677 104 76 det
2232 1663 376 104 Miffmast,
2652 1671 22 78 i
2698 1673 104 78 det
2822 1659 199 89 minde

1301 1800 88 102 sie
1459 1823 74 74 ey
1597 1797 144 96 fadt
1813 1796 262 86 Baron
2145 1796 352 100 Holberg
2563 1791 154 100 efter
2817 1778 205 110 Agent

1303 1925 262 101 Holck.
1707 1923 176 81 Men
1953 1922 128 95 hvo
2143 1923 250 81 kiender
2461 1921 280 90 enhvers
2815 1916 202 94 ffiulte

1300 2047 464 98 Drivfiedre?
1834 2042 170 97 De,
2082 2045 138 78 min
2300 2040 248 104 Herre!
2604 2039 122 98 har
2790 2036 242 88 Deres

1304 2170 386 98 Øyemeed,
1756 2190 80 74 og
1892 2166 144 97 disse
2098 2165 126 80 kan
2288 2182 80 76 og
2416 2164 166 96 have
2622 2167 222 91 deres;
2930 2180 72 58 en-

1308 2298 203 96 hvers
1552 2288 459 100 Bestræbelser
2050 2285 205 98 falder
2302 2290 127 90 dog
2478 2285 227 96 lemlig
2728 2285 21 80 i
2796 2280 209 96 Øyne-

1305 2440 120 74 ne,
1491 2411 272 100 hvorfor
1827 2434 82 74 og
1985 2411 22 76 i
2067 2409 178 96 hvad
2311 2406 308 98 Hensigt.
2755 2401 134 83 Nu
2945 2404 88 80 vil

1323 2540 103 96 jeg
1481 2555 163 78 gaae
1703 2534 73 78 til
1833 2529 435 94 Slutningen
2327 2522 79 98 af
2451 2522 245 85 Deres
2765 2522 267 98 politiske

1318 2657 272 96 Værk,
1634 2661 168 94 hvor
1840 2652 134 88 De
2020 2649 254 98 ligesom
2312 2667 326 61 revocerer
2680 2651 92 76 alt
2816 2650 100 76 det
2942 2642 62 96 fo-

1310 2788 171 94 rige,
1550 2785 121 76 ved
1726 2794 75 66 at
1842 2778 251 96 tilstaae
2132 2772 423 92 Ronstnere
2590 2789 101 80 og
2730 2769 269 95 Haand-

1313 2905 294 81 værker
1667 2925 84 73 ey
1803 2924 214 54 maae
2073 2900 408 77 overlades
2551 2893 98 78 ril
2695 2893 102 99 sig
2863 2892 170 92 selv,

1317 3052 177 60 men
1527 3049 89 56 en
1645 3027 128 78 vis
1805 3024 270 78 Orden
2105 3042 210 57 maae
2341 3020 400 98 iagttages
2769 3039 88 55 rc.
2883 3036 146 78 pag.

1324 3178 116 70 55.
1520 3149 456 97 Uforlignelige
2020 3145 306 100 Patriot!
2382 3138 134 90 De
2562 3145 122 96 har
2732 3147 196 94 glemt
2966 3156 68 66 at

1314 3280 272 94 fortælle
1636 3285 80 68 os
1788 3278 122 74 den
1976 3268 266 97 Orden,
2282 3264 134 96 som
2458 3272 130 91 dog
2658 3267 122 92 har
2848 3280 186 66 været

1315 3408 188 72 deres
1547 3392 480 98 Skyldighed,
2073 3391 124 80 De
2249 3390 428 92 bestemmer
2735 3397 162 70 dem
2953 3406 84 56 en

1315 3518 134 78 vis
1487 3511 154 82 Tid
1679 3510 88 96 af
1801 3532 30 72 5
1887 3512 170 78 eller
2083 3529 46 70 7
2153 3509 210 84 Aars
2401 3506 636 88 Svenne-Scand

2860 3624 182 100 efter
