3084 4526
1192 447 96 70 26

122 1591 58 67 |J

1192 645 82 76 og
1320 630 130 90 dog
1494 642 64 60 er
1604 626 112 76 der
1756 622 192 95 ingen
1986 621 228 96 Lauge.
2316 620 250 100 Ligesaa
2606 628 144 82 lidet
2792 633 122 84 ssul-

1190 731 77 72 de
1326 742 153 60 vore
1536 722 419 92 Regimenter
2024 727 119 74 ved
2198 721 329 95 Laugenes
2570 724 371 103 Ophævelse

1193 823 248 77 komme
1485 822 68 78 til
1597 838 74 60 at
1709 825 260 92 mangle
1991 817 220 86 Skoe.
2257 819 300 85 Støvler
2585 832 132 74 eller
2739 828 202 87 Sad»

1191 925 116 87 ler,
1345 920 68 90 ja
1455 924 162 74 dette
1657 916 446 97 Spørsmaal
2145 941 66 62 er
2251 919 110 95 saa
2399 940 198 76 meget
2639 946 154 62 mere
2815 927 98 92 for-

1193 1020 364 92 underligt,
1613 1018 136 92 som
1793 1025 108 76 der
1943 1019 214 94 sindes
2199 1020 222 82 enkelte
2465 1022 270 98 Mestere
2779 1031 100 88 her
2925 1033 24 78 i

1195 1115 484 99 Kiøbenhavn,
1721 1122 108 77 der
1871 1125 170 76 uden
2081 1119 538 85 Qldermandens
2661 1122 286 99 Bistand

1195 1219 125 88 har
1367 1234 309 78 paataget
1719 1220 91 94 sig
1851 1237 71 64 at
1965 1217 365 99 forfærdige
2375 1220 295 96 Arbeyde
2711 1222 97 92 for
2851 1227 67 98 he-

1192 1327 58 66 le
1290 1313 440 99 Regimenter.
1858 1317 330 98 Hvortidc
2244 1341 94 61 ere
2398 1322 122 80 ikke
2584 1330 74 74 de
2710 1322 230 101 Tydjke

1196 1413 310 98 Fyrsters
1590 1438 82 76 og
1734 1422 74 76 de
1858 1409 442 108 Pormgisisse
2356 1444 80 72 og
2474 1422 310 96 Spanffe
2824 1425 92 86 Ar-

1194 1536 172 58 meer
1408 1536 72 74 ey
1520 1522 200 74 allene
1784 1516 216 83 bleven
2042 1519 216 80 klædte
2318 1530 142 72 med
2526 1522 418 99 Mondering,

1196 1637 148 58 men
1394 1622 208 90 endog
1680 1616 326 97 forsynede
2076 1625 144 76 med
2278 1620 304 90 Vaaben
2640 1644 80 74 og
2758 1631 188 76 andre

1194 1715 739 95 Krigsfornødenheder
1994 1721 19 76 i
2080 1717 341 100 Engeland
2496 1744 79 76 og
2628 1720 317 102 Holland,

1197 1817 170 94 hvor
1407 1822 110 74 der
1559 1822 150 92 dog,
1755 1816 132 95 som
1927 1817 124 94 ofte
2093 1841 62 60 er
2195 1821 292 97 erindret,
2529 1826 188 92 ingen
2745 1820 202 99 Lauge

1199 1935 116 60 ere.
1423 1914 146 84 Alle
1607 1922 76 76 de
1723 1925 200 74 andre
1947 1917 524 99 Indvendinger,
2517 1920 134 94 som
2673 1920 70 100 I
2767 1919 156 96 frem-

1199 2011 142 96 føre
1403 2018 178 78 imod
1647 2016 330 97 Laugenes
2033 2017 418 99 Ophævelse,
2508 2019 229 95 ere-as
2657 2020 80 94 af
2761 2024 190 97 ingen

1197 2113 470 99 Betydenhed,
1711 2138 144 61 men
1899 2119 166 80 kuns
2109 2115 318 97 Ordspill,
2471 2120 198 94 hvilke
2702 2118 102 97 jeg

1357 2218 87 78 vil
1487 2222 141 76 lade
1671 2218 159 79 blive
1871 2215 391 92 ubesvarede.
2365 2218 181 98 Dog
2585 2240 73 60 en
2691 2216 77 97 af
2805 2225 143 76 dem

1200 2315 128 80 kan
1366 2316 96 96 jeg
1498 2316 126 80 ikke
1662 2317 262 98 gandffe
1966 2315 350 100 forbigaae,
2360 2322 102 78 der
2504 2340 62 58 er
2590 2324 118 76 den
2734 2316 184 87 Van-

1196 2415 328 99 skelighed,
1566 2424 104 76 det
1710 2422 84 76 da
1838 2421 164 78 vilde
2044 2417 164 80 blive
2236 2413 102 98 for
2362 2416 492 96 Rodemesterne
2878 2437 70 62 ar

1198 2516 322 82 indkræve
1550 2517 700 84 Maaneds-Skatten.
2352 2518 236 82 Mener
2610 2516 64 98 I
2700 2522 84 76 da
2804 2517 148 96 ikke,

1200 2631 74 62 at
1300 2622 74 74 de
1414 2616 232 98 ligesaa
1690 2622 160 90 godt
1888 2616 203 97 skulde
2116 2617 172 94 finde
2326 2638 74 62 en
2456 2614 464 102 Haandværks-

1196 2724 207 74 mand
1446 2720 19 76 i
1504 2740 75 58 en
1622 2716 315 97 Bagstue
1994 2739 79 74 og
2115 2713 396 104 QvissahhA
2562 2714 133 94 som
2748 2722 71 77 de
2862 2737 89 66 nu

1199 2815 128 79 kan
1365 2818 176 94 finde
1581 2836 154 62 vore
1777 2814 450 101 Daglønnere
2267 2837 80 77 og
2387 2814 230 88 Enker.
2721 2816 230 91 Men,

1197 2915 194 99 siger
1435 2918 330 98 ^Argus,
1829 2941 26 54 1
1903 2927 138 68 den
2075 2916 215 99 Sted
2327 2918 136 76 kan
2499 2915 420 88 Rodemeste-

1193 3035 140 57 ren
1360 3017 110 87 nu
1502 3017 248 94 smukke
1781 3019 336 98 magelig
2153 3017 162 88 faae
2357 3016 198 92 hvad
2597 3016 148 90 han
2807 3011 148 94 stal

1197 3115 200 78 have
1453 3118 184 94 (KL.
1692 3118 379 97 saalænge
2121 3127 130 64 der
2313 3140 76 54 er
2437 3122 252 92 noget)
2745 3112 210 87 Dette

1195 3211 357 85 Notabene
1607 3238 65 58 er
1717 3234 57 62 et
1819 3213 77 94 af
1917 3223 73 74 de
2015 3215 323 98 Indfald,
2381 3216 131 92 som
2537 3210 178 101 skafe
2740 3210 213 99 Eders

1192 3309 240 86 Blade
1490 3312 290 100 Aftræk;
1848 3321 104 78 det
2004 3337 156 66 maa
2204 3321 88 75 da
2336 3314 152 96 efter
2524 3312 214 88 Eders
2776 3311 150 90 Tan-

1194 3409 102 80 ker
1338 3428 168 68 være
1548 3436 78 60 en
1672 3415 196 96 herlig
1912 3413 274 100 Fordeel
2224 3411 102 96 for
2370 3416 290 94 Staten,
2702 3428 68 65 at
2808 3411 114 84 Ro-

1190 3512 382 90 demesterne
1644 3514 124 82 kan
1842 3513 164 92 have
2080 3531 58 60 et
2208 3518 372 96 mageligt
2658 3511 298 89 Embede.

1192 3605 302 99 Dersom
1532 3612 268 98 hverken
1832 3611 560 102 Fabriqveurerne
2414 3620 140 78 eller
2602 3612 358 86 Kiobman-

2844 3717 115 78 den
