3113 4525
1332 514 40 44 2
1384 508 40 52 i

1554 676 64 97 I
1680 679 100 74 det
1840 675 216 90 øvrige
2116 669 238 97 haaber
2394 674 138 94 jeg,
2586 690 66 64 at
2698 680 108 79 den
2846 679 140 86 Be»

1335 797 328 99 gyndelse,
1732 795 131 90 som
1903 797 242 93 meldt,
2191 814 62 60 er
2297 794 162 92 giort
2499 800 136 74 med
2673 814 140 65 vore
2854 801 97 98 Fa-

1331 914 242 80 brikers
1621 915 310 96 Handel,
1973 911 132 92 som
2147 910 120 78 kan
2311 908 372 102 formeeres,
2723 938 148 61 naar
2911 927 70 72 de

1331 1032 264 102 herefter
1651 1037 122 78 kan
1827 1039 162 86 nyde
2049 1053 74 58 en
2183 1036 198 90 større
2431 1032 258 100 Debit,
2747 1035 234 102 følgelig

1331 1162 190 74 inden
1583 1163 180 90 nogle
1825 1155 144 82 Aar
2023 1160 340 87 producere
2423 1162 72 72 de
2557 1156 152 94 beste
2755 1157 232 100 Vahre

1333 1300 82 72 og
1453 1273 254 100 billigste
1743 1273 266 102 Priser;
2059 1293 80 74 og
2179 1276 68 78 til
2291 1272 272 94 sammes
2601 1276 386 97 Befordrelse

1332 1398 242 98 haaber
1630 1399 134 94 jeg,
1830 1413 69 61 at
1962 1395 232 98 enhver
2234 1398 274 94 oprigtig
2548 1396 268 100 Patriot
2856 1423 102 58 con-

1332 1522 304 80 lribuerer
1678 1521 146 92 efter
1868 1517 286 100 Formue
2198 1540 80 74 og
2320 1538 110 78 got
2472 1520 242 98 Hierte.

1544 1640 136 91 Thi
1734 1645 102 74 det
1892 1659 62 58 er
2010 1655 58 62 et
2120 1640 392 94 ynkværdigt
2568 1640 178 96 Syn
2796 1661 66 64 at
2910 1645 76 90 see

1332 1760 112 88 saa
1500 1771 232 80 mange
1788 1761 234 90 duelige
2078 1755 498 99 Haandværker
2632 1782 82 74 og
2767 1760 194 98 Faldn-

1328 1877 273 91 kantere,
1330 1878 272 91 kantere,
1642 1871 128 92 som
1814 1875 164 74 deels
2018 1891 94 62 ere
2152 1868 316 100 forsynede
2510 1880 144 74 med
2700 1877 286 100 anseelige

1327 1996 278 106 Partier
1661 1989 78 98 af
1785 1987 288 98 Vahre,
2133 2013 78 75 og
2271 2016 68 74 ey
2393 2012 67 62 at
2521 1994 202 82 kunde
2777 1999 210 92 afserre

1327 2130 196 88 dem;
1593 2119 198 78 andre
1839 2113 208 94 igien,
2101 2111 130 90 som
2293 2118 206 92 gierne
2557 2118 86 78 vil
2693 2121 296 100 arbeyde,

1325 2257 192 67 maae
1569 2237 172 94 sidde
1781 2233 142 92 stille
1979 2253 76 74 og
2099 2237 164 93 legge
2301 2232 364 98 Hænderne
2705 2240 20 76 i
2769 2239 190 82 Skiø-

1327 2364 142 88 det,
1527 2377 80 74 og
1661 2355 148 76 intet
1861 2351 120 78 kan
2037 2359 280 73 udrette:
2393 2360 82 74 da
2535 2358 178 76 ellers
2765 2381 224 74 mange

1327 2480 370 92 Arbeydere
1735 2481 118 74 ved
1899 2473 230 90 samme
2173 2474 211 96 Brug
2425 2476 202 82 kunde
2665 2487 139 76 med
2847 2483 115 84 Me-

1324 2600 198 96 sterne
1568 2599 162 90 have
1782 2603 180 74 deres
2004 2597 334 84 Levebrod.

1542 2712 270 91 Tænker
1870 2739 204 76 nogen
2132 2715 106 93 saa
2280 2718 288 96 ukierlig,
2626 2734 68 64 at
2734 2725 96 76 det
2870 2741 116 62 var

1320 2838 104 96 for
1468 2832 172 102 Han
1648 2841 170 74 delen
1860 2859 80 78 og
1982 2839 286 84 Staden
2320 2858 192 62 meere
2570 2838 410 107 sordeelagtig,

1320 2964 24 76 i
1386 2954 174 98 Fald
1606 2975 74 60 en
1740 2953 116 100 frie
1896 2959 272 100 Handel
2226 2960 138 82 blev
2412 2962 212 96 given,
2686 2966 82 77 da
2808 2981 172 80 tager

1322 3084 73 72 de
1438 3072 197 98 Feyl,
1698 3097 79 76 og
1838 3099 69 74 ey
1964 3084 237 92 rettelig
2266 3080 227 94 indseer
2538 3086 93 74 det
2674 3080 183 83 Ruin
2900 3105 79 74 og

1319 3188 196 102 Tab,
1573 3197 132 92 som
1751 3201 192 96 deraf
1971 3207 88 76 vil
2105 3209 166 93 flyde
2317 3202 104 96 for
2463 3204 312 84 Stadens
2813 3204 146 98 Ind-

1313 3330 284 67 vnanere
1671 3339 80 76 og
1817 3321 236 84 Landet
2115 3329 22 74 i
2191 3324 526 98 Almindelighed.
2859 3325 122 84 Ak!

1313 3438 236 98 hvilket
1607 3441 398 102 ynkværdig!
2045 3443 184 103 Syn
2289 3468 158 62 man
2507 3454 86 80 da
2649 3448 82 98 fik
2785 3465 64 64 at
2889 3447 100 96 see,

2925 3581 66 64 at
