3218 4610
1991 657 102 89 15

792 621 157 111 fch
1028 625 193 109 ^
1291 624 158 111 ri»

511 892 48 49 „
612 843 281 96 brauch
942 846 343 97 erfordert;
1364 845 59 95 so
1458 849 169 81 wird
1670 858 69 75 es
1782 850 151 98 noch
1973 857 126 80 ein*

504 1024 52 49 „
606 978 180 88 mahl
819 979 55 92 so
914 976 146 78 viele
1107 975 397 103 Einwohner
1541 981 241 98 haben,
1822 992 110 76 als
1972 999 132 73 das

505 1154 48 49 „
611 1106 522 96 vorhergedachte
1200 1110 227 98 Land;
1521 1133 190 60 wenn
1759 1121 150 76 aber
1953 1122 150 85 seine

506 1284 50 51 „
608 1239 808 90 Manusacmr.Waaren
1464 1245 244 96 starken
1742 1253 360 80 auswarti»

501 1418 47 51 „
603 1392 120 75 gen
781 1369 326 84 Vertrieb
1167 1374 265 100 finden;
1503 1379 60 90 so
1633 1378 168 79 kann
1855 1392 72 68 es
1981 1403 122 76 gar

510 1550 45 51 „
620 1502 178 96 leicht
830 1502 151 94 noch
1014 1515 304 85 zweymal
1352 1509 58 91 so
1442 1510 120 79 viel
1594 1509 397 99 Einwohner
2034 1517 67 81 in

505 1684 49 49 „
609 1636 113 95 sich
745 1634 309 98 schließen.
1131 1635 151 87 Die
1313 1642 229 97 grosse
1561 1643 537 105 Vermehrung

506 1816 45 49 „
604 1775 119 71 der
764 1767 473 90 Einwohner
1272 1774 193 92 durch
1488 1777 93 76 die
1598 1777 471 95 Manufaccu-

508 1948 46 49 „
603 1923 127 53 ren
797 1907 133 77 und
985 1900 355 95 Fabriken
1389 1910 71 88 ist
1527 1905 169 91 leicht
1735 1911 363 96 einzusehen.

507 2080 46 51 „
604 2032 225 99 Ausser
860 2041 109 73 der
1000 2033 241 98 grossen
1292 2037 243 98 Menge
1576 2039 379 97 Menschen,
2000 2047 97 79 die

510 2214 46 47 „
605 2163 281 100 dadurch
919 2164 341 101 Nahrung
1296 2180 132 68 und
1475 2172 333 90 Unterhalt
1857 2176 241 94 finden:

513 2348 46 47 „
611 2301 58 94 so
726 2294 297 96 bedürfen
1065 2300 144 88 diese
1248 2298 291 83 Arbeiter
1571 2306 348 80 wiederum
1953 2324 144 65 tau»

524 2474 48 51 „
622 2429 138 92 send
806 2440 194 68 andre
1026 2429 640 99 Norhwendigkeiten
1696 2444 114 73 des
1838 2439 262 101 Lebens,

519 2606 44 49 „
623 2558 258 97 welches
927 2561 374 97 natürlicher
1349 2565 226 94 Weise
1615 2570 126 79 eine
1767 2571 332 98 Vermehr

520 2738 45 49 „
620 2714 167 73 rung
832 2697 146 73 aller
1028 2693 491 100 Handwerker,
1586 2710 131 72 und
1778 2703 323 87 Gewerbe

517 2870 45 51 „
615 2822 157 91 nach
823 2821 115 95 sich
983 2825 215 99 ziehet;
1257 2843 135 65 und
1433 2842 85 67 da
1551 2834 149 94 diese
1727 2835 375 96 Handwer»

512 3000 49 53 „
618 2957 99 77 ker
780 2965 119 70 den
956 2952 393 103 Verbrauch
1394 2974 103 71 der
1542 2967 559 101 Manussaeruren,

512 3134 48 51 „
613 3096 131 70 und
769 3093 155 73 aller
951 3097 243 73 andern
1231 3090 563 106 Nochwendigkeit
1821 3105 277 98 vermehr

513 3268 52 47 „
620 3242 149 72 ren;
824 3225 57 84 so
922 3228 171 86 gehet
1136 3228 91 76 die
1274 3225 471 104 Vermehrung
1790 3243 103 71 der
1938 3236 161 83 Ein»

514 3398 48 49 „
615 3354 259 86 wohner
905 3351 327 99 beständig
1275 3359 145 90 fort.
1479 3362 239 94 Selbst
1745 3371 93 76 die
1855 3372 243 77 Land*

513 3530 48 49 „
611 3483 462 98 wirchschafr
1114 3485 205 84 kömr
1355 3494 328 98 dadurch
1717 3500 78 77 in
1829 3502 236 93 mehre-

510 3660 48 49 „
608 3637 70 54 re
698 3615 442 99 Aufnahme,
1194 3629 132 72 und
1356 3631 126 73 das
1510 3637 196 82 plane
1724 3629 174 84 Land
1920 3636 172 78 kann

511 3790 54 53 „
619 3747 398 97 dannenhero
1077 3754 202 98 mehr
1337 3757 478 103 Einwohner
1863 3768 232 96 haben.

1978 3899 119 81 den
