3219 4616
1401 497 99 84 34

1413 699 102 78 tie
1585 679 656 96 Amtsverfassungen
2311 668 242 103 gefaßte
2621 674 456 109 Vormtheile,

1416 794 150 92 bloß
1610 795 220 90 stellen.
1955 778 213 92 Diese
2205 773 451 101 Nebendinge,
2708 791 116 72 wie
2864 790 92 84 ihr
3000 791 76 92 sie

1414 905 265 74 nennet,
1734 887 139 93 sind
1918 876 305 99 gestiftet,
2266 895 115 61 um
2430 897 145 76 gute
2604 882 389 98 Ordnungen
3008 907 71 74 zu

1415 990 304 98 erhalten.
1825 982 208 81 Sind
2077 980 80 94 sie
2197 997 118 58 vor
2339 970 216 104 Zeiten
2595 983 489 94 gemißbraücher

1412 1102 314 79 worden,
1778 1074 60 100 so
1870 1084 134 89 sind
2032 1078 68 94 ja
2132 1080 64 74 in
2230 1083 162 73 allen
2426 1078 252 81 Landen
2710 1081 354 95 Gesetzevvr-

1418 1193 283 90 handen,
1760 1177 651 91 diedenMisbrauch
2442 1179 305 89 derselben
2775 1182 314 95 vorlängst

1419 1288 443 96 aufgehoben,
1911 1289 137 72 und
2097 1294 189 63 wenn
2329 1288 141 68 dem
2519 1281 389 94 ohnerachtet
2955 1292 109 69 den-

1420 1392 158 88 noch
1610 1389 108 88 hin
1758 1392 134 70 und
1944 1383 234 78 wieder
2222 1382 196 92 einige
2458 1379 448 93 einschleichen,
2952 1404 34 53 o
3030 1381 56 88 so

1417 1489 248 95 wisset!
1721 1484 128 94 daß
1891 1485 94 74 die
2028 1476 309 95 Religion
2380 1474 167 101 selbst
2573 1478 160 98 nicht
2767 1501 124 56 von
2913 1480 150 95 Miß-

1419 1585 329 98 brauchen
1789 1582 135 92 frey
1961 1583 119 91 ist,
2167 1595 189 60 wenn
2409 1587 71 70 es
2523 1582 125 76 mir
2693 1582 243 77 erlaubt
2981 1582 109 89 ist,

1416 1692 167 86 mich
1616 1683 187 87 dieser
1830 1672 345 102 Gleichniß
2202 1697 72 74 zu
2304 1678 327 96 bedienen,
2674 1689 133 68 und
2836 1680 253 93 welches

1417 1792 150 86 euch
1601 1789 170 88 nicht
1803 1781 364 81 unbekannt
2201 1775 138 96 seyn
2381 1778 204 92 kann,
2637 1796 190 62 wenn
2867 1785 224 72 anders

1418 1896 100 75 die
1553 1875 315 103 Religion
1894 1885 98 74 ein
2029 1877 417 96 Gegenstand
2475 1881 109 90 ist,
2629 1888 141 70 dem
2803 1875 97 97 ihr
2928 1895 162 59 eurer

1416 1984 571 92 Aufmerksamkeit
2018 1976 333 99 würdiger.
2386 2024 123 13 —
2536 1977 255 83 Wann
2822 1979 99 93 ihr
2938 1977 159 90 nicht

1419 2110 132 61 von
1581 2085 476 82 Vorurtheilen
2087 2084 470 87 eingenommen
2589 2074 226 91 wäret,
2851 2078 60 88 so
2931 2075 140 80 wür-

1420 2199 102 70 det
1558 2186 96 91 ihr
1698 2178 300 100 begriffen
2044 2176 246 91 haben,
2344 2176 126 93 daß
2506 2175 146 93 diese
2686 2176 416 93 Nebendinge

1416 2299 111 70 der
1570 2282 387 97 praktischen
2004 2274 377 94 Ausübung
2426 2277 173 76 eines
2636 2275 469 96 Handwerks,

1419 2391 153 76 eben
1613 2383 61 92 so
1713 2384 211 89 wenig
1971 2376 381 94 nachtheilig
2401 2374 173 93 seyn,
2627 2384 107 69 als
2783 2377 93 74 die
2917 2372 157 82 Cere-

1422 2488 258 78 monien
1710 2493 110 65 der
1850 2477 302 91 Kirchen,
2190 2485 106 68 der
2320 2474 382 94 praktischen
2728 2470 374 97 Ausübung

1425 2589 168 93 ihrer
1628 2579 251 98 Lehren.
1980 2577 183 83 Das
2188 2573 309 93 Beyspiel
2531 2585 174 68 derer
2735 2579 132 71 vier
2894 2574 183 77 Mau-

1423 2682 355 96 rergesellen
1847 2676 279 90 beweiset
2179 2677 65 76 in
2309 2672 187 91 dieser
2575 2672 243 93 Sache
2881 2672 217 93 nichts.

1428 2787 179 97 Ihre
1626 2776 421 100 Aufführung
2082 2794 146 59 war
2256 2774 207 95 gewiß
2494 2775 126 76 eine
2654 2771 242 99 Furcht
2946 2774 158 91 ihrer

1425 2885 396 93 Erziehung,
1873 2890 166 67 denn
2071 2876 212 88 hatten
2309 2876 78 90 sie
2421 2875 170 78 einen
2639 2870 182 98 festen
2861 2870 244 80 Grund

1426 2997 112 70 der
1565 2982 311 92 Religion
1910 2979 266 94 gehabt,
2219 2973 61 92 so
2312 2968 264 85 würden
2607 2974 75 90 sie
2717 2973 93 76 die
2835 2968 273 91 Befehle

1428 3097 109 68 der
1568 3080 381 94 Obrigkeit,
1996 3078 97 76 die
2126 3094 127 57 von
2286 3087 193 67 denen
2510 3075 271 88 Untern,
2824 3080 109 68 als
2962 3068 117 81 Be-

1431 3185 160 96 fehle
1625 3181 386 84 natürlicher
2045 3172 230 86 Ettern
2303 3173 330 88 betrachtet
2663 3181 256 66 werden
2949 3163 148 92 müs-

1432 3287 124 92 sen,
1608 3285 178 90 mehr
1822 3279 348 92 respectiret
2198 3273 242 92 haben,
2494 3279 104 68 als
2630 3269 148 88 diese
2808 3269 278 81 Gebrau-

1434 3387 145 91 che,
1634 3385 97 76 die
1770 3400 127 58 von
1934 3370 445 99 vernünftigen
2426 3370 319 94 Meistern
2790 3378 135 71 und
2978 3366 109 83 Ge-

1431 3485 177 94 sellen
1659 3500 125 63 nur
1825 3486 105 74 als
1975 3474 197 100 solche
2199 3475 241 95 Dinge
2471 3473 339 96 betrachtet
2835 3480 275 73 werden,

3020 3563 94 84 die
