3072 4468
1222 656 338 94 naadigfte
1598 649 248 101 Konge
1890 654 130 94 fine
2050 653 612 106 Laugsrettigheder,
2708 691 62 63 er
2808 680 112 78 der

1214 791 90 74 da
1354 778 128 82 ikke
1538 774 246 95 Laug?
1912 774 168 84 Min
2134 779 250 98 Herre!
2462 792 106 75 lad
2628 803 74 68 os
2758 793 155 103 først

1219 901 228 91 bringe
1503 912 158 65 vore
1697 893 370 104 Exporter,
2147 923 80 74 og
2281 922 122 64 vor
2445 906 360 90 Commerce
2845 924 70 76 til

1213 1031 126 76 den
1385 1016 302 102 Høyde,
1733 1019 134 96 som
1909 1020 348 103 Engeland
2301 1048 82 78 og
2429 1028 338 104 Holland;
2835 1046 84 74 da

1212 1147 94 81 vil
1346 1146 102 94 jeg
1488 1161 160 78 rroe,
1678 1163 72 64 at
1792 1154 122 74 den
1960 1155 142 76 med
2132 1147 442 105 Afsætningen
2620 1155 272 96 forbund-

1214 1291 80 62 ne
1352 1264 396 101 Virkning,
1814 1270 94 80 vil
1964 1272 178 94 giøre
2212 1293 156 63 vore
2432 1274 494 117 Haaydværker

1211 1414 172 65 mere
1437 1389 488 100 arbeydsomme
1991 1415 80 76 og
2117 1396 510 101 opfindsomme,
2695 1410 116 73 end
2851 1410 70 72 de

1209 1520 262 94 virkelig
1529 1533 134 82 ere;
1739 1539 82 73 og
1883 1522 86 78 da
2029 1539 126 60 var
2219 1525 102 76 det
2361 1520 138 90 Bd
2547 1541 72 64 at
2657 1531 124 75 tale
2821 1546 102 60 om

1216 1666 214 76 nogen
1470 1640 470 102 Forandring,
1996 1662 86 77 og
2144 1641 146 98 søge
2344 1662 72 64 at
2466 1644 274 101 efterabe
2780 1668 146 62 vore

1210 1769 288 87 Naboer
1554 1769 20 78 i
1636 1771 102 76 det
1792 1768 228 96 sidste,
2082 1787 168 60 naar
2310 1770 66 78 vi
2438 1764 244 105 lignede
2726 1779 142 73 dem
2902 1772 22 80 i

1211 1899 106 78 det
1355 1888 236 100 første;
1643 1887 174 82 Men
1857 1888 126 100 høs
2025 1899 106 84 os,
2173 1887 166 100 hvor
2365 1890 376 93 Kunsterne
2781 1914 142 80 nye?

1207 2021 87 97 sig
1359 2036 96 62 ere
1509 2011 418 97 udsprungm
1983 2009 78 100 af
2099 2013 126 98 sine
2265 2011 382 104 Knopper,
2711 2041 79 77 og
2851 2028 72 74 de

1200 2146 148 79 med
1394 2146 134 76 den
1576 2140 302 94 ømmeste
1898 2134 280 91 Omhue
2220 2157 190 63 maae
2458 2140 296 99 bevares,
2796 2166 126 62 var

1204 2267 108 78 det
1356 2260 62 96 jo
1462 2262 122 76 den
1628 2255 410 99 forvovneste
2059 2248 420 123 Beslutning
2568 2281 72 62 at
2684 2265 238 81 brække

1201 2393 78 78 de
1317 2384 324 97 Gierder,
1685 2381 134 100 fom
1857 2382 314 97 indhegne
2215 2389 72 77 de
2329 2388 206 95 nyelig
2581 2387 336 96 udfpirede

1199 2509 341 104 Planter;
1621 2527 79 76 og
1763 2511 102 77 det
1921 2526 64 58 er
2045 2527 110 60 ene
2213 2527 77 77 og
2359 2514 198 77 allene
2613 2509 309 105 Laugene,

1204 2633 158 98 hvis
1408 2626 444 103 Kuldkastelse
1906 2630 166 79 vilde
2110 2625 316 101 forvolde,
2464 2650 70 63 at
2572 2639 102 78 det
2708 2646 212 85 gamle

1204 2753 336 97 Konsters
1590 2745 350 88 Barbarie
1989 2749 169 95 srax
2196 2749 166 81 vilde
2402 2752 354 97 indtrænge
2802 2758 119 98 sig,

1197 2899 86 76 og
1355 2882 126 76 den
1537 2873 22 80 i
1619 2873 112 92 jaa
1781 2870 164 100 lang
1988 2868 135 97 Tid
2189 2889 80 77 og
2325 2876 140 74 med
2521 2869 110 94 saa
2693 2893 224 77 megen

1197 2997 222 97 Møye
1477 2995 384 98 erhvervede
1911 2994 294 98 Høyde,
2269 2992 164 78 vilde
2491 2996 296 78 decimere
2841 3000 76 78 til

1196 3119 80 94 sit
1338 3112 236 100 forrige
1628 3111 240 100 Jncet,
1926 3132 170 59 naar
2154 3109 328 95 Laugene,
2550 3107 136 96 som
2746 3117 166 77 dens

1194 3229 456 105 Bejkiermelse
1708 3253 80 75 og
1830 3232 382 98 Forrnuur,
2274 3228 144 80 blev
2476 3227 248 98 fløyftt.
2834 3282 76 10 —

1195 3355 176 81 Men
1431 3360 110 74 lad
1611 3363 80 70 os
1751 3353 566 95 igiennemvandre
2357 3352 206 77 andre
2607 3347 304 86 Srarers

1191 3472 446 101 Forfatning,
1685 3495 80 72 og
1811 3476 86 80 da
1939 3470 120 96 stal
2093 3465 174 103 De,
2327 3468 424 103 min-Herre!
2809 3472 70 76 be-

2776 3594 124 98 fin?
