3130 4540
1452 655 147 98 Ihr
1644 655 203 77 tadelt
1890 651 99 75 die
2042 643 417 99 Philosophie
2532 651 111 75 des
2704 651 281 103 Argus,

1301 760 101 78 die
1443 756 215 88 eurige
1689 753 73 92 ist
1815 752 157 83 noch
2013 750 152 74 weit
2207 745 328 94 schlechter.
2635 748 167 83 Eure
2857 754 93 80 Lei-

1298 848 398 97 denschaften
1762 852 208 89 haben
2022 843 156 81 über
2228 866 142 59 eure
2426 844 340 99 Vernunft
2810 854 168 79 einen

1299 956 242 94 großen
1572 950 191 95 Sieg
1795 950 300 96 erhalten.

1456 1151 159 82 Aus
1648 1149 275 91 welchen
1954 1144 533 97 philosophischen
2504 1142 325 84 Gründen
2858 1162 105 63 ver-

1301 1261 223 88 langet
1561 1252 139 92 ihr,
1743 1248 129 92 daß
1919 1253 98 70 ein
2043 1249 421 79 Aeltermann
2503 1265 128 57 von
2661 1244 325 95 Eigennutz

1298 1354 276 92 befreyet
1608 1350 138 91 seyn
1778 1349 154 92 soll?
1986 1355 86 70 da
2106 1347 154 90 doch
2292 1348 148 90 diese
2462 1344 400 97 Leidenschaft
2892 1348 92 75 die

1297 1451 384 94 Triebfeder
1733 1468 186 59 euren
1954 1447 421 94 Scharteque
2417 1444 296 97 gewesen.
2780 1443 207 81 Denn

1295 1568 135 66 aus
1457 1565 107 68 der
1599 1548 329 96 Stellung
1959 1546 309 92 derselben
2311 1547 155 93 habt
2509 1549 97 89 ihr
2639 1543 145 94 euch
2801 1542 167 95 Hoff-

1294 1678 183 71 nung
1562 1670 73 76 zu
1694 1668 253 75 zweyen
2020 1647 285 83 Quellen
2378 1655 187 69 eures
2632 1642 355 98 Vortheils

1291 1753 446 97 versprochen:
1795 1749 317 91 Einmahl
2155 1745 195 95 durch
2389 1756 118 66 den
2537 1744 217 93 Absatz
2781 1742 176 90 dersel-

1294 1859 120 77 ben
1448 1867 118 66 den
1598 1854 146 89 euch
1778 1855 128 74 eine
1934 1855 338 88 glanzende
2304 1840 346 99 Aufschrift
2694 1838 276 96 verschaf-

1288 1955 107 97 fen
1443 1957 198 78 korne.
1748 1949 171 98 Zum
1951 1957 266 84 andern,
2255 1946 128 94 daß
2427 1966 190 57 wenn
2665 1963 134 58 nun
2853 1961 134 57 euer

1287 2059 433 99 ungereimter
1765 2051 273 95 Project
2081 2068 107 72 zur
2233 2044 439 95 Ausführung
2705 2043 285 78 kommen

1284 2156 269 89 würde,
1604 2156 121 92 ihr,
1758 2157 109 71 als
1898 2150 95 76 ein
2026 2151 249 86 Mann,
2310 2157 107 67 der
2454 2144 293 87 vielleicht
2790 2145 61 72 in
2890 2162 69 72 ge-

1285 2256 220 93 wissen
1537 2249 338 94 jährlichen
1913 2248 252 90 Gehalt
2199 2247 223 92 stehet,
2477 2263 126 58 von
2645 2239 346 91 demselben

1284 2363 124 71 den
1448 2351 268 98 größten
1746 2347 190 93 Theil
1974 2345 224 80 würbe
2232 2343 288 97 ersparen
2540 2340 262 80 können.
2856 2382 130 17 —

1280 2455 115 97 Ja
1434 2452 291 98 freylich,
1781 2469 190 57 wenn
2003 2451 98 72 die
2118 2446 249 94 Menge
2404 2454 109 68 der
2544 2441 293 79 Arbeiter
2873 2442 114 91 erst

1279 2558 159 90 seine
1459 2551 199 100 Höhe
1689 2552 305 86 erreichen
2015 2550 211 91 wird;
2275 2563 191 59 wenn
2493 2562 141 59 eure
2667 2537 285 83 erträum-

1278 2673 63 64 te
1356 2652 423 100 Herrlichkeit
1810 2648 189 88 ihnen
2018 2648 119 94 erst
2164 2645 171 78 wirb
2364 2643 281 95 zuTheil
2688 2652 293 81 werden;

1279 2765 182 69 dann
1507 2766 258 66 werden
1825 2752 78 88 sie
1967 2749 294 78 kommen
2307 2756 134 66 und
2489 2743 147 89 euch
2695 2740 285 89 Kleider,

1278 2857 326 81 Meublen
1638 2861 134 69 und
1796 2847 476 99 Hausgerarhe
2302 2854 132 68 aus
2466 2838 512 92 Erkantlichkeit,

1275 2977 124 61 vor
1447 2959 98 76 die
1611 2949 242 99 grossen
1908 2948 391 90 Vorcheile,
2348 2948 93 74 die
2476 2945 97 92 ihr
2606 2940 183 94 ihnen
2843 2956 112 59 ver-

1275 3056 199 95 schaff
1503 3056 193 91 habt,
1727 3050 275 97 umsonst
2031 3058 135 70 und
2201 3045 157 100 ohne
2381 3039 389 97 Bezahlung
2795 3036 155 99 reich-

1274 3160 121 94 lich
1456 3157 369 94 zubringen.

1422 3356 250 92 Welch
1706 3355 96 76 ein
1838 3346 384 99 lächerlicher
2269 3348 135 74 und
2444 3336 526 99 abgeschmackter

1268 3459 349 89 Ausdruck
1651 3458 72 97 ist
1755 3463 68 75 es
1855 3452 204 97 nicht,
2122 3458 141 78 dem
2294 3447 257 98 Argus
2599 3460 70 76 zu
2710 3439 237 92 beschul-

2757 3545 209 93 digen,
