3031 4535
1791 466 110 82 27

179 658 161 102 hver
383 657 237 98 redelig
657 653 363 103 Patriores
1077 651 209 100 Øyne
1327 670 65 62 er
1449 672 75 60 en
1585 651 175 100 ærlig
1819 672 83 78 og

174 784 222 93 duelig
462 777 698 102 Haandværksmand
1242 774 254 98 Ligesaa
1566 778 338 96 ærværdig

178 898 138 96 som
358 919 78 60 en
476 894 678 98 Conference-Raad,
1198 895 332 99 ligemeget
1588 893 80 98 af
1720 897 180 92 hvad

181 1016 262 86 Stand
491 1019 136 98 hau
671 1040 66 58 er
777 1016 334 93 kommen,
1159 1036 170 60 naat
1375 1016 134 98 han
1551 1015 134 82 fun
1727 1035 62 60 er
1835 1038 78 58 ett

185 1138 172 82 brav
403 1139 254 82 Mand.
787 1136 134 88 De
981 1133 262 96 fortælle
1289 1148 78 70 os
1425 1159 156 77 pag.
1651 1163 86 68 19
1805 1156 112 62 om

181 1262 549 97 Kandestøberne
769 1264 21 78 i
831 1260 267 84 London
1158 1281 82 73 og
1293 1260 539 100 Hattemagerne
1889 1260 29 78 i

184 1384 316 84 Abeville.
658 1383 174 83 Med
878 1380 338 93 Tilladelse
1262 1382 136 78 min
1446 1380 248 99 Herre!
1746 1379 170 99 Har

186 1506 139 88 De
362 1521 199 64 været
594 1525 135 74 paa
770 1508 75 78 de
893 1502 316 94 Sædet-,
1254 1500 111 94 saa
1408 1500 213 96 fortæl
1666 1513 83 70 os
1804 1522 85 60 no-

185 1648 108 78 get
331 1626 84 97 af
447 1629 186 78 deres
679 1624 344 82 Miracler.
1181 1623 188 81 Mon
1413 1628 76 76 de
1527 1621 360 105 Professio-

185 1774 114 60 ner
345 1754 24 78 i
421 1771 122 60 vor
603 1749 356 97 Residente
1017 1769 71 76 ey
1151 1749 126 80 kan
1345 1752 180 92 giere
1581 1753 96 80 alt
1741 1751 180 96 hvad

190 1878 168 96 hiine
400 1871 290 100 fremvise
734 1894 82 76 og
844 1877 212 76 endda
1096 1869 124 82 nok
1258 1868 112 96 saa
1418 1888 132 82 got.
1652 1871 162 88 Det
1858 1892 68 64 er

190 1993 424 101 ffammeligt,
658 2008 70 64 at
766 1990 132 88 De
942 1990 136 95 som
1118 1989 340 96 reformere
1482 1990 276 85 Staren
1778 2000 118 76 end-

189 2142 94 56 nu
327 2138 66 59 er
434 2113 109 96 saa
586 2117 343 94 ignorent,
973 2131 74 64 at
1078 2111 135 88 De
1257 2132 72 74 ey
1375 2118 154 75 veed
1576 2115 183 88 hvad
1789 2114 104 84 Ar-

179 2234 925 120 Wkezkhepx»kqn«»s«»ve·geseres.
429 2237 110 90 her
581 2235 126 82 kan
751 2236 354 94 præsteres.
1209 2231 142 97 Jeg
1383 2228 300 99 forsikrer
1713 2233 208 91 Dem

193 2378 87 76 vg
319 2360 127 79 kan
489 2359 293 96 gotgiøre
821 2376 141 70 mm
1005 2352 427 101 Forsikring,
1473 2367 75 67 at
1593 2357 125 78 den
1763 2355 161 99 Hat

198 2476 138 96 som
380 2482 22 77 i
460 2479 348 98 Engeland
872 2476 194 99 koster
1122 2495 56 62 et
1230 2482 116 88 pd.
1406 2474 332 97 Sterling
1800 2480 126 92 stal

194 2608 99 94 jeg
352 2605 180 80 kiøbe
590 2605 186 81 bedre
802 2682 12 4 ,
828 2608 24 80 i
908 2602 458 99 Kiøbenhavn
1424 2600 108 98 for
1590 2625 51 70 4
1721 2602 208 87 Rl

203 2730 178 84 Men
429 2751 156 76 mag
639 2735 104 77 der
807 2726 110 94 saa
987 2731 136 76 min
1187 2727 216 101 Herre
1431 2782 22 40 ,
1513 2745 72 64 ar
1641 2729 70 80 vi
1769 2727 162 101 først

205 2846 148 94 faae
393 2845 306 96 forbudet
743 2845 430 101 Indførselen
1217 2866 134 76 paa
1371 2854 96 76 alt
1493 2844 312 97 fremmed
1830 2859 106 82 ars

469 2973 141 90 Tin
670 2996 84 74 og
792 2971 372 99 Udførselen
1190 2968 80 100 af
1288 2974 128 84 Uld
1439 2972 225 101 Hare-
1686 2973 252 87 Canim

208 3122 80 72 og
332 3094 536 100 Ræve-Skind,
914 3094 112 96 saa
1057 3095 133 98 skal
1226 3101 76 77 de
1348 3096 148 98 faae
1538 3093 88 94 see
1654 3113 72 66 at
1758 3097 152 99 Hol-

206 3226 161 78 land
406 3219 127 94 selv
580 3219 121 96 ffal
742 3220 265 96 tvinges
1050 3235 73 66 at
1162 3218 225 84 Kiøbe
1430 3218 217 102 Hatte
1668 3221 21 78 i
1712 3217 191 89 Dan-

207 3339 308 96 nemark,
579 3361 82 74 og
721 3358 70 62 ar
843 3340 550 89 Kandeftøberne
1453 3342 20 76 i
1535 3337 266 84 London
1855 3358 80 74 ey

203 3458 133 104 ffal
379 3475 150 86 lage
575 3457 267 101 hverken
881 3462 301 99 Palmen
1225 3466 145 82 eller
1429 3458 319 102 Fordelen
1825 3456 115 96 fra

1850 3588 82 72 os
