3219 4553
1523 665 214 98 Doch
1787 663 138 96 ihr,
1993 661 202 80 meine
2239 657 280 86 Brüder
2559 667 130 78 und
2723 667 306 88 Anltsver-

1365 789 338 64 wannten,
1747 767 166 76 einer
1959 765 176 94 jeden
2169 759 250 94 Kunst!
2471 763 212 80 denket
2713 787 116 60 nur
2869 777 188 88 nicht,

1361 871 142 92 Daß
1551 879 72 68 es
1667 865 196 86 dieses
1915 867 162 74 alles
2125 863 108 92 ist,
2289 869 154 70 was
2489 881 142 62 eure
2663 863 394 102 Erwartung

1369 971 128 88 bey
1515 977 110 68 der
1641 961 274 98 Schrift
1931 959 196 92 dieses
2143 961 306 80 Mannes
2463 959 316 98 übertrift.
2847 967 208 84 Nein!

1373 1067 186 84 Eure
1645 1059 650 100 Amtsverfassungen
2391 1059 238 98 müssen
2711 1065 180 96 sogar
2965 1071 98 78 die

1375 1165 322 92 Ursachen
1745 1165 186 94 seyn,
1991 1161 196 94 durch
2235 1161 228 90 welche
2509 1165 96 78 die
2645 1181 146 76 gute
2835 1167 232 82 Sitten

1377 1269 360 78 verdorben
1781 1273 274 72 werden.
2185 1261 138 98 Ich
2375 1263 182 96 frage
2611 1267 146 88 euch
2805 1275 128 72 und
2977 1269 90 78 ein

1379 1385 242 80 ganzen
1667 1367 400 88 erleuchtetes
2107 1361 406 100 Publicum,
2583 1363 88 94 ich
2725 1361 174 98 frage
2945 1365 92 90 son-

1379 1467 234 94 Derlich
1645 1467 364 96 diejenigen,
2063 1465 100 76 die
2195 1471 126 70 das
2347 1465 326 76 verderbte
2695 1465 366 92 menschliche

1375 1567 218 98 Herz,
1647 1577 132 68 und
1815 1563 196 98 dessen
2041 1561 622 98 Widersetzlichkeit,
2733 1565 194 78 wider
2953 1573 108 74 alle

1375 1675 150 76 dem
1569 1677 156 70 was
1783 1665 338 88 ordentlich
2171 1671 136 70 und
2355 1679 114 80 gut
2505 1663 114 94 ist,
2675 1663 260 94 kennen,
2987 1665 76 78 ob

1379 1767 202 82 dieses
1633 1765 166 96 nicht
1843 1767 98 76 die
1985 1763 376 96 allergrößte
2397 1763 534 96 Unbesonnenheit
2955 1765 110 92 ist?

1373 1867 262 86 Wann
1673 1871 94 72 die
1801 1865 260 82 Aemter
2093 1861 394 98 aufgehoben
2519 1863 296 96 würden,
2857 1861 210 82 würde

1373 1975 172 76 denn
1569 1965 194 94 diefts
1793 1965 178 96 mehr
1999 1967 342 92 beytragen
2409 1967 98 74 die
2537 1963 238 82 Sitten
2817 1985 72 74 zu
2939 1985 102 58 ver-

1375 2069 276 94 bessern,
1707 2073 108 72 als
1845 2087 138 56 nun
2011 2065 102 92 seit
2149 2087 188 68 1700
2385 2061 306 98 Jahren,
2743 2067 96 76 die
2885 2067 160 76 reine-

1371 2171 92 96 ste
1491 2165 408 92 Sittenlehre
1927 2173 106 70 der
2061 2163 468 94 allerheiligsten
2573 2161 308 96 Religion
2930 2164 113 91 bev-

1364 2282 314 83 getragen
1727 2263 158 98 hat?
1949 2261 176 86 Wir
2173 2261 206 94 haben
2423 2259 336 96 öffentliche
2797 2263 248 96 Schau-

1371 2365 198 100 plätze
1601 2415 20 42 ,
1703 2363 284 94 woselbst
2033 2363 96 78 die
2173 2361 206 94 Laster
2427 2357 314 102 lächerlich
2787 2363 288 96 gemacht

1373 2479 284 70 werden.
1735 2461 118 98 Ist
1885 2461 168 88 nicht
2085 2459 130 94 also
2249 2463 100 78 die
2381 2459 256 100 Absicht
2667 2469 110 70 der
2793 2463 248 96 Schau-

1373 2567 224 96 spiele,
1649 2565 98 78 die
1783 2563 240 80 Sitten
2069 2577 72 76 zu
2177 2557 394 98 verbessern?
2623 2559 242 94 Allein,
2917 2571 154 68 was

1371 2669 220 90 haben
1627 2667 76 92 sie
1737 2663 216 94 bisher
1977 2661 466 96 ausgerichret?
2511 2659 284 98 Anstatt,
2827 2663 126 92 daß
2971 2663 98 78 die

1371 2765 366 100 Zuschauer
1767 2763 128 96 ihre
1927 2763 224 94 wahre
2193 2759 258 98 Absicht
2491 2759 334 96 erkennen,
2879 2763 190 94 gehen

1375 2871 102 76 die
1515 2867 254 94 meisten
1803 2861 260 94 daselbst
2097 2863 106 92 hin
2243 2881 112 58 um
2405 2863 96 76 die
2541 2859 138 98 Zeit
2709 2881 70 74 zu
2817 2861 224 80 vertrei-

1377 2969 166 94 ben,
1583 2975 134 70 und
1749 2971 210 72 etwas
1995 2981 74 74 zu
2103 2959 212 94 lachen
2351 2979 70 76 zu
2449 2961 240 96 haben;
2735 2963 76 94 sie
2831 2961 208 80 bemer-

1373 3067 118 82 ken
1535 3065 150 92 diese
1731 3057 322 102 lächerlich
2081 3059 358 96 gemachten
2467 3061 260 96 Fehler,
2781 3079 186 60 wenn
2993 3071 76 70 es

1375 3167 160 94 hoch
1589 3165 222 92 komt,
1893 3183 86 58 an
2033 3161 176 94 ihren
2257 3159 590 96 Nebenmenschen,
2913 3163 156 78 aber

1377 3269 188 90 selten
1611 3287 88 58 an
1747 3263 116 96 sich
1895 3261 202 92 selber.
2203 3259 162 86 Der
2391 3259 326 96 Marquis
2751 3279 128 60 von
2929 3263 104 80 Ca-

1379 3371 292 90 raccioli,
1727 3375 108 68 der
1877 3363 152 88 seine
2071 3357 310 98 Schrift,
2433 3361 100 80 die
2577 3371 118 72 den
2723 3361 172 88 Titel
2927 3359 108 96 füh-

1379 3483 126 68 ret:
1563 3475 96 72 La
1689 3465 364 102 Jouiflance
2081 3465 82 78 de
2195 3459 100 82 foi
2331 3489 248 66 meine,
2647 3463 206 100 gewiß
2903 3461 164 94 nicht
