2974 4589
1724 418 96 70 39

145 610 358 98 einfältigen
535 605 710 102 Handwerksmannes
1273 607 166 90 nicht
1477 602 314 91 verschmä-

143 719 110 89 hen
295 720 250 85 wollet,
601 717 70 71 os
727 711 60 90 so
833 707 174 96 gehet
1047 712 118 74 mit
1205 729 176 57 eurer
1429 706 390 83 Staatskur

139 818 92 78 ein
265 816 210 92 wenig
507 809 332 96 vorsichtig
875 829 70 72 zu
977 806 258 96 Werk,
1289 813 202 72 damit
1537 809 76 96 sie
1651 806 170 94 nicht

139 913 189 99 ärger
373 920 235 87 werde,
645 919 109 70 als
779 913 97 76 die
907 907 359 97 Krankheit
1297 905 193 98 selbst.

282 1112 212 92 Nun,
550 1111 64 90 so
640 1109 334 91 vereiniget
998 1106 146 94 euch
1176 1111 210 75 dann!
1442 1107 102 92 ihr
1590 1105 208 92 sämtli-

144 1215 144 91 chen
330 1214 450 91 Amrsmeister
824 1213 150 76 aller
1002 1206 250 92 Künste
1280 1215 132 72 und
1446 1209 354 96 Handwer-

140 1315 141 91 ker,
336 1318 99 78 die
460 1313 451 90 Verbindung
938 1326 183 62 unter
1150 1308 183 95 euch,
1388 1309 51 90 je
1466 1311 137 88 eher
1632 1311 53 90 je
1728 1316 73 70 lie-

145 1417 146 91 ber,
347 1412 402 96 aufzuheben.
827 1409 164 82 Eiler
1035 1410 94 78 die
1183 1408 244 81 Kinder
1461 1419 106 70 der
1595 1410 236 90 reichen

141 1526 134 70 und
323 1511 422 97 ansehnlichen
795 1507 316 95 Bürger,
1167 1514 92 74 die
1301 1517 176 72 dann
1521 1517 114 86 bey
1679 1512 146 88 euch

143 1635 106 75 zur
279 1616 366 89 Erlernung
689 1631 176 60 eurer
911 1606 246 96 Künste
1201 1608 330 97 kommen,
1587 1629 72 74 zu
1703 1630 96 58 em-

142 1714 318 96 pfangen,
514 1725 134 72 und
682 1711 220 92 welche
934 1710 206 96 nichts
1158 1721 276 82 anders,
1482 1719 110 72 als
1628 1708 200 86 diesen

142 1815 342 97 Zeitpunkt
530 1831 362 72 erwarten,
960 1812 154 76 aber
1168 1809 388 98 untersuchet
1606 1808 220 102 wohl,

142 1918 82 76 ob
266 1918 190 86 reiche
496 1914 260 89 Eltern,
810 1913 98 76 ein
948 1908 282 98 Beweiß
1282 1913 164 76 einer
1478 1927 194 78 guten
1704 1908 100 86 Er-

138 2018 257 92 ziehung
458 2016 162 92 ihrer
674 2011 258 78 Kinder
990 2008 189 100 seyn;
1260 2015 186 74 allein
1504 2011 194 90 dieses
1760 2012 70 90 ist

141 2116 162 92 nicht
345 2134 140 58 eure
541 2113 272 90 Sache,
873 2130 190 58 wenn
1111 2112 74 88 sie
1229 2132 122 57 nur
1403 2131 144 60 euer
1587 2113 212 94 Hand-

139 2214 170 80 werk
343 2222 226 70 lernen.
621 2303 20 24 ^
675 2211 174 78 Aber
897 2229 118 57 vor
1059 2216 162 72 allen
1271 2210 286 95 Dingen
1611 2208 220 81 wecket

141 2319 78 89 sie
247 2314 160 90 nicht
439 2334 68 72 zu
541 2301 182 102 frühe
753 2321 114 66 des
913 2311 332 93 Morgens
1273 2307 156 100 auf;
1485 2311 232 94 beleget
1751 2310 78 90 sie

143 2412 165 96 nicht
339 2416 117 76 mit
491 2417 183 72 vieler
711 2411 225 78 Arbeit
983 2420 117 66 des
1141 2408 271 96 Tages,
1477 2421 135 66 und
1657 2406 175 98 lasser

150 2514 184 90 ihnen
364 2522 114 70 des
510 2512 268 77 Abends
812 2515 64 70 in
918 2506 408 94 Gesellschaft
1366 2511 164 86 ihrer
1568 2512 240 88 vorneh-

148 2635 144 55 men
342 2610 272 89 Eltern,
672 2609 128 92 ihre
846 2606 344 95 gleichfalls
1234 2609 340 90 vornehme
1608 2609 202 94 Fami-

142 2716 122 90 lie,
314 2706 326 98 besuchen;
696 2715 148 70 oder
898 2708 158 92 auch
1100 2716 92 70 die
1238 2706 246 93 Bälle,
1548 2706 259 79 Kome-

142 2805 184 97 dien,
410 2809 531 94 Masqueraden;
1014 2818 165 68 redet
1242 2806 187 95 ihnen
1492 2805 115 92 bey
1662 2807 175 79 Leibe

147 2910 202 96 nichts
383 2932 126 54 von
539 2905 472 96 Kirchengehen
1039 2926 158 74 vor,
1261 2908 262 88 sondern
1557 2905 168 96 lasset
1759 2908 80 86 sie

145 3019 120 69 den
299 3008 290 93 Sontag
623 3009 304 92 geruhig,
993 3008 118 76 mit
1145 3010 64 74 in
1239 3007 482 96 Stanosehung
1751 3008 60 90 ih-

149 3129 98 59 rer
273 3106 458 98 französischen
763 3106 492 94 Kleidertracht,
1313 3109 364 92 zubringen,
1705 3118 134 66 und

149 3227 201 61 wann
383 3220 109 66 der
519 3208 447 90 Gottesdienst
993 3210 285 90 vorbey,
1331 3215 277 70 alsdenn
1641 3205 199 96 haltet

154 3308 186 94 ihnen
370 3308 62 92 ja
460 3312 160 89 nicht
650 3311 84 74 ab
788 3313 96 72 die
916 3307 236 89 Opera
1186 3326 70 74 zu
1290 3305 318 96 besuchen;
1662 3328 146 56 war-

150 3427 88 63 tet
282 3408 210 100 ihnen,
522 3407 208 100 fleißig
800 3411 120 78 mit
976 3406 242 96 Eoffe,
1292 3408 362 97 Chocolade
1702 3414 138 70 und

968 3504 64 86 C
1084 3532 50 72 4
1542 3504 298 103 Punrsch
