3170 4610
1280 725 133 99 just
1468 712 415 99 beklageligt,
1940 720 87 66 ar-
2080 719 161 64 man
2296 699 21 80 i
2376 705 143 73 dem
2558 701 197 94 finder
2792 723 75 62 en
2908 702 83 100 af

1285 848 89 74 de
1423 830 521 106 Hoved-Kilder
1999 822 73 84 til
2131 821 407 96 Konsternes
2575 823 407 95 Undergang,

1282 962 143 92 som
1486 962 77 74 de
1620 949 341 96 vrangelig
2028 947 269 91 tillægge
2348 937 305 99 Laugene.
2772 943 209 98 Hvad

1287 1078 129 97 stal
1467 1071 233 97 opelste
1737 1068 315 92 Konster,
2113 1068 195 75 andet
2349 1064 121 78 end
2515 1056 170 85 Ære
2729 1081 79 76 og
2845 1059 115 85 Be-

1294 1193 301 97 lønning,
1644 1190 151 94 helst
1836 1193 121 78 den
2002 1185 221 95 sidste?
2278 1180 173 81 Men
2500 1178 167 97 hvor
2704 1198 181 59 maae
2922 1198 69 76 ey

1295 1332 155 63 vore
1503 1310 371 96 Konstnere
1937 1306 165 80 blive
2169 1303 313 96 søvnige,
2537 1299 339 98 efterladne
2915 1322 79 76 og

1286 1426 321 103 modløse,
1660 1452 169 60 naar
1886 1435 77 76 de
2022 1426 181 99 Rige
2264 1430 77 77 de
2398 1423 427 99 Fornemme,
2862 1419 133 93 som

1291 1560 129 81 kan
1485 1578 107 76 eye
1665 1574 83 78 og
1829 1553 203 82 betale
2101 1565 59 64 et
2223 1553 161 91 godt
2451 1544 301 100 Arbeyde
2809 1567 79 75 og
2941 1562 59 66 et

1292 1676 569 100 Kunst-Stykke,
1926 1692 97 62 ere
2080 1669 115 94 saa
2232 1668 363 99 Uparriste,
2652 1684 73 64 at
2762 1672 73 75 de
2870 1663 105 98 for-

1291 1799 215 101 skrive
1549 1808 105 75 det
1707 1792 109 104 fra
1879 1795 423 99 Fremmede,
2355 1789 135 94 som
2535 1789 283 84 Landets
2859 1808 143 80 egne

1292 1928 263 98 Børn,
1598 1927 211 80 kunde
1848 1919 501 99 ülveyebringe?
2404 1915 213 89 Troer
2650 1915 133 85 De
2824 1933 73 79 ey
2936 1932 69 66 at

1295 2068 61 62 er
1393 2043 551 97 Kunst-Stykke,
1985 2058 59 64 et
2089 2038 267 98 Stykke
2393 2036 83 96 af
2505 2033 383 100 Opfindelse
2925 2056 83 76 og

1292 2170 255 94 Smag
1586 2167 125 78 kan
1755 2163 316 93 arbeydes
2118 2159 107 90 her
2268 2160 21 76 i
2334 2157 275 92 Landet,
2654 2160 87 78 da
2786 2158 221 95 opviis

1292 2306 84 70 vs
1438 2308 58 65 et
1537 2286 269 97 Stykke
1879 2281 309 98 fremmed
2231 2276 337 99 Arbeyde,
2630 2298 80 76 og
2753 2281 229 93 tilveye-

1290 2419 193 91 bring
1517 2432 82 62 en
1638 2409 297 99 Præmie
1974 2404 107 96 for
2108 2408 145 79 dets
2284 2398 487 99 Udarbeydelse,
2801 2423 80 78 og
2906 2402 103 96 jeg

1294 2537 244 93 trodser
1581 2540 183 88 dem,
1827 2529 133 88 De
2015 2530 125 95 stal
2199 2524 147 96 faae
2409 2531 105 75 det
2555 2520 233 99 ligesaa
2828 2528 180 94 godt,

1293 2682 120 62 om
1447 2682 72 76 ey
1560 2660 189 79 bedre
1790 2656 21 80 i
1852 2655 243 82 Lander
2139 2667 76 64 en
2246 2656 105 76 der
2374 2647 401 99 Fremmede.
2880 2645 105 83 Gi-

1302 2808 78 60 ve
1422 2805 124 60 vor
1588 2779 448 84 Souveraine
2078 2775 168 80 vilde
2285 2770 167 95 sætte
2494 2790 74 58 en
2607 2767 241 99 Prøve
2875 2769 109 93 her-

1291 2929 178 79 paa,
1529 2910 86 76 da
1677 2901 132 93 han
1869 2901 184 94 stulle
2091 2899 250 93 befinde
2399 2912 70 62 ar
2525 2909 156 61 man
2738 2888 273 102 falstelig

1296 3033 316 96 beffylder
1654 3025 290 94 Laugene
1988 3042 82 77 og
2110 3020 336 95 paadigter
2474 3020 182 89 dem,
2712 3030 72 64 at
2808 3011 174 82 Kun-

1299 3160 132 96 sten
1475 3150 300 95 tvinges,
1817 3141 128 98 just
1985 3140 206 98 fordie
2231 3142 64 76 vi
2337 3141 162 94 have
2529 3134 200 96 Laug.
2835 3131 176 85 Ved

1298 3278 248 94 faadan
1586 3264 490 97 Undersøgning
2122 3264 138 76 ville
2300 3258 130 85 De
2464 3256 136 79 min
2646 3251 220 101 Herre
2902 3252 82 78 bli-

1297 3414 80 60 ve
1441 3391 234 97 tydelig
1733 3387 468 95 demasqverer,
2259 3402 82 75 og
2403 3376 422 94 Monarchen
2871 3374 140 78 ville
