3218 4610
423 835 143 86 Da
621 836 85 94 ich
759 838 89 78 im
881 836 593 99 Vorhergehenden
1525 843 291 95 gezeiget,
1879 844 129 94 daß
2055 842 133 80 kein

228 966 696 97 Nahrungs-Stand
952 989 72 74 zu
1060 969 482 99 Verfertigung
1574 975 186 89 seiner
1778 973 316 82 Maaren
2128 976 60 94 so

226 1109 148 72 viele
420 1097 244 98 Hände
710 1104 64 74 in
820 1100 396 97 Bewegung
1264 1106 172 92 sehen
1480 1104 206 97 kann,
1736 1111 108 76 als
1898 1107 144 79 eben
2096 1110 98 78 die

228 1229 617 95 Manufaccuren,
880 1234 57 91 so
970 1237 69 90 ist
1071 1245 70 68 e6
1177 1233 316 95 offenbar,
1524 1239 127 92 daß
1683 1253 184 62 wenn
1907 1241 96 75 ein
2038 1240 159 90 jeder

229 1363 150 94 auch
429 1381 122 60 nur
599 1366 60 88 so
717 1366 118 74 viel
883 1367 202 92 dabey
1135 1370 328 75 verdienen
1515 1368 144 93 soll,
1709 1371 126 92 daß
1869 1391 64 58 er
1967 1376 210 92 wenig-

227 1499 164 92 stens
447 1501 126 73 das
629 1492 436 95 kümmerliche
1107 1493 240 84 Brvdt
1397 1496 204 90 haben
1659 1497 198 80 könne
1907 1499 170 96 (weil
2127 1512 72 70 es

228 1623 170 84 Leute
426 1633 306 73 darunter
764 1628 172 94 gibt,
968 1631 92 74 die
1096 1629 92 78 die
1222 1623 262 99 Woche
1516 1626 108 94 für
1664 1655 86 50 12
1784 1627 104 96 Lß.
1922 1632 278 80 arbeiten

230 1755 256 94 müssen)
520 1767 104 69 der
660 1756 490 99 Arbeits-Lohn
1196 1758 364 98 gleichwohl
1600 1763 98 80 ein
1732 1758 468 102 beträchtliches

232 1887 359 96 ausmache.

429 2167 172 94 Zum
659 2166 282 97 Beweist
997 2169 236 98 dessen,
1291 2170 134 78 will
1483 2166 86 94 ich
1625 2169 94 80 die
1773 2171 60 94 so
1879 2184 314 81 genannte

229 2297 497 97 Holländische
773 2299 265 80 Lacken
1060 2299 346 94 -Fabvike
1452 2298 340 95 anführen.
1949 2299 211 83 Selbi-

230 2453 72 70 ge
354 2431 112 90 hat
518 2428 154 94 nach
724 2432 164 78 einer
932 2451 284 74 genauen
1264 2430 436 97 Berechnung
1756 2435 182 76 allein
1982 2434 64 78 in
2098 2456 92 72 14

230 2557 266 94 Jahren
530 2576 286 78 235498
848 2560 226 93 Rthlr.
1102 2561 274 109 4M.6
1404 2564 56 94 ß.
1492 2584 88 58 an
1614 2563 576 93 Arbeics-Lohn

231 2689 414 94 ausgegeben.
749 2686 172 84 Wie
955 2693 118 76 viel
1101 2687 222 82 würbe
1359 2700 106 70 der
1495 2692 494 95 Arbeits-Lohn
2023 2692 166 96 nicht

229 2817 434 97 ausmachen,
733 2838 186 61 wenn
987 2827 158 74 alles
1201 2834 154 66 was
1421 2821 452 85 Dannemark
1929 2821 262 97 jährlich

229 2949 299 96 würklich
575 2972 85 56 an
697 2950 223 82 Lacken
969 2953 457 90 consummiren
1471 2954 205 91 kann,
1723 2955 127 94 hier
1897 2953 295 94 fabricirt

228 3081 222 80 würde
580 3082 130 96 Ich
758 3084 166 94 halte
954 3095 68 70 es
1054 3093 110 70 der
1194 3082 214 94 Mühe
1438 3086 204 97 werth
1670 3089 126 78 eine
1830 3084 334 98 vhngefehr-

230 3211 144 96 liche
400 3209 432 103 Berechnung
870 3216 96 97 hie
1006 3217 180 94 herzu
1224 3219 186 92 setzen.

435 3487 270 95 Gesetzt,
741 3504 70 68 es
845 3492 224 83 kleiden
1115 3493 116 92 sich
1279 3494 64 80 in
1397 3492 450 86 Dannemark
1901 3517 290 71 150020

233 3617 340 94 Menschen
609 3624 84 74 im
723 3618 218 85 Lacken
981 3645 128 62 von
1141 3622 554 100 unterschiedlicher
1727 3625 288 84 Bonitet
2057 3634 136 74 und

228 3749 282 100 Preisen.
