3129 4549
1299 461 42 68 8
1855 459 473 39 ...-—-

1299 461 42 66 8

1307 643 132 88 De
1477 647 184 92 siger,
1701 661 80 74 og
1823 657 70 62 at
1931 639 384 92 Magaziner
2359 639 120 94 stal
2517 641 182 82 betale
2713 645 224 86 Kræm-

1309 785 254 74 meren,
1623 763 128 88 som
1815 761 120 96 har
1995 759 224 82 Credic
2275 781 74 58 en
2399 757 314 106 Tidlang,
2771 785 192 80 meget

1307 903 132 76 gor.
1591 881 112 84 En
1745 879 228 82 Credit
2027 899 64 58 er
2131 883 364 92 nødvendig
2539 881 96 92 for
2673 907 68 58 en
2777 889 156 98 Han-

1313 1007 388 90 delsmand,
1743 1007 108 76 der
1893 997 120 96 selv
2057 995 126 96 ofte
2225 1021 186 60 mane
2449 1005 138 94 give
2627 1011 132 76 den.

1531 1141 330 96 Kongens
1915 1139 222 100 Casse,
2209 1163 240 60 meener
2501 1145 210 100 Han,
2769 1171 82 56 nu
2905 1171 65 71 ev-

1310 1260 89 77 Vil
1311 1261 90 78 vil
1461 1263 144 78 tabe
1661 1259 108 92 saa
1823 1277 238 78 meget,
2123 1265 100 74 der
2281 1283 64 58 er
2401 1263 236 96 billigt,
2695 1269 110 76 den
2863 1269 112 80 bor

1313 1383 182 90 heller
1551 1381 158 96 ikke;
1781 1381 92 94 thi
1933 1387 118 72 den
2107 1383 124 92 har
2283 1381 140 80 tabt
2483 1389 96 72 alt
2623 1387 98 88 for
2763 1405 208 82 meget,

1315 1523 78 72 og
1439 1523 228 76 mange
1723 1501 414 96 uberettigede
2177 1501 322 98 Personer
2559 1505 118 96 har
2733 1509 216 94 profite-

1313 1637 90 62 ret
1447 1629 120 72 ved
1611 1627 162 74 dens
1815 1619 192 96 Tab,
2055 1645 78 72 og
2173 1623 96 92 jeg
2315 1639 168 64 troer
2523 1625 158 96 nok,
2743 1633 116 72 den
2899 1625 61 96 ef-

1309 1733 266 103 xerdags
1617 1743 16 76 i
1679 1739 110 88 fim
1824 1738 449 81 Maader-ikke
2155 1741 120 78 ikke
2311 1745 88 74 vil
2443 1743 116 78 lide
2597 1763 188 76 noget
2811 1743 166 88 Tab.

1523 1881 306 98 Alligevel
1881 1883 158 94 siger
2079 1881 128 88 De
2263 1886 170 93 srax
2475 1885 280 96 herpaa:
2831 1889 154 86 Det

1309 2023 198 76 gaaer
1531 2011 214 74 endnu
1771 2025 88 58 an
1885 2011 142 72 med
2053 2023 150 60 vore
2231 2003 532 96 Manufacturer.
2805 2009 178 82 Saa

1307 2125 192 90 længe
1555 2123 282 94 Kongen
1903 2121 118 94 har
2075 2121 176 94 Lyst,
2323 2141 70 60 at
2449 2127 140 76 lade
2647 2127 94 90 sin
2801 2125 186 98 Casse

1305 2243 170 93 saae
1531 2243 204 78 aaben
1793 2237 100 94 for
1949 2245 140 76 dem
2147 2261 134 72 paa
2335 2247 122 74 den
2515 2243 296 100 Maade,
2869 2249 112 90 saa

1309 2369 196 90 længe
1555 2361 182 80 indtil
1777 2365 74 74 de
1891 2357 124 78 kan
2055 2359 178 78 drive
2275 2359 92 96 sig
2409 2361 164 96 selv,
2635 2363 122 90 selv
2803 2367 178 98 ssasse

1307 2485 96 92 sig
1459 2481 226 86 Debit
1747 2485 118 74 ved
1921 2477 372 98 Vahrenes
2347 2479 290 92 Godhed
2713 2505 84 74 og
2847 2493 132 80 lette

1309 2603 260 98 Priser,
1627 2601 108 94 saa
1793 2597 244 100 frygter
2073 2597 166 96 De,
2295 2607 118 74 den
2459 2603 196 80 bliver
2697 2611 276 86 udcømr,

1309 2723 230 94 førend
1603 2727 160 72 dette
1819 2719 172 90 steer.
2143 2715 68 100 I
2263 2723 100 74 det
2419 2723 264 90 mindste
2739 2743 238 60 meener

1311 2843 214 98 Han,
1585 2845 102 74 det
1739 2843 208 88 aldrig
2006 2837 153 103 skeer
2209 2841 144 76 med
2393 2835 582 94 Manufakturerne

1309 2967 110 94 her
1477 2965 18 76 i
1541 2959 324 96 Staden,
1927 2961 164 96 hvor
2141 2955 380 104 Huusleye,
2575 2959 406 98 Ildebrand,

1307 3109 80 74 og
1427 3087 390 84 Levemaade
1857 3105 62 58 er
1954 3082 277 95 saa-dre
2115 3089 118 88 dyr
2273 3101 76 76 og
2391 3081 266 96 kostbar.

1521 3197 104 96 Af
1661 3207 134 86 der,
1837 3199 130 92 som
2011 3223 88 58 nu
2145 3221 64 60 er
2253 3201 158 94 sagt,
2463 3201 212 94 anseer
2705 3201 96 98 jeg
2841 3203 130 76 min

1301 3321 268 98 Herre,
1627 3321 102 88 for
1783 3339 68 62 at
1907 3341 162 58 være
2123 3315 402 98 befrygtende
2583 3339 82 74 og
2729 3319 242 96 ligesom

1303 3443 392 98 misundelig
1741 3463 172 78 over,
1955 3455 68 66 at
2051 3437 324 100 Kongens
2411 3435 198 100 Cassa
2651 3437 118 98 stal
2803 3439 168 88 staae

2775 3553 196 80 aaben
