3091 4610
1861 495 95 78 33

184 653 298 96 Arbeyde
552 654 224 96 famlet
852 657 466 101 Riigdomme,
1376 659 68 92 ja
1508 655 178 100 hvad
1736 658 230 87 vinder

184 757 122 78 ikke
354 755 274 84 Staten
672 763 210 92 aarlig
930 764 120 76 ved
1096 758 124 92 saa
1249 772 240 85 mange
1546 779 120 77 nye
1718 761 218 100 Under-

182 856 255 93 saatteri
494 856 157 84 End
696 859 233 96 videre,
978 863 85 77 da
1112 858 243 97 Ludvig
1398 865 121 74 den
1564 864 163 92 14de
1764 861 203 98 udjog

180 954 115 91 faa
337 977 236 77 mange
615 954 452 97 Reformeerte
1107 958 366 95 Arbeydere
1513 956 84 98 af
1631 962 132 94 sine
1801 960 134 87 Lan-

181 1061 98 88 de,
317 1062 292 92 modtog
653 1064 118 75 den
815 1055 234 99 forrige
1075 1058 242 97 Konge
1361 1055 82 96 af
1463 1057 322 101 Preussen
1823 1066 146 75 dem

181 1163 149 74 med
375 1156 209 80 aabne
629 1154 239 91 Arme,
917 1159 197 92 ffiøm
1161 1164 73 74 de
1271 1162 165 91 fleste
1479 1155 81 101 af
1611 1164 143 76 dem
1811 1180 155 63 vare

180 1257 246 94 yderlig
484 1254 244 100 fattige.
816 1257 218 98 Hvad
1078 1258 204 94 kunde
1322 1265 102 74 vel
1486 1257 242 88 Landet
1782 1277 186 66 vente

186 1357 96 94 sig
320 1353 78 94 af
448 1354 144 100 disse
634 1350 408 89 Staadere?
1096 1359 300 94 Uendelig
1440 1376 204 80 meget
1682 1358 282 101 Argus,

180 1453 133 86 De
356 1455 121 88 har
521 1458 176 94 giort
736 1463 71 76 de
864 1455 357 101 Preussiffe
1298 1457 259 84 Stater
1619 1480 76 58 en
1754 1462 205 97 vigtig

179 1553 306 98 Treneste.
607 1554 452 86 Dannemark
1119 1560 118 96 har
1287 1563 288 78 anvendt
1615 1560 344 83 Millioner

177 1677 134 74 paa
345 1671 74 66 at
459 1654 144 96 faae
643 1655 516 96 Manufacturec
1187 1680 79 74 og
1293 1655 366 100 Fabriqver
1677 1656 281 103 indført,

176 1777 82 74 og
316 1755 120 98 har
502 1762 124 90 dog
688 1754 126 85 ikke
872 1774 192 64 naaet
1118 1760 78 96 sit
1250 1756 426 100 Øyemærke,
1776 1763 134 79 deri-

176 1861 158 76 mod
376 1855 120 96 har
540 1853 140 98 dise
724 1853 222 100 fattige
984 1855 352 87 Staadere
1374 1865 122 76 ved
1538 1857 200 101 Hielp
1784 1859 78 96 af
1892 1877 64 66 et

174 1959 149 78 lidet
406 1953 287 101 Forskud
774 1955 189 98 bragt
1022 1962 145 76 dem
1210 1960 71 79 til
1330 1957 623 100 Fuldkommenhed.

171 2055 160 84 Det
369 2073 122 61 var
557 2052 124 82 ikke
731 2061 198 78 allene
989 2051 224 103 fattige
1277 2055 486 102 Fabriqvører,
1811 2040 138 109 fom

173 2155 134 96 han
339 2153 314 97 imodtog,
693 2174 146 67 men
883 2161 102 78 det
1025 2178 126 62 var
1189 2178 82 77 og
1311 2157 220 96 fattige
1575 2156 378 101 Snedkere,

173 2253 375 97 Giortlere,
589 2252 311 101 Smede,
945 2253 565 98 Remmefnidere,
1557 2256 351 90 Sadelma-

174 2375 140 74 gere
350 2377 74 58 ec.
466 2354 218 98 Hvad
722 2355 204 92 ffulde
964 2357 240 83 Landet
1246 2363 144 78 med
1440 2363 182 89 dem,
1664 2364 104 76 det
1806 2376 132 67 var

176 2455 68 94 jo
324 2453 172 80 kuns
564 2470 70 62 at
704 2448 270 99 formere
1046 2456 452 96 Arbeydernes
1556 2458 232 84 Antall
1852 2481 86 74 og

174 2551 231 98 forøge
482 2548 455 100 Velstandens
1018 2553 319 99 Aftagelfe
1424 2561 119 76 ved
1632 2556 307 98 Laugene.

177 2651 356 84 Saaledes
571 2650 126 84 kan
755 2675 76 58 en
887 2651 418 88 Oldermand
1361 2655 234 97 tænke,
1653 2678 148 62 men
1859 2679 80 62 en

177 2751 440 85 Statsmand
663 2755 228 80 tænker
933 2760 392 80 anderledes.
1429 2755 200 101 Disse
1671 2755 256 101 Profef-

171 2849 279 98 sionister
492 2852 166 96 have
698 2859 170 92 gjort
906 2875 74 58 en
1020 2856 202 94 vigtig
1267 2850 303 103 Tieneste.
1698 2850 240 92 Siden

174 2959 120 74 den
338 2947 152 92 Did
532 2972 64 60 er
638 2958 106 74 det
792 2951 334 101 Berlinske
1182 2952 724 101 Haandværks-Arbey-

180 3059 75 74 de
296 3051 193 97 bragt
530 3056 69 76 til
658 3052 617 99 Fuldkommenhed.
1410 3053 115 100 Ja
1588 3058 173 96 siden
1812 3062 125 77 den

189 3147 154 90 Bid
385 3149 120 88 har
557 3172 158 60 man
755 3157 18 76 i
815 3153 276 100 Paris,
1149 3154 308 99 London,
1517 3153 420 97 Amsterdam

179 3273 84 70 og
319 3247 442 103 Kiobenhavn
815 3257 18 76 i
893 3271 58 64 et
1003 3256 122 94 vist
1173 3254 244 97 Slags
1479 3257 296 93 Arbeyde
1831 3257 68 80 be-

181 3351 157 78 tjent
373 3351 89 93 sig
505 3350 75 94 af
621 3360 71 70 de
717 3353 333 98 Berlinske
1075 3354 343 85 Diodeller.
1521 3353 159 93 Det
1719 3376 63 64 er
1825 3355 107 98 for

178 3469 76 62 en
296 3445 246 101 Danff
584 3450 274 100 Patriot
900 3471 72 62 at
1026 3462 194 90 lægge
1280 3453 254 86 Mærke
1590 3456 74 82 til
1718 3476 78 76 og
1850 3473 76 68 ar

180 3567 306 76 græmme
528 3552 92 96 sig
662 3572 184 81 over,
890 3575 166 62 naar
1080 3552 414 104 Forfatteren
1528 3556 80 100 af

1030 3654 65 88 C
1849 3679 78 52 r«
