3135 4560
1232 501 115 84 40

1233 693 124 76 de.
1375 683 122 98 vist
1563 701 76 60 en
1685 677 418 96 ubedragelig
2143 675 244 102 Prøve
2427 697 128 78 paa
2597 703 72 60 en
2705 682 216 103 Avis-sy-

1235 815 189 72 deres
1469 802 322 107 Hals-iilte
1903 801 178 80 Men
2135 805 378 90 angaaende
2555 801 366 104 Mesterstyk-

1241 929 228 80 kernes
1509 921 472 100 Kostbarhed,
2043 927 88 74 da
2173 923 148 96 giør
2361 921 132 88 De
2535 927 128 78 deri
2699 949 70 58 en
2796 929 119 85 Ele-

1235 1053 219 95 Hhant
1495 1045 80 92 af
1613 1067 76 58 en
1733 1045 202 96 Myg.
2043 1045 142 100 Jeg
2231 1065 188 62 mane
2461 1047 224 98 spørge
2721 1051 226 100 Dem,

1235 1179 146 76 min
1429 1171 258 100 Herre!
1759 1175 178 92 hvad
1999 1191 66 60 er
2129 1175 102 76 dec
2277 1169 104 94 for
2421 1193 86 58 et*
2541 1173 412 100 Profession,

1235 1303 126 74 ved
1405 1295 152 96 hvis
1599 1291 452 98 Mesterstykke
2091 1293 190 82 tabes
2331 1319 140 50 100
2507 1295 242 98 Rdlr.,
2819 1305 130 76 eller

1233 1425 330 80 derover?
1619 1419 136 70 vid.
1795 1443 146 72 pag.
1993 1441 118 70 41.
2271 1415 112 88 En
2427 1417 410 102 Guldsmed,
2879 1441 70 60 en

1234 1546 373 97 Uhr-mager
1713 1561 76 58 en
1833 1539 318 96 Mahler,
2219 1561 78 60 en
2341 1541 322 84 Snedker
2717 1567 74 60 rc.
2831 1545 118 80 kan

1235 1661 66 96 jo
1347 1663 180 98 sælge
1565 1665 78 92 sit
1681 1659 492 102 Mesterstykke;
2231 1659 130 86 Lad
2409 1683 192 76 være,
2649 1667 132 96 han
2823 1671 128 76 der«

1241 1795 126 78 ved
1413 1787 184 80 taber
1635 1783 106 100 fra
1781 1811 96 50 20
1921 1785 72 80 til
2039 1789 44 70 6
2125 1805 42 58 a
2215 1797 38 74 8
2303 1785 244 102 Rdlr.,
2601 1791 104 78 det
2751 1791 176 78 ruine-

1237 1937 106 60 rer
1401 1919 128 92 dog
1571 1913 238 96 ingen,
1869 1931 84 76 og
2017 1909 164 100 hvor
2239 1907 210 96 finder
2507 1931 160 60 man
2723 1933 230 76 nogen,

1229 2035 144 96 som
1437 2043 172 76 uden
1671 2033 196 100 Tab,
1929 2033 124 82 kan
2115 2031 146 96 faae
2315 2033 288 100 Adgang
2669 2039 20 78 i
2747 2059 208 74 nogen

1233 2165 292 84 Kreds?
1625 2159 186 84 Mon
1853 2179 76 60 en
1969 2157 372 98 Student,
2403 2163 188 80 inden
2649 2157 132 96 han
2831 2161 120 92 har

1227 2291 128 94 lost
1399 2289 80 98 sit
1521 2283 494 92 Testemonium
2063 2283 420 102 Publicum,
2527 2307 74 78 ey
2647 2293 120 78 øde
2806 2291 149 89 flere

1225 2413 298 102 Penge?
1605 2407 284 86 Skulde
1931 2427 164 62 man
2137 2407 126 82 ikke
2307 2405 286 102 derfore,
2637 2409 142 102 Hr.
2819 2409 110 86 Re-

1229 2537 370 96 formator!
1647 2529 252 102 afffaffe
1927 2531 350 86 Académie
2319 2555 80 76 og
2445 2539 122 76 alle
2589 2531 366 100 Examina?

1227 2659 188 86 Var
1451 2663 104 78 det
1577 2677 72 76 ey
1677 2655 290 98 mueligt,
2005 2675 72 62 at
2099 2675 76 60 en
2197 2655 206 80 kunde
2439 2653 164 82 blive
2639 2655 286 98 fuldkom-

1229 2803 154 62 men
1427 2787 134 92 der,
1601 2785 172 76 uden
1815 2775 426 102 foregaaende
2267 2779 290 100 Prøve?
2613 2777 190 96 Ney!
2845 2779 110 94 sag

1233 2901 182 82 tabte
1455 2897 556 104 Professionerne
2055 2895 104 98 for
2197 2911 208 82 meget
2445 2917 78 74 og
2553 2901 104 76 det
2679 2895 274 98 Project

1229 3027 282 98 behager
1549 3023 206 88 Dem
1797 3029 102 74 vel
1941 3027 130 92 ey?
2129 3021 278 86 Skulde
2443 3041 158 58 man
2641 3019 160 94 ynke
2839 3043 86 58 no-

1223 3169 126 76 gen
1391 3147 104 94 for
1539 3151 82 94 sit
1661 3145 476 98 Mesterstykke,
2181 3165 124 60 var
2331 3151 100 72 det
2473 3147 98 74 vel
2601 3147 170 94 dem,
2813 3141 138 96 som

1221 3291 76 72 ey
1359 3271 126 78 kan
1551 3269 180 96 sælge
1783 3273 80 92 sit
1919 3265 450 98 Mesterstykke
2441 3267 118 66 Ex.
2617 3291 102 66 gr.
2841 3263 112 86 En

1227 3393 470 96 Muurfvend,
1753 3393 138 94 som
1963 3411 188 62 maae
2207 3409 238 62 muure
2519 3411 78 60 en
2655 3387 300 102 Gevelft,

1217 3533 152 66 men
1423 3537 112 60 om
1595 3517 134 100 han
1789 3539 84 78 og
1929 3519 232 82 derved
2225 3513 182 102 skulle
2471 3515 148 84 tabe
2687 3519 266 76 1020de

2699 3639 226 85 Muus
