2969 4582
1 4394 82 100 li

634 79 79 25 llUM
725 80 13 23 *
780 94 7 10 „
794 89 14 15 .1
904 84 208 22 MSJfc,„
1187 85 15 21 ■
1226 83 81 24 III—
1335 87 3 19 i
1375 84 34 23 ru
1425 84 72 24 '—■f
1513 83 71 26 iTV
1609 82 34 28 IIII
1675 83 118 29 »UWIM

175 613 326 87 bisweilen
551 615 155 94 noch
749 614 102 80 ein
891 611 192 98 Jahr
1121 607 157 92 nach
1319 613 106 69 der
1467 598 392 98 Bezahlung

172 713 254 95 laufen,
478 712 132 100 ihre
640 717 226 80 Arbeit
906 735 72 72 zu
1010 709 228 97 Hause
1264 704 402 92 versäumen,
1720 713 138 67 und

166 814 219 84 Rente
416 837 121 57 vor
568 817 99 90 ihr
702 820 175 90 eigen
908 816 407 90 ausgelegtes
1338 806 177 80 Geld
1546 804 309 92 bezahlen,

163 930 138 64 und
335 935 190 60 wenn
555 918 80 91 sie
667 925 162 70 denn
847 924 182 83 lange
1051 931 253 75 genung
1321 901 290 99 gelaufen
1629 907 224 90 haben,

166 1014 120 94 sich
332 1020 158 86 noch
542 1026 162 83 dazu
748 1018 176 74 einen
966 1013 184 95 Theil
1182 1025 106 62 der
1320 1005 394 96 Bezahlung
1748 1001 84 78 ab-

164 1116 229 95 kürzen
440 1112 237 100 lassen,
730 1124 135 70 und
900 1111 215 84 Rente
1148 1105 127 94 auf
1298 1105 219 83 Rente
1552 1102 311 94 bezahlen.

163 1213 278 93 Dieses,
461 1218 164 76 mein
645 1217 188 77 lieber
851 1205 1008 104 politischerHandwerksmann,

162 1312 252 94 erfahrt
436 1313 438 97 keinFufcher,
914 1317 122 74 wie
1058 1314 98 88 ihr
1186 1327 172 58 etwa
1376 1306 164 94 seyd,
1562 1313 162 68 denn
1742 1325 90 55 un-

162 1414 125 90 sere
317 1418 193 95 peri
542 1421 289 79 mairres,
896 1413 63 88 so
974 1419 181 87 lange
1176 1412 77 85 sie
1286 1406 155 94 noch
1472 1425 121 56 vor
1622 1405 243 79 baareS

161 1514 186 82 Geld
381 1524 152 68 was
583 1513 258 93 machen
889 1511 188 94 lassen
1129 1508 240 82 können
1391 1554 20 42 ,
1465 1504 218 89 suchen
1735 1521 126 61 nur

160 1623 190 69 eures
384 1613 306 94 Gleichen
710 1610 152 94 auf,
918 1632 190 59 wenn
1134 1615 152 73 aber
1306 1617 108 65 der
1435 1604 247 81 Beutel
1702 1612 127 67 ans-

155 1710 209 99 gefet
410 1714 107 94 ist,
584 1713 197 96 gehen
830 1716 79 92 sie
956 1713 115 91 bey
1108 1720 191 68 denen
1330 1706 531 90 Amtsmeistern,

155 1824 140 69 und
331 1819 262 85 nehmen
623 1813 126 93 auf
753 1812 258 80 Kredit.
1081 1807 252 87 Dieses
1353 1808 190 76 Uebel
1561 1814 112 69 des
1691 1802 140 82 Kre-

154 1914 404 92 ditmachens
618 1913 112 90 har
790 1932 114 58 um
978 1910 118 93 sich
1148 1905 340 100 gefressen,
1568 1906 120 77 wie
1748 1912 112 69 der

150 2014 271 91 Krebs,
474 2014 63 76 in
564 2019 161 72 allen
758 2009 375 95 Ständen,
1180 2029 151 58 vom
1360 2010 231 76 blauen
1628 2003 231 83 Ritter

151 2134 128 67 an,
337 2115 106 76 bis
473 2110 122 89 auf
621 2121 116 69 den
767 2111 458 97 Hausknecht,
1299 2116 134 68 und
1465 2105 260 92 glaubet
1757 2104 102 91 ihr

148 2216 234 89 wohl,
460 2214 126 89 daß
634 2212 190 86 dieses
874 2215 96 72 ein
1019 2206 309 95 kräftiger
1383 2204 443 94 Bewegungs-

150 2323 213 83 grund
396 2321 107 71 der
536 2312 201 99 hohen
768 2309 223 101 Preise
1030 2308 253 94 unserer
1318 2305 229 83 Arbeit
1588 2303 121 95 sey.

301 2509 289 96 Freylich
623 2511 137 92 sind
795 2508 259 82 Genies
1085 2506 65 76 in
1169 2501 485 86 Dännemark!
1702 2502 154 81 aber

150 2630 111 60 wo
310 2613 137 94 sind
508 2616 99 72 die
646 2611 229 79 Mittel
908 2609 79 92 sie
1018 2601 391 95 auszuhelfen
1442 2613 133 69 und
1608 2625 69 72 zu
1718 2624 107 56 ver-

149 2708 274 99 bessern,
477 2730 190 60 wenn
701 2729 128 57 von
857 2718 194 67 denen
1077 2702 496 98 Handwerkern
1599 2708 96 74 die
1717 2702 110 81 Re-

147 2818 73 72 de
257 2813 121 92 ist?
427 2812 105 92 Za
564 2813 128 74 wir
717 2810 205 90 haben
958 2802 622 99 gelehrreMänner,
1626 2804 232 91 welche

148 2916 155 74 eben
332 2911 59 88 so
422 2928 117 76 gut
576 2915 109 72 als
714 2912 95 84 die
826 2902 455 101 Engeländer,
1336 2901 357 97 Franzosen
1718 2913 135 67 und

145 3011 390 93 Teurschen,
625 3009 528 89 Abhandlungen
1209 3025 106 72 zur
1365 3003 488 96 Verbesserung

149 3118 109 70 der
297 3113 249 93 Künste
590 3123 134 66 und
757 3106 457 100 Handwerker
1245 3103 307 94 schreiben
1585 3101 263 82 können.

148 3210 163 84 Dis
342 3211 165 91 saget
540 3214 97 81 ihr
684 3222 161 78 uns,
902 3219 135 68 und
1084 3208 127 78 wir
1238 3206 279 93 glauben
1556 3217 71 66 es
1668 3206 183 87 auch.

147 3308 180 82 Aber
357 3312 114 75 mit
497 3309 238 96 grossen
771 3310 214 89 Recht
1013 3306 210 96 mögel
1259 3307 96 92 ihr
1385 3305 176 82 wohl
1583 3301 262 97 fragen:

141 3408 193 86 Wer
363 3409 167 100 sollte
563 3414 77 95 sie
667 3411 201 95 lesen?
923 3409 185 80 Man
1145 3409 229 96 pfleget
1413 3425 123 77 gar
1573 3401 129 101 oste
1745 3410 71 70 de-

614 3570 2 4 -
1070 3530 57 72 4
1724 3523 123 62 nen

380 4422 386 79 WWW»"
834 4452 28 28 in
892 4427 115 66 MI
