3108 4563
1173 477 100 90 46
1829 494 498 43 --------

1176 653 130 96 just
1350 646 230 100 anført
1624 647 144 100 disse
1808 648 510 104 Professioner,
2372 650 166 98 fordi
2576 659 64 78 vi
2678 661 70 78 til
2786 665 142 79 dem

1178 755 171 92 have
1390 750 125 94 selv
1560 749 411 82 Materialier
2012 750 21 78 i
2076 749 253 84 Landet.
2432 752 257 100 Hvilket
2724 781 61 60 er
2824 770 99 74 vel

1175 853 182 93 bedst
1411 864 188 63 enten
1657 865 74 62 ar
1769 852 300 78 overlade
2113 849 494 98 Engelænderne
2645 879 76 74 og
2755 861 144 99 Hol-

1179 955 316 74 lænderne
1535 950 76 79 de
1651 967 154 60 raae
1845 946 412 87 Materialier
2299 958 138 74 eller
2471 952 118 92 selv
2615 953 281 103 forarbey-

1180 1055 78 72 de
1316 1052 164 74 dem.
1609 1045 217 100 Hvad
1885 1048 123 82 kan
2050 1055 102 76 vel
2191 1068 169 63 være
2684 1059 70 80 til
2790 1060 136 96 disse

1184 1142 512 103 Professioners
1750 1149 178 95 ringe
1984 1146 262 86 Antal?
2328 1148 206 88 Vare
2590 1159 106 76 der
2746 1157 180 95 ingen

1176 1245 251 97 Lauge,
1492 1260 167 67 troer
1712 1245 99 99 jeg
1874 1254 71 74 de
2004 1250 203 95 ffulde
2262 1249 247 85 komme
2564 1253 179 82 bedre
2786 1253 143 97 fort.

1179 1343 170 88 Der
1389 1344 204 98 ffulde
1635 1353 86 74 da
1763 1352 100 74 vel
1905 1348 216 94 findes
2161 1355 228 92 nogle,
2441 1352 132 92 som
2613 1370 174 78 enten
2835 1354 98 96 for

1177 1443 326 97 Vinding
1571 1453 140 76 eller
1779 1444 78 96 af
1913 1448 460 100 Patriotisme
2413 1469 205 79 antog
2665 1443 89 108 sig
2797 1456 138 98 disse

1178 1536 468 109 Professioner
1690 1567 82 74 og
1816 1546 172 98 søgte
2026 1565 70 68 at
2136 1553 176 94 giøre
2354 1558 144 76 dem
2526 1557 68 78 til
2620 1573 74 62 en
2712 1553 216 85 Green

1180 1645 80 94 af
1288 1643 368 103 Handelen.
1760 1645 186 85 Man
1986 1666 108 63 tør
2136 1657 98 74 vel
2274 1650 122 82 ikke
2436 1654 198 81 tvivle
2678 1675 144 77 om,
2864 1672 68 64 at

1182 1751 111 76 der
1336 1748 175 94 siden
1550 1767 189 72 1727
1782 1768 95 60 ere
1916 1748 225 83 komne
2184 1755 141 94 flere
2364 1750 377 99 Mennesker
2776 1775 157 63 mere

1175 1847 116 80 ind
1335 1846 22 80 i
1395 1844 236 99 Byen,
1673 1851 120 74 end
1835 1852 74 76 de
1945 1874 42 46 2
2023 1846 466 105 Hattemagere
2535 1852 122 81 kan
2695 1851 214 97 forfær-

1179 1947 146 94 dige
1361 1942 298 99 Arbeyde
1717 1947 117 95 til;
1913 1968 148 62 men
2121 1955 102 74 det
2275 1971 63 69 er
2393 1956 142 76 med
2589 1959 162 78 dette
2801 1954 134 94 som

1180 2049 150 78 med
1390 2050 74 76 de
1518 2051 206 76 andre
1778 2045 540 103 Haandværker,
2384 2052 108 96 saa
2544 2059 200 92 længe
2798 2054 136 92 som

1180 2147 252 92 saadan
1472 2166 74 62 en
1570 2145 158 98 Hat
1766 2145 194 97 koster
2002 2172 34 68 3
2066 2149 198 84 Ndlr.
2308 2152 106 98 her
2458 2154 20 78 i
2522 2150 232 99 Byen,
2800 2154 136 94 som

1180 2249 101 94 jeg
1322 2246 123 82 kan
1494 2246 149 92 faae
1682 2247 19 78 i
1748 2245 361 101 Hamborg
2154 2249 101 96 for
2294 2278 39 48 2
2364 2250 239 99 Rdlr.,
2658 2253 109 92 saa
2810 2255 125 93 skal

1185 2351 78 78 de
1316 2342 282 98 Danske
1659 2347 466 100 Hattemagere
2185 2351 170 81 kuns
2419 2358 174 94 giøre
2647 2333 114 116 faa
2817 2376 122 72 nye

1181 2445 257 102 Hatte,
1505 2466 146 61 men
1707 2467 158 61 maa
1923 2454 140 76 lade
2103 2451 93 96 sig
2241 2469 164 77 nøye
2447 2459 143 76 med
2631 2471 73 64 at
2747 2454 191 96 pudse

1178 2553 78 76 de
1294 2547 438 98 udenlandske.
1836 2548 142 100 Jeg
2016 2552 156 93 siger
2216 2554 214 78 endnu
2472 2573 280 76 engang:
2798 2552 136 102 For

1176 2663 76 66 ak
1290 2647 252 81 komme
1586 2655 68 74 til
1700 2665 72 64 at
1814 2650 184 98 holde
2024 2648 216 103 Priis
2280 2658 142 78 med
2464 2670 152 65 vore
2638 2651 298 99 Naboer,

1184 2769 161 61 maa
1404 2768 159 60 man
1622 2747 143 98 søge
1814 2766 71 64 at
1952 2767 343 77 opmuntre
2350 2774 83 74 og
2488 2772 69 79 ey
2596 2769 71 64 at
2710 2760 199 76 under-

1177 2848 210 97 trykke
1429 2846 432 99 Konstnerue.
1963 2848 226 85 Skeer
2225 2857 106 76 det
2371 2852 142 96 ikke,
2559 2853 108 92 saa
2704 2852 122 104 skal
2869 2856 66 78 vi

1171 2948 189 99 stedse
1403 2950 277 95 arbeyde
1739 2955 175 77 imod
1955 2948 415 87 Strømmen
2425 2952 129 92 som
2615 2951 315 100 hidindtil,

1172 3069 88 76 og
1302 3066 224 80 uagtet
1564 3057 120 76 alle
1726 3051 356 100 Forbudde
2119 3050 133 97 skal
2284 3056 64 76 vi
2368 3052 118 80 ikke
2508 3050 204 83 kunde
2740 3053 164 97 hæm-

1172 3161 106 70 me
1316 3146 522 103 Snighandelen
1868 3158 142 74 med
2031 3148 326 103 fremmed
2384 3152 314 97 Arbeyde.
2770 3149 134 91 Vo-

1177 3269 68 60 re
1282 3249 367 99 Konstnere
1693 3273 82 74 og
1814 3251 527 99 Haandværkere
2381 3252 124 97 skal
2527 3257 258 92 mangle
2804 3252 101 84 Ar-

1175 3349 238 97 beyde,
1475 3348 270 89 Staten
1820 3350 370 99 Mennesker
2259 3373 84 77 og
2413 3350 262 103 følgelig
2745 3352 192 100 ogsaa

1173 3445 347 99 Riigdom.

2720 3551 218 105 Folkt-
