3222 4557
1389 446 99 88 46

1382 658 125 80 mit
1546 650 255 85 Gottes
1842 640 245 100 Hülfe,
2144 647 109 74 als
2284 642 99 80 ein
2410 659 269 80 getreuer
2704 644 351 111 Umerchan

1381 778 76 76 zu
1491 758 170 78 leben
1693 757 134 70 und
1855 766 72 70 zu
1957 745 258 93 sterben.

1540 947 206 94 Sehr
1790 962 184 78 gerne
2020 947 212 74 wollte
2274 940 130 98 ich,
2482 943 80 80 ob
2604 945 90 91 ich
2746 950 176 94 gleich
2964 953 88 82 ein

1384 1048 391 90 Ausländer
1814 1046 161 92 bin,
2060 1047 175 74 einen
2284 1045 455 94 eingebohrnen
2788 1048 271 91 Gesellen

1387 1158 182 76 einen
1593 1152 324 95 Fremden
1949 1145 360 94 vorziehen,
2363 1166 190 58 wenn
2583 1151 164 83 nicht
2767 1158 101 67 der

1659 1257 109 72 der
1797 1244 281 96 Gesetze,
2135 1245 150 89 diese
2301 1244 493 97 Eingebohrnen
2825 1251 205 90 verhin-

1386 1365 208 81 derte,
1648 1351 118 96 sich
1796 1346 124 94 auf
1944 1348 96 90 ihr
2076 1345 388 94 Handwerk
2502 1349 116 78 mir
2660 1346 178 96 Fleiß
2878 1367 64 74 zu
2984 1357 44 72 le-

1386 1474 157 80 gen,
1594 1453 144 78 weil
1764 1451 76 90 sie
1876 1450 152 76 aber
2056 1465 124 58 nur
2204 1448 287 91 darnach
2520 1449 313 93 krachten,
2860 1450 48 89 je
2926 1451 122 88 eher

1383 1561 58 93 je
1471 1556 184 80 lieber
1685 1553 98 76 ein
1813 1547 442 101 Privilegium
2289 1568 70 74 zu
2391 1549 334 95 erbetteln,
2773 1560 142 68 oder
2941 1551 104 94 sich

1385 1654 126 90 auf
1541 1651 350 101 Fuscherey
1935 1668 72 74 zu
2057 1653 214 90 legen,
2347 1648 62 92 so
2459 1657 226 70 wollen
2733 1650 76 94 sie
2857 1650 192 79 keinen

1384 1758 274 90 Meister
1692 1760 188 89 gmes
1912 1756 198 83 thun,
2180 1749 112 93 bey
2324 1752 294 91 welchem
2648 1753 78 87 sie
2758 1750 268 93 Gelegen-

1382 1861 126 91 heit
1540 1855 206 97 haben
1776 1853 260 86 fonten,
2088 1858 214 70 etwas
2330 1852 350 97 mehreres,
2718 1860 102 70 als
2840 1847 190 100 alltäg-

1377 1960 228 96 liches,
1649 1969 72 78 zu
1747 1963 296 70 erlernen.

1527 2150 181 92 Euer
1730 2164 230 89 ganzes
1989 2144 367 102 Wortspiel
2386 2141 126 98 auf
2529 2159 109 70 der
2666 2173 80 67 2;
2761 2148 123 96 sten
2922 2155 132 76 und

1378 2264 228 94 2ssten
1640 2257 242 87 Seite,
1938 2258 128 74 will
2102 2251 108 94 ich,
2266 2252 186 96 theils
2470 2253 94 76 die
2580 2249 468 98 Handwerker,

1372 2366 101 76 die
1502 2364 121 76 mit
1656 2367 145 70 dem
1826 2349 369 94 Bauwesen
2214 2371 69 76 zu
2314 2352 275 94 bestellen
2608 2354 227 88 haben,
2860 2351 193 90 theils

1371 2471 144 73 dem
1547 2464 258 95 Argus
1837 2450 188 98 selbst,
2059 2473 70 74 zu
2157 2455 436 78 beantworten
2615 2448 204 96 taffen.
2885 2449 162 82 Nur

1369 2575 123 69 den
1543 2561 287 96 Punkt,
1907 2552 129 97 daß
2107 2553 287 91 remscher
2447 2551 275 98 Fürsten
2775 2548 267 84 Armeen

1368 2668 126 76 mir
1540 2661 500 89 Mundirungen
2092 2654 326 95 gekleidet,
2470 2659 130 74 und
2650 2652 118 76 mit
2805 2650 210 94 Krigs-

1368 2758 426 97 bedkirfnisen
1842 2756 289 91 versehen
2198 2766 317 81 worden,
2592 2757 63 72 in
2706 2750 333 98 Engeland

1365 2874 138 70 und
1555 2860 352 101 Holland,
2001 2856 122 78 kan
2177 2857 94 91 ich
2319 2856 160 96 nicht
2531 2850 350 94 unberührt
2931 2849 96 90 las-

1357 2965 123 92 sen.
1635 2963 153 84 Die
1851 2978 71 74 zu
1979 2962 199 74 einem
2221 2955 261 95 Muster
2543 2959 153 72 aller
2749 2945 261 100 europäi-

1358 3065 170 93 schen
1554 3061 262 96 Könige
1848 3068 134 70 und
2016 3055 312 96 Fürsten,
2372 3065 376 85 gewordene
2796 3053 210 95 preußi-

1356 3167 127 90 sche
1526 3166 267 89 Armee,
1850 3162 73 86 ist
1962 3158 165 93 nicht
2164 3160 187 75 allein
2388 3175 127 59 von
2562 3165 195 68 denen
2794 3153 217 94 preußi-

1349 3265 172 93 schen
1573 3258 496 97 Handwerkern
2125 3259 120 76 mit
2289 3262 156 72 allen
2493 3253 192 90 diesen
2739 3247 280 89 Bedürf-

1351 3362 195 98 nissen
1573 3361 286 96 versehen
1887 3366 303 81 worben,
2247 3357 260 85 sondern
2543 3353 78 98 sie
2655 3355 204 89 haben
2879 3351 155 92 auch

1342 3467 90 81 im
1472 3468 262 93 vorigen
1780 3460 234 96 Kriege
2066 3457 92 82 die
2198 3454 234 102 rußisch
2492 3455 258 100 kayserl.
2804 3456 228 78 Armer

2834 3557 202 82 damit
