3141 4610
1224 698 408 96 deelagtigere
1674 690 104 92 for
1832 713 78 60 en
1968 691 208 86 Stad
2240 699 140 75 eller
2436 692 182 86 Stat
2678 702 122 78 end
2856 707 120 76 den

1222 795 249 97 første?
1540 792 371 97 Mærkeligt
1966 815 63 58 er
2092 799 149 90 der,
2300 812 69 62 at
2428 794 61 98 I
2546 796 113 80 ikke
2715 800 258 93 anfører

1219 895 288 82 Navnet
1559 912 134 74 paa
1751 890 146 101 disse
1957 891 302 84 Sræder.
2407 894 250 88 Denne
2707 896 244 98 Indret-

1219 997 160 93 ning
1443 1012 64 60 er
1565 992 268 94 hverken
1889 991 252 98 indført
2199 995 20 78 i
2277 993 290 99 Genua,
2635 994 336 103 Venedig,

1217 1091 318 100 Florenz,
1579 1090 262 102 Paris,
1883 1093 290 96 Rouen,
2213 1091 302 99 London,
2577 1094 396 96 Amsterdam

1215 1197 146 77 eller
1405 1192 286 98 Berlin;
1755 1192 202 121 Disse
2019 1193 330 84 Slæders
2419 1194 292 90 Arbeyde
2767 1216 60 59 er
2879 1203 98 76 det

1215 1297 173 93 dog,
1430 1310 72 70 at
1550 1296 68 78 vi
1665 1294 297 96 hidindtil
2003 1297 121 94 har
2169 1291 343 102 forgiæves
2543 1296 213 96 stræbt
2790 1311 72 64 at
2893 1292 66 97 ef-

1186 1436 7 4 -
1197 1393 322 94 ·terligne,
1220 1394 300 94 terligne,
1562 1394 124 94 stal
1730 1394 66 78 vi
1838 1415 252 76 engang
2134 1417 164 58 naae
2340 1402 142 74 dem
2514 1418 80 76 og
2636 1396 86 78 vil
2756 1396 64 79 vi
2840 1395 136 82 ind»

1218 1487 142 96 føre
1400 1514 118 72 nye
1556 1492 512 99 Indretninger,
2110 1495 110 94 saa
2282 1495 200 81 bliver
2544 1504 104 74 det
2706 1493 272 94 allerbest

1216 1609 72 62 at
1328 1600 214 72 danne
1584 1602 80 70 vs
1704 1590 152 98 efter
1902 1603 160 72 dem.
2193 1592 255 98 Denne
2504 1592 82 96 af
2634 1592 178 86 Eder
2868 1615 108 58 an»

1216 1689 234 95 prisede
1488 1692 414 99 Indretning
1942 1695 124 80 kan
2126 1699 210 91 aldrig
2367 1696 274 90 ’besaae
2702 1698 20 74 i
2776 1713 200 78 nogen

1214 1789 233 86 Star,
1494 1798 167 86 hvor
1710 1800 101 74 der
1853 1817 64 58 er
1988 1795 379 98 Regemens
2408 1794 287 98 Hensigt
2755 1810 72 65 at
2884 1793 93 78 be»

1213 1890 202 95 styrke
1453 1894 78 90 sit
1577 1892 174 84 Land
1797 1916 82 75 og
1921 1891 270 98 formere
2239 1899 126 90 sine
2387 1894 434 98 Indkomster
2863 1897 114 76 ved

1211 1989 206 100 Hielp
1457 1988 80 96 af
1569 2014 76 60 en
1685 1997 212 94 rallrig
1965 1993 528 100 Folkemængde;
2561 1992 92 100 thi
2707 1998 118 78 den
2883 1993 96 78 be»

1207 2107 182 76 rager
1433 2092 420 96 Menneskene
1909 2091 482 100 Næringsveye
2461 2114 80 76 og
2615 2090 364 98 forhindrer

1209 2187 464 101 Virksomhed.
1777 2190 178 87 Den
2009 2193 216 92 findes
2285 2214 72 74 ey
2421 2194 184 96 heller
2671 2190 254 93 indført
2961 2193 22 82 i

1202 2307 210 79 nogen
1454 2288 80 96 af
1571 2296 73 76 de
1687 2296 159 90 store
1892 2313 80 76 og
2039 2289 287 100 folkerige
2371 2292 285 86 Sræder
2699 2294 21 76 i
2763 2288 189 89 Euro-

1200 2407 132 77 pa,
1376 2392 168 84 hvor
1590 2390 328 97 Konster,
1958 2391 274 102 Handel
2278 2415 80 71 og
2422 2389 584 100 Vindstibelighe-.

1196 2489 124 76 den
1366 2490 120 92 har
1526 2492 80 92 sit
1648 2490 226 83 Sæde
1918 2513 82 72 og
2056 2493 178 94 giøre
2284 2489 342 87 Staterne
2666 2490 328 113 lykkelige.

1200 2583 182 88 Den
1450 2590 124 80 kan
1658 2590 166 98 have
1886 2589 198 88 Sted
2158 2593 22 78 i
2232 2598 188 90 nogle
2476 2586 80 98 af
2604 2596 74 76 de
2727 2585 271 117 —Ty;ofkc

1196 2685 454 99 Rigsstæder,
1686 2690 136 92 som
1874 2689 222 96 tilforn
2154 2709 158 62 vare
2376 2690 332 98 mægtige,
2762 2694 108 91 d,a
2924 2711 70 76 de

1197 2803 162 65 vare
1397 2789 382 89 indsluttede
1806 2790 19 79 i
1858 2789 537 102 derHanseatiske
2424 2788 383 110 Forbund,,
2849 2823 146 62 men

1197 2885 136 94 som
1375 2910 90 60 nu
1513 2890 126 80 ikke
1685 2890 164 98 have
1893 2897 196 76 andet
2131 2897 270 76 tilovers
2439 2886 80 98 af
2544 2894 213 85 deres-3
2709 2908 38 70 s
2805 2898 156 97 forri-

1193 3009 76 74 ge
1311 2985 364 105 Herlighed
1719 2994 120 77 end
1883 2997 102 76 der
2025 2991 196 82 blotte
2245 2989 222 85 Navn
2493 3012 78 74 og
2599 3012 40 56 n
2663 3006 136 90 ogle
2823 3005 162 86 støre

1183 3093 130 78 vde
1349 3088 426 100 Bygninger,
1823 3099 110 74 der
1971 3093 164 80 bære
2179 3088 466 96 Vidnesbyrd
2675 3120 106 60 om
2805 3104 182 79 deres

1193 3183 242 103 forrige
1473 3190 324 98 Anseelse,
1841 3215 78 74 og
1965 3191 132 94 som
2147 3193 138 80 blot
2321 3190 370 104 formedelst
2735 3204 72 76 de
2851 3223 104 62 om-

1189 3287 475 103 kringliggende
1703 3290 309 102 Fyrsters
2051 3291 271 98 Jalusie
2365 3291 177 98 halve
2571 3298 289 96 hidindtil
2884 3303 68 80 be-

1190 3391 214 92 holder
1442 3396 186 76 deres
1712 3399 214 89 gamle
1986 3393 278 100 Friehed
2332 3414 80 74 og
2486 3396 486 105 Indretninger.

1182 3485 172 90 Der
1396 3490 126 80 kan
1560 3496 124 76 den
1724 3494 164 86 have
1932 3491 198 88 Sted
2174 3513 80 74 og
2296 3496 121 82 det-:
2462 3498 126 82 kan
2634 3506 118 78 den
2812 3519 130 64 vær
2992 3543 24 56 t

1182 3590 312 98 gavnlig;
1550 3592 96 90 thi
1688 3614 76 62 en
1820 3595 200 96 større
2072 3589 504 109 Folkemængde
2636 3622 78 78 vg
2766 3598 146 89 Vir
2966 3619 52 80 &

2808 3698 62 99 f*
2911 3698 91 107 His
