3081 4610
1850 493 104 72 47

400 657 596 108 Folkeformerelsen
1062 666 120 94 har
1236 660 114 94 saa
1390 660 128 96 ftor
1556 679 74 62 en
1670 657 248 100 Indfly-

190 762 149 96 delse
393 787 138 74 paa
592 781 55 64 et
692 763 219 84 Lands
956 764 419 98 Lyksalighed,
1420 780 69 64 at
1532 767 115 74 alle
1688 761 263 98 Fyrster

189 866 144 94 søge
375 883 72 64 at
493 865 284 96 ophielpe
819 863 238 94 samme
1099 866 18 78 i
1161 866 130 94 sine
1329 862 274 84 Stater.
1703 863 138 100 For
1881 883 72 62 at

191 986 164 61 naae
397 971 164 76 dette
583 963 390 92 Øyemærke
1007 984 158 62 maa
1205 984 156 58 man
1401 964 126 80 kun
1553 961 142 98 søge
1721 983 70 62 at
1811 967 144 92 give

192 1063 425 98 Menneskene
653 1063 484 99 Næringsveye
1175 1086 82 74 og
1297 1068 294 90 udrydde
1631 1069 118 78 alle
1787 1063 138 100 For-

193 1166 424 95 hindringer,
693 1163 134 94 som
889 1171 130 75 deri
1073 1164 126 82 kan
1255 1168 194 78 mode
1509 1168 162 77 dem.
1817 1165 138 100 Hr.

189 1264 314 96 Lyrken,
545 1269 200 76 denne
777 1268 262 92 redelige
1081 1264 304 100 Patriot,
1427 1264 134 90 som
1605 1265 166 94 ffrev
1801 1267 20 76 i
1845 1265 112 94 saa

190 1363 316 98 vanskelig
547 1385 75 68 en
663 1361 177 100 Bid,
865 1364 371 94 anmærker,
1263 1382 85 62 ar
1385 1364 571 95 Rostbarheden

188 1466 86 88 af
302 1464 568 95 Mesterstykker
926 1486 102 78 og
1076 1468 228 96 nogle
1336 1465 618 95 Haandværkers

190 1560 295 96 altfor
356 1561 130 96 for
532 1583 270 78 mange
850 1563 402 81 Lære-Aar
1288 1586 112 56 ere
1432 1562 358 103 skadelige
1822 1567 130 90 for

190 1665 642 98 Folkemængden.
934 1663 140 99 Jeg
1116 1664 120 98 har
1276 1670 122 76 talt
1438 1686 108 59 om
1588 1663 188 100 begge
1796 1667 132 86 De-

192 1772 90 88 le,
334 1785 84 74 og
474 1765 188 94 ingen
708 1763 126 80 kan
868 1784 200 78 negte,
1112 1782 72 64 at
1220 1762 134 102 Hr.
1398 1764 286 94 Lyrken
1726 1767 122 94 har
1884 1771 70 92 jo

186 1870 124 78 talt
348 1863 366 92 Sandhed.
816 1861 70 98 I
924 1867 314 97 Argus,
1298 1864 68 98 I
1410 1866 206 96 siger,
1672 1889 168 60 naar
1882 1869 72 98 I

190 1968 167 78 vilde
420 1963 163 98 have
654 1963 365 98 Mesternes
1090 1962 205 86 Antal
1362 1962 443 103 formindffet,
1880 1987 73 64 at

187 2064 374 84 Svennene
599 2063 204 96 ffulde
841 2063 152 97 gifte
1035 2066 112 94 sig.
1315 2064 274 98 Herved
1629 2087 214 62 mener
1881 2069 76 98 I

189 2182 70 64 at
279 2165 248 96 erstatte
549 2169 122 78 den
693 2163 306 99 Mangel,
1029 2144 132 114 som
1185 2164 534 100 Folkemængden
1743 2169 208 92 ffulde

195 2268 118 80 lide
357 2269 118 76 ved
521 2269 198 78 denne
745 2263 506 100 Formindffelse.
1359 2266 172 82 Men
1557 2273 144 76 med
1725 2265 226 86 Eders

191 2361 334 94 Tilladelse
541 2361 316 100 Argus!
899 2366 128 96 heri
1075 2362 446 102 harJfeylet.
1625 2365 294 86 Svenne-

193 2488 78 58 ne
313 2462 204 97 ffulde
557 2459 150 98 gifte
725 2465 128 96 M!
907 2463 162 87 Det
1091 2484 72 62 at
1187 2486 124 60 var
1353 2468 204 94 onffe,
1601 2485 70 62 at
1697 2475 102 76 det
1819 2489 126 62 var

195 2563 301 97 giorligt;
547 2581 145 60 men
711 2557 403 105 Erfarenhed
1157 2564 153 90 viser
1351 2572 125 90 det,
1509 2567 134 95 som

492 2659 114 86 En
664 2659 762 102 Haandværks-Svend
1480 2675 122 76 ved
1656 2677 72 74 de
1786 2673 166 94 fleste

194 2768 264 88 sluttede
492 2761 214 96 Lauge
744 2761 124 80 kan
910 2762 226 98 ligesaa
1180 2770 148 76 lidet
1366 2764 150 100 gifte
1560 2771 92 94 sig
1696 2769 134 92 som
1872 2793 78 60 en

190 2852 242 110 Jesuit.
546 2859 142 86 Vil
730 2867 198 78 denne
968 2864 150 96 gifte
1160 2868 120 94 sig,
1322 2874 84 76 da
1446 2888 156 63 maa
1632 2871 132 98 han
1786 2893 166 74 gaae

192 2970 92 76 ud
328 2961 80 100 af
440 2965 96 96 sin
574 2961 264 96 Orden,
884 2985 80 77 og
1010 2966 90 80 vil
1140 2966 130 92 hiin
1310 2970 256 80 indlade
1600 2973 94 96 sig
1728 2971 22 80 i
1776 2973 144 94 ALg-

198 3065 240 96 teffab,
482 3069 88 78 da
622 3083 156 60 maa
836 3065 134 88 han
1012 3074 192 74 træde
1240 3074 92 74 ud
1372 3068 80 96 af
1480 3070 254 99 Lauget.
1836 3053 114 118 Éy

202 3170 195 74 allene
434 3169 123 92 det,
598 3163 133 92 han
774 3185 157 60 maa
972 3166 371 100 underkaste
1382 3172 93 96 sig
1516 3166 309 91 Vanære
1864 3195 85 78 og

193 3264 294 98 Foragt,
539 3265 86 78 vil
685 3269 130 86 han
877 3268 278 92 arbeyde
1217 3272 22 76 i
1295 3286 60 64 et
1397 3270 414 103 Værkstæd,
1853 3281 90 76 da

191 3384 160 61 maa
395 3367 130 94 han
558 3363 170 108 saae
769 3371 198 78 neden
1013 3366 102 96 for
1155 3376 120 76 den
1301 3376 396 93 alkeryngste,
1721 3379 220 94 daglig

190 3469 173 77 taale
419 3463 332 86 Skikaner
811 3491 82 72 og
955 3490 166 62 være
1157 3492 78 58 en
1277 3470 370 87 Gienstand
1693 3473 100 98 for
1822 3497 87 61 sen-

186 3562 201 98 hvers
435 3565 260 86 bidende
729 3565 292 91 Skiemt.
1125 3570 220 90 Dette
1389 3572 204 89 kunde
1633 3581 102 78 vel
1769 3595 172 64 være

1833 3683 108 78 det
