2984 4662
1737 489 92 71 33

133 685 150 90 reich
375 687 138 78 und
605 681 346 100 Engeland
1045 681 164 82 keine

129 785 288 92 machen.

279 983 112 96 In
435 975 408 96 Wahrheit!
901 993 70 66 es
1023 973 236 100 bedarf

125 1081 316 96 farenheir
495 1101 144 58 eure
673 1079 220 94 falsche
925 1077 442 100 Bernunstsch

131 1207 158 72 gen,
335 1203 190 56 wenn
559 1179 96 92 ihr
685 1185 196 76 einem
911 1179 396 94 erleuchteten
1339 1179 288 96 Publico
1665 1185 18 74 l

131 1293 124 70 den
289 1287 246 86 wollet,
591 1283 128 92 daß
749 1285 98 76 die
875 1281 370 92 Erlernung
1289 1287 108 68 der
1445 1279 232 82 Gebrä

129 1385 104 76 die
279 1385 194 92 ersten
521 1403 42 48 2
603 1379 220 96 Jahre
875 1389 114 70 des
1049 1381 548 92 Gesellenstanves
1659 1401 142 74 weg-

135 1485 190 76 nimr.
449 1471 152 104 Hat
617 1493 72 66 es
715 1485 216 90 (wenn
963 1481 96 92 ihr
1077 1481 96 76 ein
1193 1479 588 94 Handwerksman

133 1581 172 96 seyd)
341 1577 144 94 euch
519 1577 60 92 so
633 1583 120 76 viel
803 1577 140 98 Zeit
989 1579 300 94 gekostet,
1347 1579 60 86 so
1465 1579 224 94 müsset

131 1687 114 72 Der
329 1681 202 92 argste
611 1681 364 82 Dumrian
1047 1679 174 92 seyn,
1323 1685 136 70 und
1527 1679 98 94 ihr

137 1797 94 62 ret
277 1785 276 72 alsdenn
593 1777 216 96 besser,
829 1777 280 96 geschickt
1155 1777 274 94 gewesen
1475 1787 118 68 den
1623 1777 180 84 Ban-

133 1899 112 60 ken
285 1879 180 94 beym
495 1875 248 100 Pfluge
771 1897 72 72 zu
875 1879 254 92 dienen,
1155 1885 108 70 als
1293 1881 128 74 eine

131 1977 390 96 Handwerk
569 1997 70 74 zu
691 1987 294 68 erlernen.
1115 1975 130 84 Als
1283 1977 94 98 ich

127 2079 248 88 Geselle
409 2095 180 74 war,
659 2077 214 92 wußte
907 2077 90 90 ich
1035 2075 176 94 schon
1247 2079 98 76 die
1389 2095 190 76 ganze

128 2178 90 76 tie
247 2177 182 88 dieser
467 2175 410 96 Gebräuche,
923 2177 122 76 wie
1077 2179 96 90 ihr
1205 2179 76 84 sie
1327 2197 72 72 zu
1445 2197 238 56 nennen

131 2277 178 80 liebet
365 2273 286 96 Rechnet
693 2295 158 74 nun,
901 2279 120 74 wie
1051 2279 120 74 viel
1201 2271 138 98 Zeit
1377 2293 110 74 zur
1529 2275 74 98 P

125 2375 162 92 nach
339 2375 184 86 dieser
561 2375 528 94 Vergleichung,
1135 2373 220 96 nörhig
1397 2373 114 96 fty.

129 2475 132 92 daß
319 2471 162 94 nicht
529 2481 254 84 gelogen
839 2479 88 72 im
967 2469 544 98 übertriebenstem
1561 2475 110 82 Gr

129 2595 196 62 wenn
351 2573 96 92 ihr
463 2583 126 66 aus
607 2575 92 76 ein
723 2585 146 66 oder
901 2593 166 72 zwey
1097 2575 284 78 Monate
1401 2593 172 74 zwey
1607 2575 62 96 I

133 2671 322 98 gemacht,
507 2681 132 70 und
687 2671 186 94 solche
917 2671 568 92 Uebmriebenheit
1529 2697 120 56 vor

131 2771 246 100 gewisse
407 2767 370 104 Wahrheit
825 2771 326 96 ausgebet.

335 2969 166 96 Ach!
551 2991 188 60 wenn
789 2971 100 92 ihr
919 2975 94 76 die
1055 2969 254 94 Absicht
1351 2977 110 74 der
1507 2969 292 96 Schreib-

133 3069 262 100 freyheit
455 3073 58 88 so
557 3069 344 98 erfülleter,
961 3073 122 78 wie
1119 3071 98 90 ihr
1261 3073 78 94 sie
1393 3083 140 68 dem
1565 3075 260 96 Argus

137 3193 74 74 zu
245 3165 252 100 erfüllen
527 3169 328 98 anrarher,
911 3173 60 80 so
1001 3171 254 80 würdet
1283 3175 100 88 ihr
1401 3167 162 98 nicht
1585 3177 240 86 anstatt

139 3269 432 94 Misbranche
597 3271 440 96 anzugreifen,
1091 3279 134 70 und
1263 3267 432 98 Vorurkheile
1735 3293 88 56 an

137 3379 120 72 den
293 3371 152 94 Tag
477 3391 68 72 zu
589 3379 204 84 legen,
857 3369 144 100 euch
1055 3373 110 94 bey
1207 3373 438 94 unschuldigen
1679 3367 112 86 Ne-

135 3473 352 96 bendingen
529 3467 368 108 aufhalten,
953 3479 136 72 und
1139 3493 142 64 eure
1325 3475 238 96 eigene,
1615 3473 206 82 wider

979 3571 64 88 C
1723 3573 98 84 dir
