2952 4556
1822 430 91 70 29

371 621 208 101 Nach
619 624 438 93 Vollendung
1083 622 196 96 dieses
1309 623 330 85 Gewebes
1669 625 248 96 nehmet

221 723 102 92 ihr
373 729 100 75 die
517 726 336 96 Lehrjahre
901 729 64 74 in
1007 727 434 93 Musterung,
1493 733 132 72 und
1683 723 60 92 so
1787 734 128 76 wie

221 825 102 92 ihr
359 825 148 91 euch
541 830 280 86 einmahl
849 844 498 77 vorgenommen
1379 826 196 95 habt,
1623 827 162 86 recht
1801 849 88 59 un-

220 923 360 98 verschämt
638 946 74 76 zu
776 920 240 105 lügen,
1110 925 58 95 so
1225 924 181 102 fehlet
1460 937 70 72 es
1584 925 156 98 auch
1786 932 128 96 hier

222 1027 198 94 nicht.

382 1225 111 98 In
536 1230 43 68 6
628 1226 105 78 bis
764 1250 45 69 7
840 1225 287 98 Jahren,
1168 1226 199 100 heisset
1400 1238 109 87 es,
1562 1229 167 90 sollte
1762 1232 155 90 doch

225 1325 178 92 wohl
431 1336 212 70 etwas
671 1336 262 73 erlernet
969 1335 274 73 werden.
1351 1330 208 96 Hiezu
1605 1331 138 92 sagt
1775 1351 148 61 eure

221 1425 382 97 Erfarung:
653 1426 202 82 Nein.
991 1425 242 84 Wenn
1287 1430 156 78 aber
1503 1433 100 78 ein
1641 1429 280 99 Junge,

225 1527 161 90 nach
435 1525 355 97 Endigung
849 1527 187 94 seiner
1093 1525 371 101 Lehrjahre,
1547 1533 95 76 ein
1699 1531 191 93 Gesel-

222 1623 262 98 lenstück
534 1624 376 101 verfertigen
980 1625 208 97 kann,
1256 1630 60 90 so
1370 1634 122 76 wie
1544 1639 72 70 es
1670 1635 94 74 die
1816 1630 72 80 kö-

226 1727 258 94 nigliche
538 1726 462 97 Verordnung
1058 1731 174 77 einen
1300 1730 174 88 jeden
1530 1731 390 92 Handwerk

222 1825 548 97 vorgeschrieben,
826 1827 58 92 so
918 1829 124 78 kan
1074 1847 64 60 er
1182 1830 156 88 ohne
1364 1826 262 99 Zweifel
1660 1835 162 89 auch
1840 1850 54 62 et-

221 1937 160 72 was
437 1930 284 90 mehrers
765 1929 278 90 machen.
1180 1928 111 94 In
1335 1932 240 77 meinen
1628 1929 261 99 Lehrjah-

223 2047 112 58 ren
373 2030 128 89 gab
543 2030 120 76 mir
691 2032 166 75 mein
891 2029 394 94 Lehrmeister
1317 2032 94 74 die
1439 2028 238 97 Regel:
1735 2034 182 92 Daß

221 2125 94 92 ich
357 2125 180 92 schon
583 2126 242 90 Geselle
871 2131 66 74 in
987 2141 108 64 der
1127 2125 184 93 Thal
1343 2128 136 92 seyn
1511 2131 252 94 müßte,
1811 2136 106 88 ehe

221 2227 93 90 ich
359 2231 151 85 noch
559 2232 117 72 den
721 2226 275 81 Namen
1023 2247 69 74 zu
1125 2225 227 95 führen
1389 2231 359 94 berechtiget
1781 2232 109 80 wä-

222 2345 84 58 re.
412 2325 242 93 Dieser
682 2326 210 95 Regel
922 2329 246 78 bediene
1214 2328 88 96 ich
1346 2334 122 74 mir
1512 2331 236 80 wieder
1798 2337 116 91 bey

226 2425 248 78 meinen
504 2426 330 94 Lehrling,
886 2437 134 68 und
1050 2426 194 92 dieses
1276 2430 170 78 wird
1480 2431 120 92 sich
1628 2433 96 78 ein
1750 2433 166 92 jeder

224 2523 436 95 vernünftiger
702 2528 268 89 Meister
1010 2547 70 72 zu
1128 2529 286 75 bedienen
1470 2529 253 94 wissen,
1780 2543 137 89 der,

227 2633 110 70 als
363 2627 98 76 ein
489 2626 296 90 redlicher
817 2627 266 92 Mann,
1131 2626 156 92 nach
1317 2626 176 92 Ehre
1523 2629 186 92 seiner
1739 2631 178 83 Aus«

225 2729 314 92 gelernten
607 2724 282 96 trachtet.
1071 2725 248 87 Dieses
1389 2728 306 79 Mannes
1775 2731 112 87 Re-

223 2833 98 88 gel
367 2825 160 92 habe
573 2826 88 96 ich
699 2828 64 76 in
811 2827 240 80 meinen
1083 2825 502 95 Gesellenstande
1623 2831 294 99 gesolget,

221 2925 341 98 nehmlich:
639 2926 265 93 Meister
953 2929 65 74 in
1067 2933 107 71 der
1225 2924 183 96 Thar
1441 2946 69 72 zu
1557 2929 179 96 seyn,
1812 2938 106 90 ehe

224 3027 94 88 ich
362 3028 192 90 durch
584 3022 488 101 Verfertigung
1114 3028 164 76 eines
1316 3028 462 95 Meisterstücks
1798 3043 118 71 den

226 3123 274 82 Namen
544 3126 302 96 erhalten.
940 3129 144 78 Und
1130 3128 250 88 méynet
1422 3128 98 93 ihr
1564 3133 184 94 nicht,
1788 3138 128 94 daß

226 3223 189 92 dieser
444 3225 225 83 Mann
712 3226 277 82 Brüder
1018 3231 63 74 in
1122 3227 449 83 Dannemark
1608 3229 155 104 hak,
1816 3240 99 80 die

227 3327 132 82 eine
401 3326 222 104 gleiche
653 3326 552 97 Gedenkungsart
1245 3328 258 100 haben?
