3105 4610
1835 553 84 55 It

577 734 207 116 Om
835 731 249 118 Ulds
1133 724 471 142 Udførsel.

458 885 66 100 I
580 894 200 74 denne
832 885 240 86 Artikel
1134 887 318 95 aftvinger
1496 886 128 89 De
1674 891 130 94 mig
1860 904 70 68 at

244 1005 126 98 sige
410 1003 202 88 Dem
658 1010 134 76 min
834 1026 172 60 reene
1046 1003 366 97 Sandhed.

458 1121 141 100 Jeg
650 1126 119 80 kan
822 1142 69 76 ey
934 1119 253 92 noksom
1232 1118 311 96 forundre
1584 1123 131 94 mig
1758 1143 171 75 over,

245 1261 70 64 at
337 1245 130 84 De
507 1231 116 104 faa
661 1238 108 100 frit
811 1260 104 64 tør
952 1243 186 94 skrive
1181 1263 74 59 en
1295 1240 106 94 saa
1449 1246 480 98 haandgribelig

249 1361 372 98 Usandhed,
665 1386 78 72 og
793 1368 100 74 det
935 1383 20 56 r
997 1379 56 60 er
1097 1359 224 97 Blad,
1363 1360 132 92 som
1541 1368 72 75 de
1648 1359 291 111 Forna

244 1487 120 92 rige
404 1491 20 70 i
466 1479 286 104 Publico
800 1484 204 94 gierne
1044 1479 180 92 læser.
1389 1474 129 94 De
1558 1487 206 94 siger:
1840 1487 96 85 Ar

242 1625 74 60 en
364 1605 268 95 Mand,
676 1604 128 92 som
850 1604 222 92 skriver
1114 1605 90 94 sig
1246 1626 74 56 en
1362 1610 98 74 vel
1502 1608 432 82 intemionerer

244 1721 317 104 Patriot,
626 1728 118 96 har
804 1728 190 77 vildet
1036 1721 159 98 vise,
1258 1742 74 62 at
1372 1730 120 74 den
1529 1724 276 103 Danske
1852 1751 81 73 og

241 1839 396 104 Holsteenffe
677 1844 168 82 Ulds
889 1837 294 98 Udførsel
1233 1864 64 58 er
1341 1842 264 97 skadelig
1649 1845 102 94 for
1797 1847 104 98 Fa-

243 1961 314 82 brikernes
595 1958 272 100 Handel
911 1983 80 74 og
1029 1961 278 82 Landets
1339 1960 368 103 Opkomst;
1757 1987 182 79 men,

239 2083 159 92 siger
449 2079 167 95 De,
681 2078 171 98 hans
917 2075 275 96 Beviser
1253 2086 153 76 duer
1463 2080 137 83 ikke.
1757 2085 175 87 Vor

238 2188 277 107 Danske
558 2197 126 85 Uld
724 2198 90 82 vil
854 2196 504 103 Fabrikanterne
1400 2200 120 82 ikke
1566 2205 218 100 have,
1846 2233 82 77 og

238 2329 76 76 de
352 2323 122 78 kan
518 2321 118 81 ikke
680 2320 196 94 bruge
916 2327 160 88 den;
1120 2339 80 78 og
1230 2338 92 76 at,
1366 2342 166 60 naar
1568 2343 152 64 vore
1744 2327 154 98 Hat-

238 2461 313 80 temagere
592 2436 177 96 faaer
832 2440 111 90 saa
984 2461 219 74 megen
1244 2448 73 76 de
1362 2442 279 97 bruger,
1704 2449 87 76 da
1846 2449 75 77 de

241 2561 122 82 ikke
407 2563 232 95 bruger
681 2566 106 74 ald
829 2576 120 63 vor
1003 2561 150 92 Uld,
1201 2561 160 95 hvor
1395 2561 127 96 skal
1567 2565 66 78 vi
1673 2567 88 78 da
1805 2563 120 90 hen

245 2685 144 78 med
433 2677 266 97 Resten,
739 2680 20 76 i
795 2676 170 98 Fald
1013 2683 118 76 den
1173 2697 70 73 ey
1291 2694 190 64 maae
1517 2677 334 96 udfores?

447 2791 103 100 Af
584 2804 198 76 denne
810 2797 268 94 urigtige
1097 2795 411 99 Anbringelse
1555 2797 123 82 kan
1715 2799 99 98 jeg
1852 2823 74 77 ey

238 2923 194 80 andet
476 2916 250 96 merke,
790 2922 120 75 end
974 2935 70 62 at
1078 2915 130 88 De
1252 2920 118 92 har
1414 2912 226 100 fundet
1678 2921 254 100 Behag

238 3041 22 78 i
302 3057 70 62 at
404 3034 312 96 kuldkaste
754 3052 79 78 og
880 3037 398 94 tilintetgiore
1318 3038 166 82 mine
1504 3036 278 99 Beviser
1818 3063 112 63 om

241 3161 246 80 Uldens
525 3154 292 98 Udførsel
869 3155 80 96 af
991 3155 274 99 Landet,
1307 3178 80 76 og
1421 3160 20 78 i
1483 3154 108 96 saa
1627 3160 295 86 Maader

241 3289 194 66 værer
487 3276 304 96 nødsaget
847 3291 70 64 at
973 3281 124 76 tale
1153 3291 80 83 og
1279 3274 354 101 forebringe
1679 3281 248 92 saadan

239 3393 389 98 Urigtighed.
771 3394 169 82 Men
985 3397 333 96 hvorledes
1363 3402 173 90 lyder
1581 3393 119 86 ikke
1741 3401 155 87 Ord-

238 3515 280 96 sproget:
576 3516 182 78 Cacl
802 3516 240 103 L§gn,
1090 3523 122 88 jan
1256 3516 206 98 faner
1502 3524 104 79 du
1652 3521 238 83 Sand-

236 3635 134 96 hed
418 3651 82 62 at
544 3636 242 80 vide?
1754 3639 170 84 Kan
