<?xml version="1.0" encoding="utf-8"?>
<alto xmlns="http://www.loc.gov/standards/alto/ns-v3#" xmlns:xs="http://www.w3.org/2001/XMLSchema-instance" xmlns:xlink="http://www.w3.org/1999/xlink">
	<Description>
		<MeasurementUnit>pixel</MeasurementUnit>
		<sourceImageInformation>
			<fileName>130017168348_1_007_015_026.tif</fileName>
		</sourceImageInformation>
		<OCRProcessing ID="OCR1">
			<ocrProcessingStep>
				<processingDateTime>2018-09-13</processingDateTime>
				<processingAgency>Zissor AS</processingAgency>
				<processingStepSettings>Combined OCR</processingStepSettings>
				<processingSoftware>
					<softwareCreator>Zissor AS</softwareCreator>
					<softwareName>ContentOCR-11; ContentOCR-Tesseract</softwareName>
					<softwareVersion>2.0.2; 2.0.0</softwareVersion>
					<applicationDescription>OCR Component for Zissor Content System</applicationDescription>
				</processingSoftware>
			</ocrProcessingStep>
		</OCRProcessing>
	</Description>
	<Styles>
		<TextStyle ID="STYLE1" FONTFAMILY="Arial" FONTSIZE="10" FONTSTYLE=""/>
		<TextStyle ID="STYLE2" FONTFAMILY="Times New Roman" FONTSIZE="13" FONTSTYLE=""/>
		<TextStyle ID="STYLE3" FONTFAMILY="Arial" FONTSIZE="13" FONTSTYLE=""/>
	</Styles>
	<Layout>
		<Page ID="PAGE622" HEIGHT="4596" WIDTH="3219" PHYSICAL_IMG_NR="622" PROCESSING="OCR1" PC="0.67">
			<TopMargin HEIGHT="454" WIDTH="3219" HPOS="0" VPOS="0"/>
			<LeftMargin HEIGHT="3180" WIDTH="1288" HPOS="0" VPOS="454"/>
			<RightMargin HEIGHT="3180" WIDTH="175" HPOS="3044" VPOS="454"/>
			<BottomMargin HEIGHT="960" WIDTH="3219" HPOS="0" VPOS="3636"/>
			<PrintSpace ID="PRINTSPACE1" HEIGHT="3180" WIDTH="1754" HPOS="1289" VPOS="455">
				<ComposedBlock xs:type="ComposedBlockType" ID="ARTICLE107786" HEIGHT="3180" WIDTH="1754" HPOS="1289" VPOS="455" xlink:type="simple">
					<TextBlock xs:type="TextBlockType" ID="ZONE1124362" HEIGHT="70" WIDTH="92" HPOS="1367" VPOS="455" xlink:type="simple">
						<TextLine ID="LINE1" HEIGHT="70" WIDTH="92" HPOS="1367" VPOS="455">
							<String ID="STRING1" STYLEREFS="STYLE1" HEIGHT="70" WIDTH="92" HPOS="1367" VPOS="455" CONTENT="26" WC="0.73" LANG="dan"/>
						</TextLine>
					</TextBlock>
					<TextBlock xs:type="TextBlockType" ID="ZONE1124363" HEIGHT="908" WIDTH="1690" HPOS="1353" VPOS="655" xlink:type="simple">
						<TextLine ID="LINE2" HEIGHT="104" WIDTH="1652" HPOS="1359" VPOS="655">
							<String ID="STRING2" STYLEREFS="STYLE2" HEIGHT="82" WIDTH="150" HPOS="1359" VPOS="677" CONTENT="der," WC="0.65" LANG="deu"/>
							<SP ID="SP1" WIDTH="56" HPOS="1509" VPOS="677"/>
							<String ID="STRING3" STYLEREFS="STYLE2" HEIGHT="78" WIDTH="136" HPOS="1565" VPOS="665" CONTENT="und" WC="0.7" LANG="deu"/>
							<SP ID="SP2" WIDTH="30" HPOS="1701" VPOS="665"/>
							<String ID="STRING4" STYLEREFS="STYLE2" HEIGHT="90" WIDTH="202" HPOS="1731" VPOS="659" CONTENT="dieses" WC="0.77" LANG="deu"/>
							<SP ID="SP3" WIDTH="34" HPOS="1933" VPOS="659"/>
							<String ID="STRING5" STYLEREFS="STYLE2" HEIGHT="98" WIDTH="126" HPOS="1967" VPOS="655" CONTENT="auf" WC="0.78" LANG="deu"/>
							<SP ID="SP4" WIDTH="16" HPOS="2093" VPOS="655"/>
							<String ID="STRING6" STYLEREFS="STYLE2" HEIGHT="88" WIDTH="242" HPOS="2109" VPOS="659" CONTENT="Koften" WC="0.58" LANG="dan"/>
							<SP ID="SP5" WIDTH="30" HPOS="2351" VPOS="659"/>
							<String ID="STRING7" STYLEREFS="STYLE2" HEIGHT="70" WIDTH="114" HPOS="2381" VPOS="667" CONTENT="des" WC="0.76" LANG="deu"/>
							<SP ID="SP6" WIDTH="14" HPOS="2495" VPOS="667"/>
							<String ID="STRING8" STYLEREFS="STYLE2" HEIGHT="96" WIDTH="294" HPOS="2509" VPOS="661" CONTENT="Königs;" WC="0.58" LANG="deu"/>
							<SP ID="SP7" WIDTH="64" HPOS="2803" VPOS="661"/>
							<String ID="STRING9" STYLEREFS="STYLE2" HEIGHT="60" WIDTH="144" HPOS="2867" VPOS="683" CONTENT="war" SUBS_TYPE="HypPart1" SUBS_CONTENT="warum" WC="0.39" LANG="deu"/>
							<HYP CONTENT="-"/>
						</TextLine>
						<TextLine ID="LINE3" HEIGHT="96" WIDTH="1672" HPOS="1369" VPOS="761">
							<String ID="STRING10" STYLEREFS="STYLE2" HEIGHT="62" WIDTH="120" HPOS="1369" VPOS="783" CONTENT="um" SUBS_TYPE="HypPart2" SUBS_CONTENT="warum" WC="0.5" LANG="deu"/>
							<SP ID="SP8" WIDTH="52" HPOS="1489" VPOS="783"/>
							<String ID="STRING11" STYLEREFS="STYLE2" HEIGHT="92" WIDTH="106" HPOS="1541" VPOS="763" CONTENT="soll" WC="0.83" LANG="deu"/>
							<SP ID="SP9" WIDTH="52" HPOS="1647" VPOS="763"/>
							<String ID="STRING12" STYLEREFS="STYLE2" HEIGHT="70" WIDTH="72" HPOS="1699" VPOS="769" CONTENT="es" WC="1" LANG="deu"/>
							<SP ID="SP10" WIDTH="46" HPOS="1771" VPOS="769"/>
							<String ID="STRING13" STYLEREFS="STYLE2" HEIGHT="70" WIDTH="164" HPOS="1817" VPOS="769" CONTENT="denn" WC="0.66" LANG="deu"/>
							<SP ID="SP11" WIDTH="48" HPOS="1981" VPOS="769"/>
							<String ID="STRING14" STYLEREFS="STYLE2" HEIGHT="66" WIDTH="118" HPOS="2029" VPOS="771" CONTENT="den" WC="0.76" LANG="deu"/>
							<SP ID="SP12" WIDTH="50" HPOS="2147" VPOS="771"/>
							<String ID="STRING15" STYLEREFS="STYLE2" HEIGHT="94" WIDTH="648" HPOS="2197" VPOS="761" CONTENT="Handwerksgesellen" WC="0.71" LANG="deu"/>
							<SP ID="SP13" WIDTH="38" HPOS="2845" VPOS="761"/>
							<String ID="STRING16" STYLEREFS="STYLE2" HEIGHT="90" WIDTH="158" HPOS="2883" VPOS="767" CONTENT="md)t" WC="0.19" LANG="deu"/>
						</TextLine>
						<TextLine ID="LINE4" HEIGHT="98" WIDTH="1682" HPOS="1361" VPOS="859">
							<String ID="STRING17" STYLEREFS="STYLE2" HEIGHT="74" WIDTH="154" HPOS="1361" VPOS="869" CONTENT="eben" WC="0.45" LANG="deu"/>
							<SP ID="SP14" WIDTH="44" HPOS="1515" VPOS="869"/>
							<String ID="STRING18" STYLEREFS="STYLE2" HEIGHT="90" WIDTH="240" HPOS="1559" VPOS="861" CONTENT="sowohl" WC="0.64" LANG="deu"/>
							<SP ID="SP15" WIDTH="52" HPOS="1799" VPOS="861"/>
							<String ID="STRING19" STYLEREFS="STYLE2" HEIGHT="74" WIDTH="284" HPOS="1851" VPOS="865" CONTENT="erlaubet" WC="0.48" LANG="deu"/>
							<SP ID="SP16" WIDTH="38" HPOS="2135" VPOS="865"/>
							<String ID="STRING20" STYLEREFS="STYLE2" HEIGHT="92" WIDTH="140" HPOS="2173" VPOS="859" CONTENT="sey.n" WC="1" LANG="deu"/>
							<SP ID="SP17" WIDTH="54" HPOS="2313" VPOS="859"/>
							<String ID="STRING21" STYLEREFS="STYLE2" HEIGHT="88" WIDTH="150" HPOS="2367" VPOS="859" CONTENT="seine" WC="0.63" LANG="deu"/>
							<SP ID="SP18" WIDTH="40" HPOS="2517" VPOS="859"/>
							<String ID="STRING22" STYLEREFS="STYLE2" HEIGHT="94" WIDTH="332" HPOS="2557" VPOS="859" CONTENT="Einsichten" WC="0.64" LANG="deu"/>
							<SP ID="SP19" WIDTH="32" HPOS="2889" VPOS="859"/>
							<String ID="STRING23" STYLEREFS="STYLE2" HEIGHT="96" WIDTH="122" HPOS="2921" VPOS="861" CONTENT="auf" WC="0.5" LANG="deu"/>
						</TextLine>
						<TextLine ID="LINE5" HEIGHT="90" WIDTH="1644" HPOS="1361" VPOS="961">
							<String ID="STRING24" STYLEREFS="STYLE2" HEIGHT="88" WIDTH="236" HPOS="1361" VPOS="961" CONTENT="Reisen" WC="0.88" LANG="deu"/>
							<SP ID="SP20" WIDTH="32" HPOS="1597" VPOS="961"/>
							<String ID="STRING25" STYLEREFS="STYLE2" HEIGHT="72" WIDTH="68" HPOS="1629" VPOS="979" CONTENT="zu" WC="0.28" LANG="deu"/>
							<SP ID="SP21" WIDTH="36" HPOS="1697" VPOS="979"/>
							<String ID="STRING26" STYLEREFS="STYLE2" HEIGHT="88" WIDTH="362" HPOS="1733" VPOS="963" CONTENT="erweitern," WC="0.83" LANG="deu"/>
							<SP ID="SP22" WIDTH="60" HPOS="2095" VPOS="963"/>
							<String ID="STRING27" STYLEREFS="STYLE2" HEIGHT="68" WIDTH="84" HPOS="2155" VPOS="969" CONTENT="da" WC="0.63" LANG="deu"/>
							<SP ID="SP23" WIDTH="26" HPOS="2239" VPOS="969"/>
							<String ID="STRING28" STYLEREFS="STYLE2" HEIGHT="84" WIDTH="196" HPOS="2265" VPOS="961" CONTENT="dieses" WC="0.71" LANG="deu"/>
							<SP ID="SP24" WIDTH="28" HPOS="2461" VPOS="961"/>
							<String ID="STRING29" STYLEREFS="STYLE2" HEIGHT="70" WIDTH="138" HPOS="2489" VPOS="969" CONTENT="dem" WC="0.64" LANG="deu"/>
							<SP ID="SP25" WIDTH="34" HPOS="2627" VPOS="969"/>
							<String ID="STRING30" STYLEREFS="STYLE2" HEIGHT="78" WIDTH="242" HPOS="2661" VPOS="961" CONTENT="Staate" WC="0.89" LANG="deu"/>
							<SP ID="SP26" WIDTH="22" HPOS="2903" VPOS="961"/>
							<String ID="STRING31" STYLEREFS="STYLE2" HEIGHT="78" WIDTH="80" HPOS="2925" VPOS="963" CONTENT="kei" SUBS_TYPE="HypPart1" SUBS_CONTENT="keinen" WC="0.59" LANG="deu"/>
							<HYP CONTENT="-"/>
						</TextLine>
						<TextLine ID="LINE6" HEIGHT="100" WIDTH="1676" HPOS="1359" VPOS="1059">
							<String ID="STRING32" STYLEREFS="STYLE2" HEIGHT="56" WIDTH="126" HPOS="1359" VPOS="1083" CONTENT="nen" SUBS_TYPE="HypPart2" SUBS_CONTENT="keinen" WC="0.76" LANG="deu"/>
							<SP ID="SP27" WIDTH="32" HPOS="1485" VPOS="1083"/>
							<String ID="STRING33" STYLEREFS="STYLE2" HEIGHT="96" WIDTH="340" HPOS="1517" VPOS="1059" CONTENT="Schilling" WC="0.64" LANG="deu"/>
							<SP ID="SP28" WIDTH="26" HPOS="1857" VPOS="1059"/>
							<String ID="STRING34" STYLEREFS="STYLE2" HEIGHT="90" WIDTH="230" HPOS="1883" VPOS="1059" CONTENT="kostet?" WC="0.88" LANG="deu"/>
							<SP ID="SP29" WIDTH="50" HPOS="2113" VPOS="1059"/>
							<String ID="STRING35" STYLEREFS="STYLE2" HEIGHT="98" WIDTH="110" HPOS="2163" VPOS="1061" CONTENT="In" WC="1" LANG="deu"/>
							<SP ID="SP30" WIDTH="32" HPOS="2273" VPOS="1061"/>
							<String ID="STRING36" STYLEREFS="STYLE2" HEIGHT="94" WIDTH="354" HPOS="2305" VPOS="1059" CONTENT="Warheit!" WC="0.77" LANG="deu"/>
							<SP ID="SP31" WIDTH="64" HPOS="2659" VPOS="1059"/>
							<String ID="STRING37" STYLEREFS="STYLE2" HEIGHT="60" WIDTH="180" HPOS="2723" VPOS="1079" CONTENT="wenn" WC="0.89" LANG="deu"/>
							<SP ID="SP32" WIDTH="30" HPOS="2903" VPOS="1079"/>
							<String ID="STRING38" STYLEREFS="STYLE2" HEIGHT="68" WIDTH="102" HPOS="2933" VPOS="1073" CONTENT="der" WC="0.54" LANG="deu"/>
						</TextLine>
						<TextLine ID="LINE7" HEIGHT="102" WIDTH="1652" HPOS="1357" VPOS="1157">
							<String ID="STRING39" STYLEREFS="STYLE2" HEIGHT="98" WIDTH="238" HPOS="1357" VPOS="1157" CONTENT="König" WC="0.61" LANG="deu"/>
							<SP ID="SP33" WIDTH="64" HPOS="1595" VPOS="1157"/>
							<String ID="STRING40" STYLEREFS="STYLE2" HEIGHT="76" WIDTH="126" HPOS="1659" VPOS="1161" CONTENT="mir" WC="0.87" LANG="deu"/>
							<SP ID="SP34" WIDTH="70" HPOS="1785" VPOS="1161"/>
							<String ID="STRING41" STYLEREFS="STYLE2" HEIGHT="100" WIDTH="268" HPOS="1855" VPOS="1159" CONTENT="jährlich" WC="0.54" LANG="deu"/>
							<SP ID="SP35" WIDTH="82" HPOS="2123" VPOS="1159"/>
							<String ID="STRING42" STYLEREFS="STYLE2" HEIGHT="72" WIDTH="142" HPOS="2205" VPOS="1185" CONTENT="300" WC="0.52" LANG="deu"/>
							<SP ID="SP36" WIDTH="60" HPOS="2347" VPOS="1185"/>
							<String ID="STRING43" STYLEREFS="STYLE2" HEIGHT="98" WIDTH="456" HPOS="2407" VPOS="1159" CONTENT="Reichschaler" WC="0.65" LANG="deu"/>
							<SP ID="SP37" WIDTH="70" HPOS="2863" VPOS="1159"/>
							<String ID="STRING44" STYLEREFS="STYLE2" HEIGHT="94" WIDTH="76" HPOS="2933" VPOS="1159" CONTENT="gä" SUBS_TYPE="HypPart1" SUBS_CONTENT="gäbe," WC="0.49" LANG="deu"/>
							<HYP CONTENT="-"/>
						</TextLine>
						<TextLine ID="LINE8" HEIGHT="100" WIDTH="1650" HPOS="1361" VPOS="1257">
							<String ID="STRING45" STYLEREFS="STYLE2" HEIGHT="92" WIDTH="110" HPOS="1361" VPOS="1257" CONTENT="be," SUBS_TYPE="HypPart2" SUBS_CONTENT="gäbe," WC="0.76" LANG="deu"/>
							<SP ID="SP38" WIDTH="50" HPOS="1471" VPOS="1257"/>
							<String ID="STRING46" STYLEREFS="STYLE2" HEIGHT="92" WIDTH="90" HPOS="1521" VPOS="1261" CONTENT="ich" WC="0.73" LANG="deu"/>
							<SP ID="SP39" WIDTH="38" HPOS="1611" VPOS="1261"/>
							<String ID="STRING47" STYLEREFS="STYLE2" HEIGHT="74" WIDTH="212" HPOS="1649" VPOS="1265" CONTENT="wollte" WC="0.85" LANG="deu"/>
							<SP ID="SP40" WIDTH="42" HPOS="1861" VPOS="1265"/>
							<String ID="STRING48" STYLEREFS="STYLE2" HEIGHT="94" WIDTH="152" HPOS="1903" VPOS="1263" CONTENT="noch" WC="0.65" LANG="deu"/>
							<SP ID="SP41" WIDTH="44" HPOS="2055" VPOS="1263"/>
							<String ID="STRING49" STYLEREFS="STYLE2" HEIGHT="90" WIDTH="160" HPOS="2099" VPOS="1263" CONTENT="nach" WC="0.79" LANG="deu"/>
							<SP ID="SP42" WIDTH="42" HPOS="2259" VPOS="1263"/>
							<String ID="STRING50" STYLEREFS="STYLE2" HEIGHT="96" WIDTH="380" HPOS="2301" VPOS="1259" CONTENT="Frankreich" WC="0.68" LANG="deu"/>
							<SP ID="SP43" WIDTH="52" HPOS="2681" VPOS="1259"/>
							<String ID="STRING51" STYLEREFS="STYLE2" HEIGHT="68" WIDTH="130" HPOS="2733" VPOS="1271" CONTENT="und" WC="0.75" LANG="deu"/>
							<SP ID="SP44" WIDTH="48" HPOS="2863" VPOS="1271"/>
							<String ID="STRING52" STYLEREFS="STYLE2" HEIGHT="82" WIDTH="100" HPOS="2911" VPOS="1259" CONTENT="En" SUBS_TYPE="HypPart1" SUBS_CONTENT="Engeland" WC="0.75" LANG="deu"/>
							<HYP CONTENT="-"/>
						</TextLine>
						<TextLine ID="LINE9" HEIGHT="98" WIDTH="1674" HPOS="1359" VPOS="1361">
							<String ID="STRING53" STYLEREFS="STYLE2" HEIGHT="88" WIDTH="236" HPOS="1359" VPOS="1367" CONTENT="geland" SUBS_TYPE="HypPart2" SUBS_CONTENT="Engeland" WC="0.72" LANG="deu"/>
							<SP ID="SP45" WIDTH="56" HPOS="1595" VPOS="1367"/>
							<String ID="STRING54" STYLEREFS="STYLE2" HEIGHT="94" WIDTH="222" HPOS="1651" VPOS="1361" CONTENT="reisen;" WC="0.84" LANG="deu"/>
							<SP ID="SP46" WIDTH="50" HPOS="1873" VPOS="1361"/>
							<String ID="STRING55" STYLEREFS="STYLE2" HEIGHT="76" WIDTH="80" HPOS="1923" VPOS="1363" CONTENT="ob" WC="0.83" LANG="deu"/>
							<SP ID="SP47" WIDTH="34" HPOS="2003" VPOS="1363"/>
							<String ID="STRING56" STYLEREFS="STYLE2" HEIGHT="88" WIDTH="88" HPOS="2037" VPOS="1365" CONTENT="ich" WC="0.61" LANG="deu"/>
							<SP ID="SP48" WIDTH="40" HPOS="2125" VPOS="1365"/>
							<String ID="STRING57" STYLEREFS="STYLE2" HEIGHT="96" WIDTH="188" HPOS="2165" VPOS="1361" CONTENT="gleich" WC="0.75" LANG="deu"/>
							<SP ID="SP49" WIDTH="34" HPOS="2353" VPOS="1361"/>
							<String ID="STRING58" STYLEREFS="STYLE2" HEIGHT="96" WIDTH="180" HPOS="2387" VPOS="1361" CONTENT="schon" WC="0.66" LANG="deu"/>
							<SP ID="SP50" WIDTH="28" HPOS="2567" VPOS="1361"/>
							<String ID="STRING59" STYLEREFS="STYLE2" HEIGHT="96" WIDTH="214" HPOS="2595" VPOS="1361" CONTENT="allhier" WC="0.78" LANG="deu"/>
							<SP ID="SP51" WIDTH="42" HPOS="2809" VPOS="1361"/>
							<String ID="STRING60" STYLEREFS="STYLE2" HEIGHT="98" WIDTH="182" HPOS="2851" VPOS="1361" CONTENT="einige" WC="0.69" LANG="deu"/>
						</TextLine>
						<TextLine ID="LINE10" HEIGHT="104" WIDTH="868" HPOS="1353" VPOS="1459">
							<String ID="STRING61" STYLEREFS="STYLE2" HEIGHT="104" WIDTH="222" HPOS="1353" VPOS="1459" CONTENT="Jahre" WC="0.77" LANG="deu"/>
							<SP ID="SP52" WIDTH="34" HPOS="1575" VPOS="1459"/>
							<String ID="STRING62" STYLEREFS="STYLE2" HEIGHT="98" WIDTH="444" HPOS="1609" VPOS="1461" CONTENT="Amtsmeister" WC="0.64" LANG="deu"/>
							<SP ID="SP53" WIDTH="34" HPOS="2053" VPOS="1461"/>
							<String ID="STRING63" STYLEREFS="STYLE2" HEIGHT="84" WIDTH="134" HPOS="2087" VPOS="1463" CONTENT="bin." WC="0.82" LANG="deu"/>
						</TextLine>
					</TextBlock>
					<TextBlock xs:type="TextBlockType" ID="ZONE1124364" HEIGHT="1504" WIDTH="1720" HPOS="1311" VPOS="1717" xlink:type="simple">
						<TextLine ID="LINE11" HEIGHT="102" WIDTH="1532" HPOS="1497" VPOS="1717">
							<String ID="STRING64" STYLEREFS="STYLE2" HEIGHT="88" WIDTH="168" HPOS="1497" VPOS="1717" CONTENT="Der" WC="0.69" LANG="deu"/>
							<SP ID="SP54" WIDTH="30" HPOS="1665" VPOS="1717"/>
							<String ID="STRING65" STYLEREFS="STYLE2" HEIGHT="92" WIDTH="416" HPOS="1695" VPOS="1721" CONTENT="academische" WC="0.8" LANG="deu"/>
							<SP ID="SP55" WIDTH="28" HPOS="2111" VPOS="1721"/>
							<String ID="STRING66" STYLEREFS="STYLE2" HEIGHT="92" WIDTH="242" HPOS="2139" VPOS="1719" CONTENT="Geselle" WC="0.87" LANG="deu"/>
							<SP ID="SP56" WIDTH="30" HPOS="2381" VPOS="1719"/>
							<String ID="STRING67" STYLEREFS="STYLE3" HEIGHT="100" WIDTH="168" HPOS="2411" VPOS="1719" CONTENT="somt" WC="0.79" LANG="dan"/>
							<SP ID="SP57" WIDTH="32" HPOS="2579" VPOS="1719"/>
							<String ID="STRING68" STYLEREFS="STYLE2" HEIGHT="92" WIDTH="256" HPOS="2611" VPOS="1717" CONTENT="wieder," WC="0.76" LANG="deu"/>
							<SP ID="SP58" WIDTH="38" HPOS="2867" VPOS="1717"/>
							<String ID="STRING69" STYLEREFS="STYLE2" HEIGHT="76" WIDTH="124" HPOS="2905" VPOS="1725" CONTENT="und" WC="0.55" LANG="deu"/>
						</TextLine>
						<TextLine ID="LINE12" HEIGHT="100" WIDTH="1656" HPOS="1349" VPOS="1817">
							<String ID="STRING70" STYLEREFS="STYLE2" HEIGHT="96" WIDTH="118" HPOS="1349" VPOS="1821" CONTENT="hat" WC="0.83" LANG="deu"/>
							<SP ID="SP59" WIDTH="26" HPOS="1467" VPOS="1821"/>
							<String ID="STRING71" STYLEREFS="STYLE2" HEIGHT="100" WIDTH="334" HPOS="1493" VPOS="1817" CONTENT="Prämien" WC="0.85" LANG="deu"/>
							<SP ID="SP60" WIDTH="40" HPOS="1827" VPOS="1817"/>
							<String ID="STRING72" STYLEREFS="STYLE2" HEIGHT="96" WIDTH="358" HPOS="1867" VPOS="1821" CONTENT="ausserhalb" WC="0.96" LANG="deu"/>
							<SP ID="SP61" WIDTH="20" HPOS="2225" VPOS="1821"/>
							<String ID="STRING73" STYLEREFS="STYLE2" HEIGHT="82" WIDTH="252" HPOS="2245" VPOS="1821" CONTENT="Landes" WC="0.77" LANG="deu"/>
							<SP ID="SP62" WIDTH="18" HPOS="2497" VPOS="1821"/>
							<String ID="STRING74" STYLEREFS="STYLE2" HEIGHT="76" WIDTH="370" HPOS="2515" VPOS="1839" CONTENT="gewonnen," WC="0.82" LANG="deu"/>
							<SP ID="SP63" WIDTH="32" HPOS="2885" VPOS="1839"/>
							<String ID="STRING75" STYLEREFS="STYLE2" HEIGHT="74" WIDTH="88" HPOS="2917" VPOS="1825" CONTENT="die" SUBS_TYPE="HypPart1" SUBS_CONTENT="dieses" WC="0.51" LANG="deu"/>
							<HYP CONTENT="-"/>
						</TextLine>
						<TextLine ID="LINE13" HEIGHT="96" WIDTH="1658" HPOS="1347" VPOS="1921">
							<String ID="STRING76" STYLEREFS="STYLE2" HEIGHT="92" WIDTH="94" HPOS="1347" VPOS="1923" CONTENT="ses" SUBS_TYPE="HypPart2" SUBS_CONTENT="dieses" WC="0.92" LANG="deu"/>
							<SP ID="SP64" WIDTH="38" HPOS="1441" VPOS="1923"/>
							<String ID="STRING77" STYLEREFS="STYLE2" HEIGHT="94" WIDTH="208" HPOS="1479" VPOS="1921" CONTENT="macht" WC="0.74" LANG="deu"/>
							<SP ID="SP65" WIDTH="30" HPOS="1687" VPOS="1921"/>
							<String ID="STRING78" STYLEREFS="STYLE2" HEIGHT="88" WIDTH="130" HPOS="1717" VPOS="1923" CONTENT="ihm" WC="0.68" LANG="deu"/>
							<SP ID="SP66" WIDTH="48" HPOS="1847" VPOS="1923"/>
							<String ID="STRING79" STYLEREFS="STYLE2" HEIGHT="74" WIDTH="140" HPOS="1895" VPOS="1943" CONTENT="zum" WC="0.53" LANG="deu"/>
							<SP ID="SP67" WIDTH="46" HPOS="2035" VPOS="1943"/>
							<String ID="STRING80" STYLEREFS="STYLE2" HEIGHT="92" WIDTH="306" HPOS="2081" VPOS="1925" CONTENT="Meister," WC="0.71" LANG="deu"/>
							<SP ID="SP68" WIDTH="54" HPOS="2387" VPOS="1925"/>
							<String ID="STRING81" STYLEREFS="STYLE2" HEIGHT="68" WIDTH="106" HPOS="2441" VPOS="1933" CONTENT="der" WC="0.61" LANG="deu"/>
							<SP ID="SP69" WIDTH="42" HPOS="2547" VPOS="1933"/>
							<String ID="STRING82" STYLEREFS="STYLE2" HEIGHT="92" WIDTH="416" HPOS="2589" VPOS="1921" CONTENT="Handwerks" SUBS_TYPE="HypPart1" SUBS_CONTENT="Handwerksgeselle" WC="0.72" LANG="deu"/>
							<HYP CONTENT="-"/>
						</TextLine>
						<TextLine ID="LINE14" HEIGHT="102" WIDTH="1684" HPOS="1345" VPOS="2019">
							<String ID="STRING83" STYLEREFS="STYLE2" HEIGHT="94" WIDTH="208" HPOS="1345" VPOS="2023" CONTENT="geselle" SUBS_TYPE="HypPart2" SUBS_CONTENT="Handwerksgeselle" WC="0.81" LANG="deu"/>
							<SP ID="SP70" WIDTH="52" HPOS="1553" VPOS="2023"/>
							<String ID="STRING84" STYLEREFS="STYLE2" HEIGHT="76" WIDTH="174" HPOS="1605" VPOS="2021" CONTENT="komt" WC="0.71" LANG="deu"/>
							<SP ID="SP71" WIDTH="40" HPOS="1779" VPOS="2021"/>
							<String ID="STRING85" STYLEREFS="STYLE2" HEIGHT="66" WIDTH="132" HPOS="1819" VPOS="2035" CONTENT="aus" WC="0.93" LANG="deu"/>
							<SP ID="SP72" WIDTH="36" HPOS="1951" VPOS="2035"/>
							<String ID="STRING86" STYLEREFS="STYLE2" HEIGHT="68" WIDTH="108" HPOS="1987" VPOS="2035" CONTENT="der" WC="0.55" LANG="deu"/>
							<SP ID="SP73" WIDTH="30" HPOS="2095" VPOS="2035"/>
							<String ID="STRING87" STYLEREFS="STYLE2" HEIGHT="98" WIDTH="318" HPOS="2125" VPOS="2023" CONTENT="Fremde," WC="0.8" LANG="deu"/>
							<SP ID="SP74" WIDTH="54" HPOS="2443" VPOS="2023"/>
							<String ID="STRING88" STYLEREFS="STYLE2" HEIGHT="70" WIDTH="134" HPOS="2497" VPOS="2029" CONTENT="und" WC="0.71" LANG="deu"/>
							<SP ID="SP75" WIDTH="50" HPOS="2631" VPOS="2029"/>
							<String ID="STRING89" STYLEREFS="STYLE2" HEIGHT="96" WIDTH="348" HPOS="2681" VPOS="2019" CONTENT="verfertiget" WC="0.9" LANG="deu"/>
						</TextLine>
						<TextLine ID="LINE15" HEIGHT="98" WIDTH="1690" HPOS="1341" VPOS="2119">
							<String ID="STRING90" STYLEREFS="STYLE2" HEIGHT="78" WIDTH="100" HPOS="1341" VPOS="2127" CONTENT="ein" WC="0.75" LANG="deu"/>
							<SP ID="SP76" WIDTH="32" HPOS="1441" VPOS="2127"/>
							<String ID="STRING91" STYLEREFS="STYLE2" HEIGHT="96" WIDTH="468" HPOS="1473" VPOS="2121" CONTENT="Meisterstück," WC="0.58" LANG="deu"/>
							<SP ID="SP77" WIDTH="70" HPOS="1941" VPOS="2121"/>
							<String ID="STRING92" STYLEREFS="STYLE2" HEIGHT="68" WIDTH="132" HPOS="2011" VPOS="2133" CONTENT="und" WC="0.41" LANG="deu"/>
							<SP ID="SP78" WIDTH="36" HPOS="2143" VPOS="2133"/>
							<String ID="STRING93" STYLEREFS="STYLE2" HEIGHT="86" WIDTH="120" HPOS="2179" VPOS="2131" CONTENT="legt" WC="0.84" LANG="deu"/>
							<SP ID="SP79" WIDTH="28" HPOS="2299" VPOS="2131"/>
							<String ID="STRING94" STYLEREFS="STYLE2" HEIGHT="90" WIDTH="280" HPOS="2327" VPOS="2121" CONTENT="dadurch" WC="0.62" LANG="deu"/>
							<SP ID="SP80" WIDTH="34" HPOS="2607" VPOS="2121"/>
							<String ID="STRING95" STYLEREFS="STYLE2" HEIGHT="74" WIDTH="128" HPOS="2641" VPOS="2123" CONTENT="eine" WC="0.63" LANG="deu"/>
							<SP ID="SP81" WIDTH="32" HPOS="2769" VPOS="2123"/>
							<String ID="STRING96" STYLEREFS="STYLE2" HEIGHT="98" WIDTH="230" HPOS="2801" VPOS="2119" CONTENT="Probe" WC="0.56" LANG="deu"/>
						</TextLine>
						<TextLine ID="LINE16" HEIGHT="98" WIDTH="1664" HPOS="1337" VPOS="2219">
							<String ID="STRING97" STYLEREFS="STYLE2" HEIGHT="86" WIDTH="126" HPOS="1337" VPOS="2227" CONTENT="ab," WC="0.94" LANG="deu"/>
							<SP ID="SP82" WIDTH="56" HPOS="1463" VPOS="2227"/>
							<String ID="STRING98" STYLEREFS="STYLE2" HEIGHT="76" WIDTH="124" HPOS="1519" VPOS="2223" CONTENT="wie" WC="0.86" LANG="deu"/>
							<SP ID="SP83" WIDTH="38" HPOS="1643" VPOS="2223"/>
							<String ID="STRING99" STYLEREFS="STYLE2" HEIGHT="56" WIDTH="64" HPOS="1681" VPOS="2241" CONTENT="er" WC="0.87" LANG="deu"/>
							<SP ID="SP84" WIDTH="28" HPOS="1745" VPOS="2241"/>
							<String ID="STRING100" STYLEREFS="STYLE2" HEIGHT="92" WIDTH="114" HPOS="1773" VPOS="2223" CONTENT="sich" WC="0.69" LANG="deu"/>
							<SP ID="SP85" WIDTH="32" HPOS="1887" VPOS="2223"/>
							<String ID="STRING101" STYLEREFS="STYLE2" HEIGHT="96" WIDTH="234" HPOS="1919" VPOS="2221" CONTENT="tüchtig" WC="0.62" LANG="deu"/>
							<SP ID="SP86" WIDTH="36" HPOS="2153" VPOS="2221"/>
							<String ID="STRING102" STYLEREFS="STYLE2" HEIGHT="96" WIDTH="284" HPOS="2189" VPOS="2221" CONTENT="gemacht" WC="0.8" LANG="deu"/>
							<SP ID="SP87" WIDTH="32" HPOS="2473" VPOS="2221"/>
							<String ID="STRING103" STYLEREFS="STYLE2" HEIGHT="96" WIDTH="154" HPOS="2505" VPOS="2221" CONTENT="hat," WC="0.89" LANG="deu"/>
							<SP ID="SP88" WIDTH="62" HPOS="2659" VPOS="2221"/>
							<String ID="STRING104" STYLEREFS="STYLE2" HEIGHT="74" WIDTH="98" HPOS="2721" VPOS="2221" CONTENT="ein" WC="0.84" LANG="deu"/>
							<SP ID="SP89" WIDTH="46" HPOS="2819" VPOS="2221"/>
							<String ID="STRING105" STYLEREFS="STYLE2" HEIGHT="96" WIDTH="136" HPOS="2865" VPOS="2219" CONTENT="nütz" SUBS_TYPE="HypPart1" SUBS_CONTENT="nützliches" WC="0.65" LANG="deu"/>
							<HYP CONTENT="-"/>
						</TextLine>
						<TextLine ID="LINE17" HEIGHT="100" WIDTH="1692" HPOS="1333" VPOS="2317">
							<String ID="STRING106" STYLEREFS="STYLE2" HEIGHT="96" WIDTH="190" HPOS="1333" VPOS="2319" CONTENT="liches" SUBS_TYPE="HypPart2" SUBS_CONTENT="nützliches" WC="0.79" LANG="deu"/>
							<SP ID="SP90" WIDTH="58" HPOS="1523" VPOS="2319"/>
							<String ID="STRING107" STYLEREFS="STYLE2" HEIGHT="82" WIDTH="200" HPOS="1581" VPOS="2317" CONTENT="Glied" WC="0.64" LANG="deu"/>
							<SP ID="SP91" WIDTH="66" HPOS="1781" VPOS="2317"/>
							<String ID="STRING108" STYLEREFS="STYLE2" HEIGHT="66" WIDTH="108" HPOS="1847" VPOS="2333" CONTENT="der" WC="0.51" LANG="deu"/>
							<SP ID="SP92" WIDTH="64" HPOS="1955" VPOS="2333"/>
							<String ID="STRING109" STYLEREFS="STYLE2" HEIGHT="96" WIDTH="430" HPOS="2019" VPOS="2321" CONTENT="menschlichen" WC="0.69" LANG="deu"/>
							<SP ID="SP93" WIDTH="52" HPOS="2449" VPOS="2321"/>
							<String ID="STRING110" STYLEREFS="STYLE2" HEIGHT="92" WIDTH="408" HPOS="2501" VPOS="2317" CONTENT="Gesellschaft" WC="0.77" LANG="deu"/>
							<SP ID="SP94" WIDTH="44" HPOS="2909" VPOS="2317"/>
							<String ID="STRING111" STYLEREFS="STYLE2" HEIGHT="74" WIDTH="72" HPOS="2953" VPOS="2339" CONTENT="zu" WC="0.31" LANG="deu"/>
						</TextLine>
						<TextLine ID="LINE18" HEIGHT="98" WIDTH="1668" HPOS="1329" VPOS="2417">
							<String ID="STRING112" STYLEREFS="STYLE2" HEIGHT="94" WIDTH="184" HPOS="1329" VPOS="2421" CONTENT="ftyn," WC="0.79" LANG="deu"/>
							<SP ID="SP95" WIDTH="68" HPOS="1513" VPOS="2421"/>
							<String ID="STRING113" STYLEREFS="STYLE2" HEIGHT="58" WIDTH="132" HPOS="1581" VPOS="2439" CONTENT="nun" WC="0.82" LANG="deu"/>
							<SP ID="SP96" WIDTH="30" HPOS="1713" VPOS="2439"/>
							<String ID="STRING114" STYLEREFS="STYLE2" HEIGHT="96" WIDTH="276" HPOS="1743" VPOS="2419" CONTENT="versucht" WC="0.66" LANG="deu"/>
							<SP ID="SP97" WIDTH="30" HPOS="2019" VPOS="2419"/>
							<String ID="STRING115" STYLEREFS="STYLE2" HEIGHT="56" WIDTH="64" HPOS="2049" VPOS="2443" CONTENT="er" WC="0.64" LANG="deu"/>
							<SP ID="SP98" WIDTH="30" HPOS="2113" VPOS="2443"/>
							<String ID="STRING116" STYLEREFS="STYLE2" HEIGHT="88" WIDTH="118" HPOS="2143" VPOS="2423" CONTENT="sein" WC="0.93" LANG="deu"/>
							<SP ID="SP99" WIDTH="34" HPOS="2261" VPOS="2423"/>
							<String ID="STRING117" STYLEREFS="STYLE2" HEIGHT="82" WIDTH="216" HPOS="2295" VPOS="2421" CONTENT="Glück" WC="0.53" LANG="deu"/>
							<SP ID="SP100" WIDTH="32" HPOS="2511" VPOS="2421"/>
							<String ID="STRING118" STYLEREFS="STYLE2" HEIGHT="90" WIDTH="122" HPOS="2543" VPOS="2417" CONTENT="auf" WC="0.6" LANG="deu"/>
							<SP ID="SP101" WIDTH="34" HPOS="2665" VPOS="2417"/>
							<String ID="STRING119" STYLEREFS="STYLE2" HEIGHT="74" WIDTH="114" HPOS="2699" VPOS="2435" CONTENT="gut" WC="0.78" LANG="deu"/>
							<SP ID="SP102" WIDTH="34" HPOS="2813" VPOS="2435"/>
							<String ID="STRING120" STYLEREFS="STYLE2" HEIGHT="74" WIDTH="150" HPOS="2847" VPOS="2439" CONTENT="gera" SUBS_TYPE="HypPart1" SUBS_CONTENT="gerathe" WC="0.68" LANG="deu"/>
							<HYP CONTENT="-"/>
						</TextLine>
						<TextLine ID="LINE19" HEIGHT="98" WIDTH="1692" HPOS="1331" VPOS="2519">
							<String ID="STRING121" STYLEREFS="STYLE2" HEIGHT="90" WIDTH="104" HPOS="1331" VPOS="2525" CONTENT="the" SUBS_TYPE="HypPart2" SUBS_CONTENT="gerathe" WC="0.76" LANG="deu"/>
							<SP ID="SP103" WIDTH="36" HPOS="1435" VPOS="2525"/>
							<String ID="STRING122" STYLEREFS="STYLE2" HEIGHT="94" WIDTH="198" HPOS="1471" VPOS="2519" CONTENT="wohl." WC="0.69" LANG="deu"/>
							<SP ID="SP104" WIDTH="108" HPOS="1669" VPOS="2519"/>
							<String ID="STRING123" STYLEREFS="STYLE2" HEIGHT="96" WIDTH="212" HPOS="1777" VPOS="2519" CONTENT="Jener" WC="0.86" LANG="deu"/>
							<SP ID="SP105" WIDTH="42" HPOS="1989" VPOS="2519"/>
							<String ID="STRING124" STYLEREFS="STYLE2" HEIGHT="86" WIDTH="110" HPOS="2031" VPOS="2523" CONTENT="hat" WC="0.75" LANG="deu"/>
							<SP ID="SP106" WIDTH="36" HPOS="2141" VPOS="2523"/>
							<String ID="STRING125" STYLEREFS="STYLE2" HEIGHT="82" WIDTH="116" HPOS="2177" VPOS="2521" CONTENT="sein" WC="0.88" LANG="deu"/>
							<SP ID="SP107" WIDTH="36" HPOS="2293" VPOS="2521"/>
							<String ID="STRING126" STYLEREFS="STYLE2" HEIGHT="98" WIDTH="284" HPOS="2329" VPOS="2519" CONTENT="gewisses" WC="0.78" LANG="deu"/>
							<SP ID="SP108" WIDTH="34" HPOS="2613" VPOS="2519"/>
							<String ID="STRING127" STYLEREFS="STYLE2" HEIGHT="82" WIDTH="214" HPOS="2647" VPOS="2519" CONTENT="Glück" WC="0.61" LANG="deu"/>
							<SP ID="SP109" WIDTH="30" HPOS="2861" VPOS="2519"/>
							<String ID="STRING128" STYLEREFS="STYLE2" HEIGHT="68" WIDTH="132" HPOS="2891" VPOS="2531" CONTENT="und" WC="0.69" LANG="deu"/>
						</TextLine>
						<TextLine ID="LINE20" HEIGHT="102" WIDTH="1698" HPOS="1325" VPOS="2617">
							<String ID="STRING129" STYLEREFS="STYLE2" HEIGHT="96" WIDTH="284" HPOS="1325" VPOS="2623" CONTENT="stehende" WC="0.7" LANG="deu"/>
							<SP ID="SP110" WIDTH="52" HPOS="1609" VPOS="2623"/>
							<String ID="STRING130" STYLEREFS="STYLE2" HEIGHT="94" WIDTH="222" HPOS="1661" VPOS="2617" CONTENT="Gage." WC="0.89" LANG="deu"/>
							<SP ID="SP111" WIDTH="102" HPOS="1883" VPOS="2617"/>
							<String ID="STRING131" STYLEREFS="STYLE2" HEIGHT="84" WIDTH="210" HPOS="1985" VPOS="2619" CONTENT="Was" WC="0.75" LANG="deu"/>
							<SP ID="SP112" WIDTH="44" HPOS="2195" VPOS="2619"/>
							<String ID="STRING132" STYLEREFS="STYLE2" HEIGHT="88" WIDTH="70" HPOS="2239" VPOS="2623" CONTENT="ist" WC="0.75" LANG="deu"/>
							<SP ID="SP113" WIDTH="40" HPOS="2309" VPOS="2623"/>
							<String ID="STRING133" STYLEREFS="STYLE2" HEIGHT="56" WIDTH="132" HPOS="2349" VPOS="2643" CONTENT="mm" WC="0.31" LANG="deu"/>
							<SP ID="SP114" WIDTH="42" HPOS="2481" VPOS="2643"/>
							<String ID="STRING134" STYLEREFS="STYLE2" HEIGHT="58" WIDTH="118" HPOS="2523" VPOS="2639" CONTENT="vor" WC="0.68" LANG="deu"/>
							<SP ID="SP115" WIDTH="32" HPOS="2641" VPOS="2639"/>
							<String ID="STRING135" STYLEREFS="STYLE2" HEIGHT="74" WIDTH="94" HPOS="2673" VPOS="2621" CONTENT="ein" WC="0.75" LANG="deu"/>
							<SP ID="SP116" WIDTH="36" HPOS="2767" VPOS="2621"/>
							<String ID="STRING136" STYLEREFS="STYLE2" HEIGHT="78" WIDTH="220" HPOS="2803" VPOS="2619" CONTENT="Unter»" WC="0.43" LANG="deu"/>
						</TextLine>
						<TextLine ID="LINE21" HEIGHT="106" WIDTH="1696" HPOS="1325" VPOS="2715">
							<String ID="STRING137" STYLEREFS="STYLE2" HEIGHT="100" WIDTH="294" HPOS="1325" VPOS="2721" CONTENT="rerfchied" WC="0.51" LANG="deu"/>
							<SP ID="SP117" WIDTH="28" HPOS="1619" VPOS="2721"/>
							<String ID="STRING138" STYLEREFS="STYLE2" HEIGHT="94" WIDTH="290" HPOS="1647" VPOS="2719" CONTENT="zwischen" WC="0.69" LANG="deu"/>
							<SP ID="SP118" WIDTH="32" HPOS="1937" VPOS="2719"/>
							<String ID="STRING139" STYLEREFS="STYLE2" HEIGHT="92" WIDTH="236" HPOS="1969" VPOS="2721" CONTENT="beyden" WC="0.78" LANG="deu"/>
							<SP ID="SP119" WIDTH="48" HPOS="2205" VPOS="2721"/>
							<String ID="STRING140" STYLEREFS="STYLE2" HEIGHT="82" WIDTH="356" HPOS="2253" VPOS="2721" CONTENT="Slemtern?" WC="0.48" LANG="dan"/>
							<SP ID="SP120" WIDTH="50" HPOS="2609" VPOS="2721"/>
							<String ID="STRING141" STYLEREFS="STYLE2" HEIGHT="98" WIDTH="138" HPOS="2659" VPOS="2717" CONTENT="Ich" WC="0.7" LANG="deu"/>
							<SP ID="SP121" WIDTH="46" HPOS="2797" VPOS="2717"/>
							<String ID="STRING142" STYLEREFS="STYLE2" HEIGHT="96" WIDTH="178" HPOS="2843" VPOS="2715" CONTENT="frage" WC="0.81" LANG="deu"/>
						</TextLine>
						<TextLine ID="LINE22" HEIGHT="100" WIDTH="1696" HPOS="1321" VPOS="2819">
							<String ID="STRING143" STYLEREFS="STYLE2" HEIGHT="90" WIDTH="176" HPOS="1321" VPOS="2825" CONTENT="euch," WC="0.49" LANG="deu"/>
							<SP ID="SP122" WIDTH="52" HPOS="1497" VPOS="2825"/>
							<String ID="STRING144" STYLEREFS="STYLE2" HEIGHT="76" WIDTH="166" HPOS="1549" VPOS="2823" CONTENT="mein" WC="0.88" LANG="deu"/>
							<SP ID="SP123" WIDTH="40" HPOS="1715" VPOS="2823"/>
							<String ID="STRING145" STYLEREFS="STYLE2" HEIGHT="78" WIDTH="186" HPOS="1755" VPOS="2821" CONTENT="lieber" WC="1" LANG="deu"/>
							<SP ID="SP124" WIDTH="32" HPOS="1941" VPOS="2821"/>
							<String ID="STRING146" STYLEREFS="STYLE2" HEIGHT="92" WIDTH="348" HPOS="1973" VPOS="2823" CONTENT="politischer" WC="0.62" LANG="deu"/>
							<SP ID="SP125" WIDTH="38" HPOS="2321" VPOS="2823"/>
							<String ID="STRING147" STYLEREFS="STYLE2" HEIGHT="100" WIDTH="658" HPOS="2359" VPOS="2819" CONTENT="Handwerksmann!" WC="0.8" LANG="deu"/>
						</TextLine>
						<TextLine ID="LINE23" HEIGHT="100" WIDTH="1702" HPOS="1319" VPOS="2917">
							<String ID="STRING148" STYLEREFS="STYLE2" HEIGHT="82" WIDTH="176" HPOS="1319" VPOS="2925" CONTENT="Kein" WC="0.75" LANG="deu"/>
							<SP ID="SP126" WIDTH="30" HPOS="1495" VPOS="2925"/>
							<String ID="STRING149" STYLEREFS="STYLE2" HEIGHT="80" WIDTH="288" HPOS="1525" VPOS="2931" CONTENT="anderer," WC="0.82" LANG="deu"/>
							<SP ID="SP127" WIDTH="48" HPOS="1813" VPOS="2931"/>
							<String ID="STRING150" STYLEREFS="STYLE2" HEIGHT="70" WIDTH="108" HPOS="1861" VPOS="2929" CONTENT="als" WC="1" LANG="deu"/>
							<SP ID="SP128" WIDTH="30" HPOS="1969" VPOS="2929"/>
							<String ID="STRING151" STYLEREFS="STYLE2" HEIGHT="94" WIDTH="128" HPOS="1999" VPOS="2923" CONTENT="daß" WC="0.58" LANG="deu"/>
							<SP ID="SP129" WIDTH="30" HPOS="2127" VPOS="2923"/>
							<String ID="STRING152" STYLEREFS="STYLE2" HEIGHT="70" WIDTH="104" HPOS="2157" VPOS="2929" CONTENT="der" WC="0.52" LANG="deu"/>
							<SP ID="SP130" WIDTH="40" HPOS="2261" VPOS="2929"/>
							<String ID="STRING153" STYLEREFS="STYLE2" HEIGHT="76" WIDTH="128" HPOS="2301" VPOS="2925" CONTENT="eine" WC="0.85" LANG="deu"/>
							<SP ID="SP131" WIDTH="40" HPOS="2429" VPOS="2925"/>
							<String ID="STRING154" STYLEREFS="STYLE2" HEIGHT="96" WIDTH="126" HPOS="2469" VPOS="2917" CONTENT="auf" WC="0.67" LANG="deu"/>
							<SP ID="SP132" WIDTH="24" HPOS="2595" VPOS="2917"/>
							<String ID="STRING155" STYLEREFS="STYLE2" HEIGHT="96" WIDTH="242" HPOS="2619" VPOS="2917" CONTENT="Kosten" WC="0.68" LANG="deu"/>
							<SP ID="SP133" WIDTH="44" HPOS="2861" VPOS="2917"/>
							<String ID="STRING156" STYLEREFS="STYLE2" HEIGHT="70" WIDTH="116" HPOS="2905" VPOS="2929" CONTENT="des" WC="0.75" LANG="deu"/>
						</TextLine>
						<TextLine ID="LINE24" HEIGHT="96" WIDTH="1702" HPOS="1313" VPOS="3019">
							<String ID="STRING157" STYLEREFS="STYLE2" HEIGHT="92" WIDTH="276" HPOS="1313" VPOS="3023" CONTENT="Königs" WC="0.68" LANG="deu"/>
							<SP ID="SP134" WIDTH="42" HPOS="1589" VPOS="3023"/>
							<String ID="STRING158" STYLEREFS="STYLE2" HEIGHT="74" WIDTH="140" HPOS="1631" VPOS="3039" CONTENT="zum" WC="0.76" LANG="deu"/>
							<SP ID="SP135" WIDTH="46" HPOS="1771" VPOS="3039"/>
							<String ID="STRING159" STYLEREFS="STYLE2" HEIGHT="84" WIDTH="218" HPOS="1817" VPOS="3019" CONTENT="Glück" WC="0.76" LANG="deu"/>
							<SP ID="SP136" WIDTH="32" HPOS="2035" VPOS="3019"/>
							<String ID="STRING160" STYLEREFS="STYLE2" HEIGHT="90" WIDTH="308" HPOS="2067" VPOS="3023" CONTENT="erhoben," WC="0.77" LANG="deu"/>
							<SP ID="SP137" WIDTH="58" HPOS="2375" VPOS="3023"/>
							<String ID="STRING161" STYLEREFS="STYLE2" HEIGHT="68" WIDTH="106" HPOS="2433" VPOS="3031" CONTENT="der" WC="0.52" LANG="deu"/>
							<SP ID="SP138" WIDTH="42" HPOS="2539" VPOS="3031"/>
							<String ID="STRING162" STYLEREFS="STYLE2" HEIGHT="68" WIDTH="228" HPOS="2581" VPOS="3029" CONTENT="andere" WC="0.88" LANG="deu"/>
							<SP ID="SP139" WIDTH="50" HPOS="2809" VPOS="3029"/>
							<String ID="STRING163" STYLEREFS="STYLE2" HEIGHT="80" WIDTH="156" HPOS="2859" VPOS="3021" CONTENT="aber" WC="0.82" LANG="deu"/>
						</TextLine>
						<TextLine ID="LINE25" HEIGHT="106" WIDTH="1590" HPOS="1311" VPOS="3115">
							<String ID="STRING164" STYLEREFS="STYLE2" HEIGHT="94" WIDTH="122" HPOS="1311" VPOS="3127" CONTENT="sein" WC="0.99" LANG="deu"/>
							<SP ID="SP140" WIDTH="32" HPOS="1433" VPOS="3127"/>
							<String ID="STRING165" STYLEREFS="STYLE2" HEIGHT="86" WIDTH="220" HPOS="1465" VPOS="3121" CONTENT="Glück" WC="0.77" LANG="deu"/>
							<SP ID="SP141" WIDTH="28" HPOS="1685" VPOS="3121"/>
							<String ID="STRING166" STYLEREFS="STYLE2" HEIGHT="100" WIDTH="124" HPOS="1713" VPOS="3117" CONTENT="auf" WC="0.73" LANG="deu"/>
							<SP ID="SP142" WIDTH="34" HPOS="1837" VPOS="3117"/>
							<String ID="STRING167" STYLEREFS="STYLE2" HEIGHT="94" WIDTH="310" HPOS="1871" VPOS="3123" CONTENT="unsichere" WC="0.72" LANG="deu"/>
							<SP ID="SP143" WIDTH="32" HPOS="2181" VPOS="3123"/>
							<String ID="STRING168" STYLEREFS="STYLE2" HEIGHT="100" WIDTH="346" HPOS="2213" VPOS="3121" CONTENT="Hoffnung" WC="0.62" LANG="deu"/>
							<SP ID="SP144" WIDTH="42" HPOS="2559" VPOS="3121"/>
							<String ID="STRING169" STYLEREFS="STYLE2" HEIGHT="98" WIDTH="300" HPOS="2601" VPOS="3115" CONTENT="gründet." WC="0.67" LANG="deu"/>
						</TextLine>
					</TextBlock>
					<TextBlock xs:type="TextBlockType" ID="ZONE1124365" HEIGHT="288" WIDTH="1720" HPOS="1289" VPOS="3347" xlink:type="simple">
						<TextLine ID="LINE26" HEIGHT="102" WIDTH="1564" HPOS="1443" VPOS="3347">
							<String ID="STRING170" STYLEREFS="STYLE2" HEIGHT="94" WIDTH="268" HPOS="1443" VPOS="3349" CONTENT="Aufder" WC="0.56" LANG="deu"/>
							<SP ID="SP145" WIDTH="36" HPOS="1711" VPOS="3349"/>
							<String ID="STRING171" STYLEREFS="STYLE2" HEIGHT="48" WIDTH="84" HPOS="1747" VPOS="3381" CONTENT="n" WC="1" LANG="deu"/>
							<SP ID="SP146" WIDTH="18" HPOS="1831" VPOS="3381"/>
							<String ID="STRING172" STYLEREFS="STYLE2" HEIGHT="66" WIDTH="100" HPOS="1849" VPOS="3369" CONTENT="ten" WC="1" LANG="deu"/>
							<SP ID="SP147" WIDTH="24" HPOS="1949" VPOS="3369"/>
							<String ID="STRING173" STYLEREFS="STYLE2" HEIGHT="82" WIDTH="204" HPOS="1973" VPOS="3353" CONTENT="Seite" WC="0.74" LANG="deu"/>
							<SP ID="SP148" WIDTH="20" HPOS="2177" VPOS="3353"/>
							<String ID="STRING174" STYLEREFS="STYLE2" HEIGHT="96" WIDTH="248" HPOS="2197" VPOS="3353" CONTENT="scheinet" WC="0.86" LANG="deu"/>
							<SP ID="SP149" WIDTH="24" HPOS="2445" VPOS="3353"/>
							<String ID="STRING175" STYLEREFS="STYLE2" HEIGHT="84" WIDTH="120" HPOS="2469" VPOS="3359" CONTENT="es," WC="0.88" LANG="deu"/>
							<SP ID="SP150" WIDTH="44" HPOS="2589" VPOS="3359"/>
							<String ID="STRING176" STYLEREFS="STYLE2" HEIGHT="96" WIDTH="250" HPOS="2633" VPOS="3347" CONTENT="wofern" WC="0.69" LANG="deu"/>
							<SP ID="SP151" WIDTH="36" HPOS="2883" VPOS="3347"/>
							<String ID="STRING177" STYLEREFS="STYLE2" HEIGHT="94" WIDTH="88" HPOS="2919" VPOS="3351" CONTENT="ich" WC="0.52" LANG="deu"/>
						</TextLine>
						<TextLine ID="LINE27" HEIGHT="104" WIDTH="1690" HPOS="1289" VPOS="3451">
							<String ID="STRING178" STYLEREFS="STYLE2" HEIGHT="86" WIDTH="132" HPOS="1289" VPOS="3457" CONTENT="mir" WC="0.32" LANG="deu"/>
							<SP ID="SP152" WIDTH="36" HPOS="1421" VPOS="3457"/>
							<String ID="STRING179" STYLEREFS="STYLE2" HEIGHT="92" WIDTH="164" HPOS="1457" VPOS="3459" CONTENT="nicht" WC="0.82" LANG="deu"/>
							<SP ID="SP153" WIDTH="30" HPOS="1621" VPOS="3459"/>
							<String ID="STRING180" STYLEREFS="STYLE2" HEIGHT="100" WIDTH="170" HPOS="1651" VPOS="3455" CONTENT="irre," WC="0.58" LANG="deu"/>
							<SP ID="SP154" WIDTH="76" HPOS="1821" VPOS="3455"/>
							<String ID="STRING181" STYLEREFS="STYLE2" HEIGHT="76" WIDTH="108" HPOS="1897" VPOS="3463" CONTENT="als" WC="1" LANG="deu"/>
							<SP ID="SP155" WIDTH="38" HPOS="2005" VPOS="3463"/>
							<String ID="STRING182" STYLEREFS="STYLE2" HEIGHT="82" WIDTH="84" HPOS="2043" VPOS="3457" CONTENT="ob" WC="0.66" LANG="deu"/>
							<SP ID="SP156" WIDTH="34" HPOS="2127" VPOS="3457"/>
							<String ID="STRING183" STYLEREFS="STYLE2" HEIGHT="96" WIDTH="184" HPOS="2161" VPOS="3453" CONTENT="unser" WC="0.62" LANG="deu"/>
							<SP ID="SP157" WIDTH="36" HPOS="2345" VPOS="3453"/>
							<String ID="STRING184" STYLEREFS="STYLE2" HEIGHT="100" WIDTH="352" HPOS="2381" VPOS="3451" CONTENT="politischer" WC="0.62" LANG="deu"/>
							<SP ID="SP158" WIDTH="36" HPOS="2733" VPOS="3451"/>
							<String ID="STRING185" STYLEREFS="STYLE2" HEIGHT="96" WIDTH="210" HPOS="2769" VPOS="3451" CONTENT="Hand" SUBS_TYPE="HypPart1" SUBS_CONTENT="Handwerks-" WC="0.52" LANG="deu"/>
							<HYP CONTENT="-"/>
						</TextLine>
						<TextLine ID="LINE28" HEIGHT="84" WIDTH="242" HPOS="2759" VPOS="3551">
							<String ID="STRING186" STYLEREFS="STYLE2" HEIGHT="84" WIDTH="242" HPOS="2759" VPOS="3551" CONTENT="werks-" SUBS_TYPE="HypPart2" SUBS_CONTENT="Handwerks-" WC="0.63" LANG="deu"/>
						</TextLine>
					</TextBlock>
				</ComposedBlock>
			</PrintSpace>
		</Page>
	</Layout>
</alto>
