3082 4576
1851 527 50 71 A

212 694 92 94 jeg
376 691 158 96 først
606 696 118 96 har
792 695 450 97 tilkendegivet
1300 699 116 78 mit
1472 698 210 84 Svar
1754 721 132 72 paa

212 814 233 84 Deres
486 815 377 105 Fortælling
933 837 106 63 om
1095 837 186 76 noget
1323 817 270 94 af.vore
1632 820 255 85 Manu»

211 928 316 96 faccurers
569 932 308 98 Historie,
923 939 120 73 den
1087 934 92 94 jeg
1221 933 352 103 formedelst
1611 940 94 97 sin
1745 959 142 61 rare

206 1050 310 106 Indhold
558 1074 70 70 ey
674 1050 122 82 kan
839 1045 373 105 forbiegaae.
1270 1097 124 18 —

430 1195 127 84 De
616 1192 329 96 fortæller:
1020 1216 71 68 at
1134 1198 203 95 Kong
1400 1198 326 74 chriftian
1764 1207 118 64 vr.

209 1314 122 94 har
385 1318 420 90 understøttet
855 1335 150 64 vore
1061 1316 342 98 Fabriker,
1465 1340 80 74 og
1599 1327 288 79 anvendt

203 1434 291 95 anseelige
555 1434 469 95 Bekostninger
1099 1456 147 62 over
1315 1443 181 77 deres
1555 1437 301 94 Etablisse-

202 1573 214 76 ment,
478 1559 100 77 det
638 1556 274 93 tilstaaer
950 1555 134 97 jeg;
1154 1576 144 67 men
1360 1557 336 96 hvorledes
1758 1559 122 78 kan

198 1672 131 86 De
388 1673 105 92 faa
552 1678 229 82 aldeles
830 1675 159 88 have
1050 1672 297 98 forglemt
1402 1692 73 66 at
1518 1680 197 81 melde
1770 1699 109 58 om

197 1800 76 74 de
313 1793 290 95 anseelige
628 1791 354 100 Capitalen
1025 1794 130 92 som
1185 1794 206 97 Kong
1415 1796 348 74 Fridcrich
1789 1805 86 62 v.

191 1912 111 94 saa
353 1913 211 93 rigelig
625 1914 191 92 haver
875 1918 285 78 anvendt
1219 1935 129 76 paa
1393 1911 293 92 samme?
1793 1935 81 74 og

192 2030 152 96 hvis
404 2051 208 64 omme
654 2030 224 98 Hierte
922 2049 124 65 var
1100 2052 70 62 at
1226 2031 288 96 befordre
1568 2040 118 77 alle
1746 2039 128 90 sine

186 2151 521 92 Nnderfaatteres
766 2151 215 86 Gavn
1051 2174 80 72 og
1204 2148 263 104 Beste,
1564 2156 109 92 saa
1752 2159 119 96 har

183 2268 464 98 Hoystsamme
687 2292 68 69 ey
797 2271 180 96 heller
1013 2268 204 100 sparer
1259 2289 190 76 noget
1483 2274 70 82 til
1595 2290 70 67 at
1703 2275 134 92 fuld-

187 2386 217 97 bringe
435 2387 209 96 Hans
685 2388 173 89 Sal.
883 2387 133 98 Hr.
1045 2390 255 96 Faders
1329 2390 263 100 Dessin.
1695 2393 173 84 Men

184 2506 78 94 af
314 2507 172 94 hvad
542 2506 284 97 Aarfage
880 2525 70 62 at
1020 2514 196 78 denne
1256 2511 482 98 Forglemmelse
1802 2539 64 58 er

183 2626 170 100 skeet,
397 2629 152 75 veed
593 2622 128 86 De
763 2623 118 94 selv
929 2625 122 97 best
1095 2644 68 62 at
1203 2627 270 92 besvare.

405 2737 124 97 Og
591 2742 182 94 synes
831 2741 124 78 ikke
993 2748 136 74 min
1167 2742 250 101 Herre,
1479 2764 68 60 at
1599 2754 100 75 det
1741 2769 126 62 var

182 2867 178 80 værd
418 2879 70 68 at
540 2862 82 94 see
662 2884 74 60 en
776 2865 188 92 rigtig
1014 2862 384 99 Beregning
1442 2886 150 64 over
1636 2872 74 79 de
1752 2893 84 54 an-

178 2976 198 97 seelige
400 2977 631 100 Penge-Summer,
1070 2978 130 94 som
1240 2983 184 94 begge
1450 2982 414 101 Høystsalige

179 3094 270 95 Konger
487 3097 118 92 har
645 3102 168 77 ladet
855 3100 234 94 udgive
1131 3102 68 76 til
1245 3097 350 94 forberorte
1631 3102 208 99 Fabri-

179 3214 142 82 kers
357 3211 371 99 Opkomst?
809 3217 271 81 Meener
1123 3216 129 87 De
1291 3217 143 97 ikke,
1477 3236 67 62 at
1585 3226 115 73 alle
1741 3245 89 58 ree-

176 3332 196 93 delige
428 3331 336 98 Patrioter
832 3331 78 96 af
958 3331 428 103 Forundring
1444 3340 86 78 vil
1594 3338 260 101 spørge:

170 3468 131 76 paa
350 3449 241 94 hvilken
616 3452 253 87 Maade
908 3455 121 79 kan
1072 3476 157 62 man
1274 3458 313 95 gorgiøre,
1634 3479 69 62 ar
1746 3457 106 77 saa

933 3571 64 87 A
1047 3598 36 72 3
1701 3579 158 96 store
