2938 4561
1766 445 90 55 su

157 630 128 74 und
323 623 170 94 nicht
519 622 127 96 auf
669 636 120 69 den
815 625 259 100 Werth
1107 639 112 72 der
1255 632 235 99 Sache
1523 632 213 98 sehen,
1793 636 67 92 so

152 731 186 87 lange
380 725 160 97 muß
584 730 98 76 die
724 727 352 100 Fuscherey
1124 732 118 95 sich
1280 737 176 86 mehr
1504 742 130 73 und
1678 737 182 97 mehr

152 827 411 89 ausbreiten,
616 835 135 72 und
780 834 125 74 wir
942 841 259 71 werden
1228 834 445 99 nimmermehr
1716 855 143 74 zum

151 921 230 96 Zweck
423 931 366 91 gelangen;
857 928 62 94 so
957 934 186 91 lange
1183 936 96 76 die
1335 933 368 84 Bedienten
1747 945 114 73 der

149 1021 489 102 Vornehmen,
708 1033 136 74 und
886 1030 96 76 die
1022 1029 262 97 Mägde
1328 1043 110 70 der
1480 1034 378 97 Geringern

148 1141 119 61 um
314 1126 131 77 eine
486 1130 255 93 geringe
774 1125 221 85 Arbeit
1028 1133 217 92 halber
1280 1135 97 78 die
1408 1155 189 75 ganze
1630 1135 235 81 Stadt

147 1224 452 96 durchgejaget
627 1235 294 79 werden,
961 1228 106 79 bis
1097 1233 78 90 sie
1205 1235 364 95 denjenigen
1589 1234 278 104 Fuscher

148 1331 158 71 oder
341 1324 417 99 Freymeister
788 1326 428 96 aufgefunden
1247 1332 243 94 haben,
1544 1344 108 69 der
1670 1345 70 68 es
1758 1340 106 74 ein

150 1419 211 101 Paar
384 1425 339 96 Schilling
752 1426 343 100 wohlfeiler
1116 1432 249 93 macht,
1418 1441 85 72 da
1536 1434 329 92 diesedoch

149 1532 162 68 was
343 1527 98 76 die
473 1525 380 97 Herrschaft
899 1528 316 96 besparet,
1269 1554 88 56 an
1401 1533 176 96 ihren
1625 1534 208 93 Schu-

149 1621 121 94 hen
319 1635 131 68 und
507 1623 419 98 Strümpfen
983 1629 445 100 verschleissen,
1495 1632 369 99 geschweige

148 1723 106 77 die
288 1722 461 99 Versäumniß
776 1733 108 73 der
916 1726 177 98 Zeit,
1150 1734 96 74 die
1274 1752 71 74 zu
1388 1742 243 70 andern
1668 1733 161 84 Ver-

151 1822 368 97 richtungen
555 1838 412 82 angewendet
999 1839 256 71 werden
1283 1831 210 89 könre;
1553 1838 60 84 so
1669 1841 192 83 lange

147 1926 171 76 wird
347 1927 339 90 niemand,
755 1947 63 56 er
855 1928 93 90 sey
979 1929 157 92 auch
1173 1932 283 96 zehnmal
1495 1932 329 80 Amtsmei-

144 2023 154 92 fter,
352 2026 88 75 im
484 2025 286 80 Stande
820 2027 178 95 seyn,
1068 2039 118 69 den
1238 2031 338 98 gehörigen
1628 2029 227 100 Fleiß,

143 2132 316 69 entweder
489 2122 384 99 persöhnlich
915 2137 390 87 anwenden,
1361 2141 150 70 oder
1535 2131 194 96 durch
1755 2129 70 93 sei-

145 2241 75 57 ne
265 2220 179 86 Leute
491 2235 351 69 anwenden
885 2226 185 97 lassen
1119 2228 275 93 können,
1463 2232 147 78 weil
1659 2249 63 60 er
1759 2248 91 62 an

144 2327 112 71 der
290 2318 138 96 Zeit
460 2331 126 73 das
618 2329 328 87 gewinnen
984 2326 128 95 soll,
1144 2340 156 70 was
1344 2351 64 58 er
1436 2351 88 61 an
1560 2338 108 71 der
1696 2327 120 87 Be-

147 2420 270 93 zahlung
449 2426 364 89 verliehret,
865 2444 190 61 wenn
1083 2447 68 62 er
1175 2434 118 78 mit
1317 2430 532 100 denenFuschern

151 2520 275 95 gleichen
453 2519 211 103 Preiß
701 2525 211 98 halten
937 2524 127 96 soll.

621 2824 71 97 ist
733 2823 94 80 die
859 2822 220 91 wahre
1105 2827 305 96 Ursache,
1465 2831 129 97 daß
1635 2829 217 94 unsere

348 2923 288 91 werker,
694 2929 96 74 die
816 2945 120 59 vor
966 2943 166 62 etwa
1168 2954 96 48 20
1296 2928 302 97 Jahren,
1648 2939 200 72 denen

148 3023 499 83 Handwerkern
690 3029 65 74 in
784 3035 193 69 denen
1030 3025 455 100 berühmtesten
1536 3031 317 83 Städten

191 3122 456 93 ^eutschlandes
705 3135 332 85 trotzeten,
1117 3127 104 92 seit
1277 3131 190 90 dieser
1525 3128 140 100 Zeit
1725 3141 124 71 den

654 3224 22 10 '
704 3245 82 58 en.
864 3226 248 91 Dieses
1142 3229 136 95 sind
1312 3233 94 76 die
1426 3227 238 92 fatalen
1681 3230 133 82 Ka-

148 3333 101 92 xen
1110 3330 223 90 unfern
1374 3329 181 95 Fleiß
1586 3325 259 100 geftsselt
