3090 4610
1393 875 52 49 „
1495 840 188 64 wenn
1725 821 262 100 dasselbe
2049 827 192 98 durch
2287 827 446 104 Bergwerke',
2801 848 138 80 oder

1388 943 225 111 »a
1489 954 125 96 auf
1649 965 227 72 andere
1922 956 130 82 Art
2187 961 203 81 keinen
2441 986 185 61 neuen
2675 971 233 99 Grlkzu-

1394 1139 48 49 „
1494 1092 138 96 fiuß
1684 1085 110 96 hat
1812 1137 24 44 ,
1888 1090 62 88 so
1992 1095 156 94 muß
2190 1096 232 96 endlich
2454 1102 186 91 dieses
2670 1101 180 86 Volk
2872 1114 58 78 in

1401 1271 50 47 „
1501 1230 130 72 das
1661 1221 320 100 äusscrste
2015 1226 248 79 Elend
2297 1236 148 72 und
2477 1230 318 100 Armurh
2837 1262 64 74 ge-

1389 1405 51 51 „
1491 1356 247 92 ralheu.
1857 1353 109 87 Es
2011 1359 155 96 muß
2207 1360 227 96 endlich
2479 1366 93 77 ein
2613 1365 315 101 Zeitpunct

1392 1537 50 51 „
1494 1490 330 91 kommen,
1876 1493 86 77 da
1994 1492 178 93 dieser
2206 1491 314 101 schädliche
2538 1497 256 98 Handel
2808 1524 118 64 von

1393 1673 54 51 „
1502 1626 173 95 selbst
1721 1621 316 101 aushöret.
2194 1623 237 88 Wenn
2477 1636 68 72 es
2592 1629 125 84 kein
2760 1634 163 86 Geld

1391 1809 50 49 „
1497 1760 176 94 mehr
1719 1759 154 96 hat,
1925 1760 96 78 die
2061 1756 318 85 Waaren
2421 1766 102 76 der
2563 1761 356 91 Ausländer

1386 1943 50 48 „
1488 1914 72 76 zu
1610 1892 324 100 bezahlen;
2006 1894 60 92 so
2110 1893 258 94 nehmen
2412 1896 142 95 diese
2600 1897 292 85 Commer-

1390 2077 47 47 „
1488 2032 129 78 eien
1650 2044 129 63 von
1810 2025 167 97 selbst
2006 2028 91 77 ein
2128 2028 317 94 trauriges
2476 2026 197 85 Ende.
2758 2032 137 84 Sel-

1379 2209 52 48 „
1481 2174 102 66 ten
1635 2161 170 78 wird
1845 2160 96 78 ein
1989 2158 226 95 Volk,
2265 2177 180 63 wenn
2491 2170 68 71 es
2593 2183 120 60 nur
2743 2165 60 77 in
2835 2182 56 64 et-

1382 2341 50 52 „
1484 2302 152 72 was
1669 2293 145 94 klug
1843 2295 113 97 ist,
2009 2293 187 90 diesen
2225 2292 317 84 betrübten
2577 2293 337 99 Zeitpunkt

1382 2477 48 46 „
1484 2426 362 82 abwarten.
1952 2424 106 86 Es
2106 2431 198 90 wird,
2346 2433 282 86 wenn!eö
2654 2435 126 74 das
2796 2430 118 78 alb

1369 2609 50 48 „
1471 2563 316 97 gemeine
1849 2561 304 94 Elend,
2241 2583 142 55 aus
2429 2568 156 70 dem
2643 2564 266 98 grossen

1371 2741 47 48 „
1471 2694 501 100 Geldmangel
2039 2691 163 85 stark
2261 2713 71 72 zu
2395 2695 347 96 empfinden
2799 2714 79 62 an-

1368 2875 50 46 „
1474 2826 220 98 fängt,
1740 2835 120 72 alle
1892 2823 430 100 ausländische
2350 2824 308 86 Waaren
2678 2830 204 78 deri-fes-

1362 2989 53 65 »s
1467 2974 138 76 ten,
1663 2965 94 76 die
1803 2958 162 96 nicht
2012 2956 251 97 äusserst
2303 2962 396 95 nothwendig
2752 2966 147 90 sind.

1363 3139 49 46 „
1465 3088 309 99 Obgleich
1835 3090 186 90 dieses
2089 3088 274 89 Verbot
2435 3102 184 73 denen
2673 3092 226 98 annoch

1358 3269 50 48 „
1460 3223 496 96 wohlhabenden
1990 3222 218 84 Leuten
2244 3229 86 73 im
2376 3226 202 83 Lande
2622 3229 120 94 sehr
2783 3246 90 59 ent-

1355 3385 55 61 ,—,.
1462 3354 295 94 pfindlich
1790 3353 181 98 fällt,
2002 3367 133 69 und
2168 3359 147 79 viele
2364 3370 199 73 andre
2596 3357 305 98 schädliche

1351 3531 50 48 „
1451 3484 244 98 Folgen
1725 3505 118 62 vor
1873 3500 116 68 den
2025 3488 232 83 Staat
2291 3491 154 99 hat;
2489 3496 58 82 so
2583 3495 68 94 ist
2679 3501 64 68 es
2759 3486 138 98 doch

1346 3661 52 48 „
1450 3616 126 80 eine
1606 3621 284 90 traurige
1931 3618 605 105 Nothwendigkeit,
2602 3643 178 64 wenn
2806 3624 92 78 ein

1350 3793 49 50 „
1450 3744 224 102 solches
1710 3749 196 90 Volk
1934 3754 96 86 die
2046 3752 277 98 Bilanz
2356 3764 122 78 der
2498 3758 401 103 Handlung

2783 3882 120 106 auf
