3021 4662
1735 483 98 74 35

153 689 90 72 die
261 685 220 78 weder
513 677 210 96 nützen
753 679 158 92 noch
941 677 260 94 schaden
1223 671 276 110 können;
1547 699 200 62 wann
1765 679 82 96 sie

145 783 280 84 erkennet
455 779 216 102 hätten
689 801 154 58 was
863 791 70 66 es
951 779 210 96 heisse:
1193 781 174 80 Liebe
1387 787 214 76 deinen
1615 777 200 100 Näch-

145 887 124 96 sten
311 891 108 72 als
451 887 142 88 dich
629 883 210 92 selbst,
895 881 60 88 so
985 879 272 80 würben
1293 885 78 88 sie
1399 887 94 74 die
1533 887 160 88 auch
1725 905 90 56 un-

143 1003 94 60 ter
281 995 198 68 denen
531 983 310 82 Aemkern
897 981 304 76 bekannte
1253 977 208 100 Regel
1511 985 336 92 betrachtet

141 1085 252 96 haben,
447 1085 130 92 daß
613 1095 70 64 es
715 1079 188 98 besser
933 1079 128 96 sey,
1113 1081 176 100 zehen
1323 1085 272 98 ehrlich,
1641 1093 106 80 als
1765 1085 54 78 ei-

139 1207 126 60 nen
301 1183 328 100 unehrlich
663 1203 74 74 zu
771 1185 282 92 machen.

301 1379 188 90 Eben
519 1383 58 90 so
609 1377 288 100 schreibet
939 1379 96 102 ihr
1079 1385 94 78 die
1217 1381 360 96 Aufstande
1621 1403 228 78 ganzer

139 1487 268 80 Aemrer
429 1487 62 76 in
513 1495 192 68 denen
735 1481 538 100 Hanseestadten,
1321 1483 124 84 auf
1475 1481 370 102 Rechnung

137 1593 116 74 der
271 1581 670 96 Amtsverfassungen.
997 1583 174 84 Wie
1191 1583 442 96 unzulänglich
1659 1587 184 86 dieser

133 1687 298 92 Beweiß
451 1687 104 92 ist,
595 1687 72 90 ist
687 1691 254 70 daraus
961 1703 70 72 zu
1063 1685 276 92 ersehen,
1395 1685 130 96 daß
1547 1707 154 56 man
1721 1705 118 60 vor

133 1787 172 88 nicht
337 1807 120 72 gar
485 1791 218 88 langer
743 1781 138 98 Zeit
913 1787 62 74 in
995 1795 190 66 denen
1201 1783 356 98 Zeitungen
1587 1785 248 96 gelesen,

133 1887 132 94 daß
309 1889 98 76 die
469 1883 728 94 Seidenwebergesellen
1249 1909 58 56 m
1351 1885 258 80 London
1665 1907 172 58 einen

131 1989 154 78 weit
317 1985 502 92 abscheulichern
851 1969 328 110 Aufstand
1223 1989 324 92 gemacht,
1607 1993 106 70 als
1753 1987 54 92 je-

123 2093 180 72 mals
331 2107 86 56 an
451 2095 244 66 andern
719 2083 220 86 Orten
973 2077 246 104 erhöret
1247 2097 280 68 worden.
1577 2083 256 86 Wann

127 2205 158 74 nun,
321 2205 212 58 eurem
553 2183 366 94 Vorgeben
957 2185 182 88 nach,
1193 2189 62 72 in
1283 2181 342 98 Engeland
1663 2187 166 78 keine

123 2284 261 82 Act-nær
417 2287 158 94 sind,
631 2295 130 68 aus
779 2283 268 98 welchen
1063 2281 492 102 Verfassungen
1573 2283 72 100 ist
1661 2295 174 72 denn,

123 2387 196 94 dieses
369 2385 414 98 herzuleiten?

275 2579 188 90 Eben
519 2579 60 96 so
631 2579 396 84 übertrieben
1083 2583 78 96 ist
1231 2583 96 78 die
1377 2579 274 100 Angabe
1701 2581 128 98 auf

123 2693 114 74 der
295 2703 192 74 l?ten
535 2681 244 96 Seite,
845 2685 130 92 daß
1027 2687 94 74 die
1171 2683 260 92 daselbst
1479 2693 338 86 gemeldete

119 2787 498 96 Vergehungen
655 2787 200 78 wider
901 2789 92 72 die
1037 2781 404 98 Gebräuche,
1499 2795 114 68 den
1629 2783 162 86 Ver-

121 2889 218 92 dienst,
395 2899 134 66 und
559 2887 96 78 die
679 2879 548 102 Zeitversäumniß
1259 2905 224 76 ganzer
1501 2887 314 84 Wochen

121 2987 428 96 wegnehmen.
717 2983 148 86 Die
925 2985 282 82 Gesellen
1271 2995 238 68 meines
1571 2991 212 88 Hand-

123 3089 244 92 werks,
421 3091 94 76 die
559 3085 160 94 auch
767 3089 172 74 einen
979 3081 180 100 Theil
1209 3087 184 86 dieser
1423 3087 388 94 Gebrauche

125 3189 418 90 beobachten,
595 3195 256 72 werden
881 3207 118 54 vor
1031 3187 376 94 dergleichen
1437 3189 224 90 Fehler
1685 3193 92 72 nie-

121 3297 180 70 mals
345 3285 218 94 höher,
627 3297 106 68 als
763 3289 118 74 mir
931 3285 402 82 Bedenkuna
1379 3295 108 70 der
1531 3287 244 80 Armen-

125 3387 248 98 büchse,
429 3387 226 96 belegt,
711 3395 132 74 und
879 3381 158 100 auch
1075 3407 140 76 zum
1249 3381 208 104 öftern
1487 3407 156 78 ganz
1671 3403 132 68 und

119 3511 122 78 gar
281 3487 344 102 übersehen.

911 3583 66 90 C
1029 3613 44 54 2
1593 3587 212 102 Doch

867 3769 6 6 '
993 3735 82 91 #
