3246 4662
1396 453 99 68 66

1405 668 94 95 che
1515 685 70 74 zu
1605 663 244 90 lehren,
1917 660 60 88 so
2005 658 200 94 klaget
2237 661 154 84 doch
2423 665 106 72 der
2551 663 128 92 Hr.
2699 660 348 101 Eonferentz-

1405 771 148 84 rath
1601 761 304 94 Suhm,
1959 760 126 92 daß
2113 760 96 76 die
2237 755 432 94 Vornehmen
2699 764 92 74 die
2807 762 268 97 dänische

1407 859 355 98 Schriften
1791 858 163 94 nicht
1983 858 169 90 lesen.
2259 855 183 84 Eben
2477 859 57 88 so
2569 858 233 94 müssen
2829 866 93 74 die
2951 866 103 88 Fa-

1414 963 258 88 bricken,
1694 967 134 70 und
1858 962 96 74 die
1972 958 246 92 Künste
2236 967 132 68 und
2386 957 442 96 Handwerker
2848 960 232 96 klagen,

1412 1063 132 92 Daß
1590 1061 162 86 nicht
1792 1059 170 95 ihre,
2018 1060 260 86 sondern
2324 1055 236 96 fremde
2596 1057 316 83 W-'.aren
2960 1085 120 56 von

1412 1162 444 91 Vornehmen
1918 1168 132 70 und
2104 1160 298 94 geringen
2470 1157 326 98 beständig
2860 1160 222 96 gesucht

1416 1275 275 66 werden.

1571 1361 120 96 Ist
1721 1373 70 68 es
1833 1360 156 92 nicht
2037 1368 214 70 etwas
2297 1357 490 96 abscheuliches,
2841 1362 116 74 wie
2995 1362 88 93 ihr

1423 1473 130 70 aus
1601 1473 142 68 dem
1785 1461 180 95 Hrn.
2007 1460 320 95 Lurchen
2359 1459 332 96 anführet,
2745 1460 128 92 daß
2903 1462 152 92 einge-

1423 1567 288 76 bundene
1753 1560 270 88 Bücher
2057 1582 126 56 von
2213 1558 280 89 fremden
2527 1559 216 82 Orten
2793 1558 268 96 eingefüh-

1425 1685 93 58 rec
1549 1673 253 68 werden
1821 1669 31 65 ?
1907 1670 85 70 da
2023 1662 153 90 doch
2203 1661 95 76 die
2325 1659 627 92 Buchbinderarbeil
2971 1660 117 98 hier

1426 1761 348 98 wohlfeiler
1808 1764 68 90 ist
1908 1770 104 70 als
2038 1766 66 74 in
2138 1758 264 86 Berlin.

1574 1863 286 98 Freylich
1892 1864 72 90 ist
1992 1872 68 68 es
2094 1880 72 76 zu
2198 1861 330 94 beklagen,
2574 1860 130 94 daß
2738 1868 108 70 der
2876 1860 192 91 Magi-

1430 1965 158 92 strat
1620 1965 64 76 in
1714 1965 228 77 kleinen
1962 1960 334 95 Städten,
2326 1963 94 76 die
2454 1957 396 99 benöthigten
2866 1962 202 94 Hand-

1430 2063 239 80 werker
1698 2065 63 76 in
1790 2073 195 67 denen
2018 2060 351 98 Zeitungen
2410 2081 73 74 zu
2524 2061 115 94 sich
2682 2062 195 76 locken
2926 2061 173 92 muß,

1431 2163 158 80 aber
1621 2183 260 60 warum
1919 2164 112 92 hat
2061 2184 154 56 man
2251 2169 160 70 denn
2445 2161 164 88 nicht
2641 2162 92 76 die
2763 2160 308 92 Lediggan-

1429 2283 134 74 ger,
1591 2283 126 58 von
1747 2275 194 66 denen
1977 2272 92 80 es,
2105 2264 122 76 wie
2265 2261 100 92 ihr
2405 2259 182 94 saget,
2625 2263 64 75 in
2717 2264 106 72 der
2839 2260 240 92 Haupt-

1429 2365 170 88 stadt
1625 2365 310 83 wrimlet,
1989 2374 146 66 oder
2171 2359 156 96 auch
2363 2359 370 94 diejenigen,
2791 2360 96 76 die
2919 2379 186 72 ange«

1429 2461 201 94 suchet
1657 2463 203 94 haben
1887 2462 505 96 Freymeisterzu
2417 2475 277 73 werden,
2741 2458 337 93 dorihinge-

1430 2561 244 94 schickt,
1720 2575 164 68 denn
1916 2572 72 68 es
2012 2580 146 60 war
2188 2561 154 86 doch
2378 2557 174 96 wohl
2580 2561 224 75 immer
2826 2560 282 93 einerley,

1434 2661 82 82 ob
1548 2667 76 92 sie
1650 2663 128 92 hier
1814 2672 148 68 oder
1998 2670 144 68 dort
2170 2655 330 96 unzünftig
2526 2668 290 69 wurden.

1586 2763 152 84 Die
1798 2763 318 93 Jungens
2174 2757 228 92 welche
2460 2777 128 58 von
2642 2766 192 68 denen
2888 2754 222 81 kleinen

1434 2859 365 84 Städrlein
1832 2864 155 86 nach
2032 2857 445 97 Kopenhagen
2530 2857 325 93 kommen,
2908 2878 110 58 um
3052 2859 61 78 in

1435 2963 348 82 Verbund
1827 2982 70 74 zu
1939 2964 250 92 stehen,
2271 2961 138 92 sind
2447 2959 128 88 sehr
2623 2956 284 92 seltsam,
2983 2965 132 68 und

1437 3083 190 62 wenn
1671 3065 64 88 ja
1779 3064 220 96 welche
2035 3062 326 91 kommen,
2417 3059 60 90 so
2509 3059 132 90 sind
2673 3060 76 90 sie
2775 3054 150 98 doch
2953 3058 166 89 nicht

1437 3163 314 96 Schläge
1793 3174 132 68 und
1969 3160 260 100 Prügel
2281 3157 364 94 ausgesehk,
2711 3154 262 92 sondern
3023 3158 72 75 be-

1437 3265 296 76 kommen
1781 3264 226 91 halben
2049 3259 481 93 Gesellenlohn:
2583 3264 132 70 und
2767 3264 154 70 was
2961 3254 130 91 scha-

1442 3373 104 66 bet
1578 3375 68 64 es
1680 3371 184 85 denn,
1910 3384 202 58 wann
2146 3362 78 92 sie
2254 3357 126 92 auf
2404 3357 148 88 diese
2578 3355 228 83 Weise
2838 3356 114 94 bey
2984 3354 116 80 bra-

1438 3475 122 70 ven
1576 3463 308 98 Meistern
1904 3466 148 94 noch
2074 3464 94 80 ein
2186 3460 188 101 Jahr
2390 3457 222 102 stehen,
2634 3460 148 80 weil
2798 3458 78 98 sie
2894 3476 126 62 von
3034 3455 58 90 ih-

3020 3571 104 66 ren
