3021 4662
327 732 197 80 Unter
563 741 107 72 der
701 734 287 98 gewissen
1023 736 123 83 An
1197 738 381 96 berlinischer
1623 738 242 99 Hand,

174 834 444 93 werksarbeit,
648 845 184 69 deren
866 858 156 56 man
1058 839 116 94 sich
1206 843 62 74 in
1302 839 242 99 Paris,
1578 838 286 97 London,

172 934 416 92 Amsterdam
618 943 132 70 und
784 936 446 97 Kopenhagen
1282 959 70 72 zu
1392 940 328 80 Modellen
1768 943 120 76 be*.

172 1040 241 86 dienet,
470 1047 240 66 werdet
754 1034 98 90 ihr
892 1038 154 94 ohne
1096 1035 266 100 Zweifel
1406 1042 96 74 die
1548 1038 319 91 Kutschen

171 1132 340 102 verstehen-
617 1133 210 91 Diese
871 1150 254 65 werden
1169 1157 128 58 von
1341 1147 194 69 denen
1567 1141 302 114 teutfchen

171 1232 466 84 Amtsfattlern
675 1232 398 99 verfertiget,,
1127 1237 264 89 nemlich
1443 1248 144 68 dem
1641 1236 230 97 königl.

173 1328 366 100 Hofsattler
567 1331 268 82 Simon
869 1336 229 91 senior,
1149 1335 268 82 Simon
1457 1336 237 93 junior,
1733 1351 136 66 und

172 1444 248 64 andern
460 1431 304 94 mehrern.
890 1432 128 84 Ein
1062 1435 320 96 herrlicher
1428 1436 278 95 Beweist
1750 1455 122 60 vor

172 1534 172 86 mir,
398 1541 130 68 aus
562 1553 178 56 eurer
770 1534 244 92 eigenen
1044 1532 294 93 Schrift,
1394 1536 130 94 daß
1554 1538 94 76 die
1690 1539 156 76 berli-

174 1630 200 92 nische
432 1630 632 95 Handwerksarbeit
1122 1655 106 72 zur
1270 1635 602 86 Vollkommenheit

171 1730 302 96 gebracht
509 1739 298 83 worden,
865 1736 112 88 bey
1017 1744 192 67 denen
1243 1735 380 95 »ehmlichen
1643 1734 200 83 Amts-

171 1826 484 99 verfassungen,
711 1832 136 94 die,
897 1854 178 58 eurer
1123 1833 348 95 Meynung
1525 1836 202 91 nach,
1803 1837 68 76 in

171 1928 462 84 Dannemark
673 1931 164 93 nicht
871 1934 182 78 allein
1087 1941 104 70 der
1219 1933 342 95 Emsigkeit
1587 1941 134 70 und
1749 1947 122 64 den

170 2028 190 96 Fleiß
400 2027 300 92 schädlich
734 2029 180 95 seyn,
972 2032 266 98 sondern
1266 2036 158 96 auch
1452 2036 98 82 die
1582 2031 262 88 Völker-

170 2128 430 109 vermehrmH
630 2131 288 96 hindern.

319 2425 358 98 Schämen
719 2428 218 98 müsset
987 2432 98 92 ihr
1117 2433 186 92 euch,
1357 2453 192 65 wenn
1575 2434 100 100 ihr
1717 2435 146 94 euch

173 2542 186 64 unter
419 2533 96 74 die
581 2525 330 93 dänischen
953 2532 352 94 Patrioten
1353 2534 214 94 zählen
1615 2543 252 86 wollet,

172 2638 138 66 und
382 2627 278 86 dennoch
734 2647 128 59 von
934 2652 186 56 euren
1181 2631 453 83 Landesleuten
1684 2637 190 90 solche

170 2724 404 96 partheysche
620 2723 434 97 Vorurtheile
1106 2733 190 94 heget.
1430 2734 220 96 Höret
1696 2737 176 76 einen

168 2824 564 95 unpartheyischen
778 2826 230 80 Mann
1056 2853 130 56 von
1234 2845 194 65 denen
1474 2833 374 94 Bemühun-

169 2946 120 74 gen
336 2925 443 94 Friederichö
823 2938 82 66 V.
939 2933 336 90 urtheiien,
1331 2951 202 61 wann
1579 2954 62 58 er
1668 2935 201 94 saget,

169 3022 300 96 nachdem
511 3045 64 58 er
619 3027 230 83 vorher
877 3030 96 76 die
1005 3030 452 98 Ausbreitung
1491 3042 106 70 der
1633 3032 212 99 Hand-

173 3126 156 90 lung
379 3131 134 72 und
569 3133 110 70 der
721 3123 590 99 Wissenschaften,
1387 3136 92 74 die
1533 3131 312 98 Verbesse-

172 3240 168 74 rung
381 3232 105 69 der
525 3223 251 102 Künste
824 3240 134 70 und
1013 3236 113 77 des
1175 3231 403 86 Ackerbaues
1633 3229 239 102 lebhaft

172 3308 388 114 geschildert:

987 3632 100 91 D
1145 3659 38 76 3
1653 3635 220 102 „Die
