3044 4519
1831 490 49 75 7

409 680 262 87 Videre
727 676 298 96 fortæller
1081 673 166 97 De,
1321 687 70 64 at
1441 688 58 64 et
1557 668 318 98 Magazin

192 800 136 81 blev
368 817 286 79 oprettet,
696 820 80 73 og
818 805 102 72 det
956 794 140 80 blev
1134 792 250 96 opfyldt
1418 798 140 74 med
1588 789 286 93 Vahre;

191 924 110 76 der
341 923 140 83 lage
519 919 262 82 Klædet
825 917 106 90 saa
977 920 218 89 længe,
1233 932 70 62 at
1343 919 100 74 det
1487 912 136 78 blev
1669 916 210 86 opædt

192 1037 80 98 af
301 1039 213 94 Orm,
568 1061 80 73 og
694 1044 136 74 blev
873 1037 157 91 solgt
1075 1029 99 96 for
1221 1034 151 92 halv
1407 1031 247 85 Værd.

408 1182 161 85 Det
609 1203 64 60 er
714 1180 209 94 sandt,
963 1180 66 76 vi
1072 1177 121 94 har
1236 1176 157 94 havt
1439 1192 56 62 er
1532 1162 355 107 Magazin,

195 1318 147 59 men
412 1320 156 60 mon
629 1299 237 93 samme
931 1316 71 68 ey
1071 1291 101 96 for
1237 1292 215 98 Hans
1511 1290 373 92 Majestæts

198 1420 205 96 Cassa
444 1422 121 98 har
606 1436 195 64 været
846 1436 193 61 meere
1080 1419 69 76 til
1184 1412 245 84 Skade
1468 1416 119 74 end
1624 1408 261 99 Profit,

195 1542 23 76 i
259 1539 369 98 Henseende
681 1556 71 64 ar
793 1535 327 93 Vahrene
1181 1541 109 73 der
1345 1533 139 78 blev
1529 1533 249 90 opædet
1815 1513 81 102 af

196 1656 243 85 Orm?
488 1660 205 92 Dog,
730 1676 159 61 man
922 1656 123 80 kan
1080 1653 63 94 jo
1184 1658 79 76 let
1298 1648 269 97 begribe,
1602 1665 71 62 at
1714 1647 169 93 hvor

195 1800 76 58 en
319 1779 312 94 Mængde
681 1772 79 96 af
799 1773 108 94 saa
955 1795 232 76 mange
1227 1771 252 96 Vahre
1519 1765 361 96 befandtes,

194 1904 336 90 manglede
592 1899 182 86 heller
836 1897 120 78 ikke
1020 1917 76 59 en
1150 1895 316 90 Mængde
1520 1884 76 97 af
1644 1885 238 85 Orme.

195 2016 172 83 Men
411 2020 128 91 mig
581 2037 62 60 er
683 2022 102 76 det
827 2017 120 78 ikke
983 2016 196 93 bevist
1259 2064 22 42 ,
1325 2029 72 61 at
1443 2008 144 96 disse
1629 2005 256 95 Vahre

192 2142 382 93 nogensinde
598 2157 64 60 er
692 2141 238 74 vorden
970 2136 154 95 solgt
1164 2131 102 93 for
1298 2138 100 73 det
1426 2131 186 93 halve
1628 2129 258 92 Værd;

201 2260 94 97 thi
332 2263 21 78 i
391 2266 100 74 det
531 2259 266 93 mindste
840 2257 121 79 ikke
1000 2260 73 75 de
1112 2251 277 97 Vahre,
1428 2251 131 91 som
1605 2271 62 58 er
1710 2249 175 89 sendt

195 2384 75 79 kil
309 2381 291 96 Norge,
655 2376 243 97 derfore
937 2376 199 97 solgt,
1180 2396 144 60 men
1371 2375 309 94 temmelig
1723 2373 161 95 høyt

198 2506 215 79 betalt.

415 2642 95 84 At
533 2641 403 97 Magasinet,
973 2642 163 93 siger
1155 2637 153 97 De,
1345 2639 89 78 vil
1469 2658 91 56 nu
1601 2655 71 72 ey
1713 2636 175 90 giøre

204 2783 197 60 meere
440 2760 237 98 Oplag
718 2758 135 94 som
894 2755 249 101 forhen,
1186 2780 65 56 er
1292 2754 265 101 gandsse
1598 2754 293 92 troeligt;

199 2892 105 73 det
345 2890 207 77 nødes
595 2888 101 76 vel
735 2883 225 93 dertil,
1021 2882 175 93 siden
1247 2884 141 76 dets
1433 2877 195 97 Fond
1671 2893 65 60 er
1775 2876 87 75 ud-

202 3016 285 65 tømmet.

415 3117 514 83 Kiøbmændene
997 3112 124 95 stal
1185 3110 140 96 give
1389 3103 502 104 Fabrikanterne

204 3235 98 68 dis
330 3237 234 78 Conto,
604 3233 110 94 saa
764 3236 238 77 betaler
1034 3228 404 96 Magasinet,
1480 3228 102 76 det
1620 3241 64 60 er
1724 3240 68 70 ey
1824 3233 70 64 at

203 3355 168 86 laste.
475 3354 146 99 Her
659 3354 212 94 findes
917 3351 454 92 Kiøbmænd,
1413 3345 132 92 som
1591 3363 92 62 ere
1725 3338 138 100 suffi-

204 3480 158 82 cient
402 3477 222 94 dertil,
670 3476 22 78 i
731 3472 171 101 Fald
946 3478 100 74 det
1089 3469 121 97 skal
1251 3465 293 101 forholde
1585 3466 139 95 sig,
1757 3458 135 96 som

970 3592 155 93 A4
1764 3580 131 84 De
