3232 4572
1407 455 94 70 4L

1398 653 120 92 sich
1580 649 340 93 bequemen
1982 637 444 102 Profeßiones
2482 660 64 74 zu
2592 652 296 87 erlernen,
2952 657 110 77 der

1394 751 244 82 Varer
1688 748 172 74 eines
1904 742 232 93 solchen
2168 739 256 91 würde,
2478 764 180 58 wenn
2692 767 58 56 er
2778 747 280 96 Lehrgeld

1396 869 125 62 vor
1536 847 133 84 ihm
1690 844 325 92 bezahkte,
2042 853 117 64 mit
2174 839 189 82 seinen
2384 840 381 95 Lehrmeister
2780 851 155 76 einen
2956 853 79 86 sol-

1401 949 148 86 chen
1593 945 318 83 Eontract
1965 939 288 96 schlossen
2303 938 282 96 können,
2651 945 122 92 daß
2815 967 54 58 er
2907 951 154 91 nicht

1407 1051 192 76 allein
1625 1046 274 76 niemals
1933 1042 414 95 Gelegenheit
2377 1042 202 92 haben
2623 1041 214 84 würde
2881 1047 184 88 seinen

1405 1145 226 94 Sohn
1663 1166 186 76 ganze
1883 1144 184 93 Tage
2103 1141 123 90 auf
2249 1153 106 68 der
2395 1142 246 98 Gassen
2683 1147 277 90 streichen
2999 1167 69 74 zu

1404 1247 232 93 sehen,
1714 1244 260 92 sondern
2036 1243 150 90 seine
2232 1243 260 93 Lehrzeit
2540 1246 156 93 auch
2740 1245 324 96 verkürzen.

1400 1349 246 92 Schon
1680 1348 158 92 jetzt,
1870 1358 82 66 da
1982 1347 300 74 niemand
2312 1345 288 93 Lehrgeld
2620 1346 254 93 bezahlt,
2904 1349 132 78 wür-

1400 1459 74 74 de
1522 1447 128 84 kern
1694 1448 270 94 Meister
2010 1445 194 88 seinen
2248 1445 274 96 Jungen
2568 1466 106 76 zur
2714 1447 348 98 Pflichrkerl

1392 1559 137 74 und
1572 1547 639 103 Handlangerarbeit
2262 1548 365 92 brauchen,
2712 1567 183 58 wenn
2948 1549 117 80 wir

1393 1653 172 94 hier,
1619 1652 122 80 wie
1769 1654 62 72 in
1855 1646 262 100 Paris,
2167 1652 226 89 allezeit
2413 1646 222 84 Arbeit
2659 1668 248 73 genung
2933 1647 102 90 hät-

1391 1771 102 64 ten
1541 1752 212 88 unsere
1809 1750 318 96 Jungens
2187 1768 182 58 unter
2429 1746 284 96 Händen
2755 1769 70 74 zu
2865 1751 198 94 geben,

1397 1863 134 74 und
1573 1855 115 93 bey
1729 1848 351 93 Eröfnung
2131 1849 168 78 eines
2345 1848 331 94 Fensters,
2729 1847 202 84 Kerls
2971 1869 66 72 ge-

1398 1977 178 72 nung
1608 1974 128 56 von
1772 1962 108 68 der
1920 1945 276 102 Strasse
2234 1949 222 96 herbey
2490 1948 178 84 rufen
2698 1947 242 94 kömen,
2980 1949 86 77 die

1394 2073 122 62 vor
1572 2054 200 94 etliche
1824 2050 332 93 Schilling
2208 2047 398 91 wöchentlich
2662 2049 210 82 unsere
2936 2047 108 84 Be-

1394 2150 298 96 dürfnisse
1724 2152 226 94 herbey
1982 2145 298 96 schaffen,
2328 2158 132 66 und
2492 2146 206 90 unsere
2720 2149 352 90 verfertigte

1394 2255 269 85 Arbeit,
1716 2272 87 56 an
1834 2252 127 86 ihre
1994 2247 259 86 Stelle,
2308 2246 453 92 transportiren
2792 2253 277 74 wollten.

1389 2353 134 84 Ein
1553 2351 220 95 solcher
1805 2350 198 87 Kerl,
2061 2359 140 72 der,
2255 2365 198 61 wann
2481 2368 64 56 er
2575 2348 124 92 jetzt
2729 2349 116 74 mit
2887 2349 184 75 vieler

1391 2451 220 92 Mühe
1661 2448 358 96 aufgesucht
2057 2453 204 84 wird,
2323 2446 324 92 verrichtet
2697 2457 130 66 uns
2867 2445 202 77 keinen

1389 2553 221 94 Gang
1639 2570 186 62 unter
1859 2574 90 64 4/
2007 2561 38 68 8
2079 2569 40 52 a
2163 2571 84 50 12
2283 2547 373 93 Schilling,
2711 2545 159 96 auch
2899 2546 170 88 wohl

1390 2657 218 88 mehr,
1662 2650 158 88 nach
1852 2643 516 98 Beschaffenheit
2396 2654 106 68 der
2530 2646 256 91 Sache.
2854 2645 180 80 Man-

1394 2753 138 90 cher
1556 2753 268 91 Meister
1856 2750 112 92 hat
1986 2747 328 78 bisweilen
2332 2746 162 92 nicht
2512 2770 38 48 2
2566 2745 336 92 Schilling
2920 2747 122 76 Haa-

1392 2865 108 66 res
1534 2853 184 80 Geld
1746 2854 86 74 im
1864 2845 248 97 Hause,
2142 2849 134 76 will
2306 2866 64 58 er
2396 2844 126 92 also
2548 2852 92 72 die
2662 2846 218 77 Arbeit
2910 2847 160 83 nicht

1386 2953 173 94 selbst
1600 2955 217 87 holen,
1874 2960 147 66 oder
2062 2965 403 76 wegrragen,
2520 2944 59 94 so
2632 2943 153 96 muß
2810 2963 67 60 er
2892 2941 175 99 wohl

1389 3053 200 98 seinen
1619 3050 280 100 Jungen
1929 3060 160 85 dazu
2127 3047 332 91 brauchen.

1529 3251 186 85 Das
1743 3252 192 94 liegen
1965 3243 124 94 auf
2105 3255 108 68 der
2247 3243 248 93 Treppe
2535 3242 154 93 muß
2731 3243 174 90 wohl
2935 3261 122 60 nur

1378 3353 118 92 bey
1530 3352 234 90 solchen
1788 3347 466 94 nicodemischen
2272 3345 306 85 Meistern
2608 3348 84 73 im
2716 3343 350 91 Gebrauch

1378 3455 138 96 seyn
1534 3459 106 76 als
1662 3452 98 100 ihr
1778 3450 162 98 seyd,
1964 3453 224 92 welche
2210 3447 94 82 die
2332 3442 224 96 Nacht
2576 3462 140 78 zum
2742 3443 182 98 Tage
2940 3455 126 64 und
