3024 4533
1757 476 38 48 2
1805 476 42 68 3

172 676 70 64 at
280 662 184 92 nogle
506 655 250 94 tusinde
798 646 372 96 Mennesker
1212 647 196 90 skulde
1454 643 158 81 blive
1654 644 160 82 brod-

174 778 160 98 løse,
396 784 86 74 da
524 775 274 84 Brødet
860 790 82 74 og
986 765 538 101 Føde-Vahrene
1566 786 62 60 er
1666 772 158 74 desu-

176 902 119 76 den
332 898 21 76 i
388 902 199 74 denne
616 899 153 88 dyre
792 887 131 89 Tid
951 886 306 94 vanskelig
1285 885 120 78 nok
1429 901 72 62 at
1531 888 320 94 erhverve!

175 1012 82 84 O
315 1014 148 86 net)!
545 1011 140 96 Jeg
745 1009 122 78 kan
927 1004 120 78 ikke
1103 998 284 97 forestille
1427 1003 168 93 mig,
1657 1018 70 62 at
1783 1008 72 76 de

173 1128 458 98 indsigtsfulde
659 1151 78 72 og
775 1124 414 92 høybydende
1211 1119 202 94 Øyne
1459 1121 196 91 ffulde
1701 1122 160 78 blive

178 1252 350 94 formørket
580 1247 78 90 af
712 1247 102 94 faa
874 1242 284 94 uheldige
1200 1259 84 74 og
1330 1239 212 80 mørke
1587 1238 273 94 Skyer:

182 1376 186 78 bedre
426 1391 122 61 var
608 1375 138 86 det,
814 1382 68 60 at
940 1382 156 60 man
1154 1363 208 94 aldrig
1424 1361 206 90 havde
1672 1362 190 81 tænkt

180 1512 134 70 paa
370 1514 72 58 at
494 1487 330 94 indbringe
862 1484 282 92 Konster
1200 1501 80 74 og
1324 1479 448 97 Videnskaber
1816 1486 16 76 i-

179 1612 232 80 blandt
463 1621 124 84 os,
645 1607 130 92 som
837 1608 118 94 har
1019 1604 186 94 kostet
1263 1601 424 99 Regieringen
1751 1606 108 90 saa

181 1734 162 90 store
385 1728 382 93 Summer,
815 1730 116 72 end
977 1722 130 92 som
1153 1744 88 55 nu
1287 1739 66 60 at
1393 1725 174 92 giøre
1609 1732 140 70 dem
1791 1728 70 76 til

177 1862 155 70 intet
387 1872 79 74 og
529 1851 182 92 tillige
755 1842 329 94 brødløse,
1141 1861 81 74 og
1265 1845 140 90 give
1447 1849 72 74 de
1565 1846 183 94 Unge
1791 1846 79 95 af

172 1966 282 84 Landets
492 1961 214 86 Børn
750 1961 366 93 Anledning
1158 1975 70 62 at
1268 1953 370 98 forglemme
1682 1966 176 90 hvad

174 2092 78 72 de
300 2086 118 94 har
462 2086 158 89 lært,
664 2085 136 74 eller
844 2082 206 74 nodes
1098 2078 72 76 til
1210 2091 70 64 at
1324 2081 276 91 undvige
1628 2078 232 88 Landet

176 2202 103 96 for
346 2220 71 62 at
476 2202 305 91 soutinere
848 2202 91 92 sig
1014 2194 79 100 af
1152 2202 183 75 deres
1394 2195 465 102 Professioner

181 2324 226 78 blandt
451 2328 74 73 de
565 2317 392 100 Fremmede.

399 2438 340 87 Derimod
809 2438 166 76 vilde
1035 2438 102 76 det
1197 2453 168 60 være
1435 2434 278 96 glædelig
1777 2456 80 73 og

177 2554 357 96 fornøyelig
575 2567 73 62 at
689 2553 203 79 kunde
933 2552 87 90 see
1039 2550 425 98 Fabrikernes
1491 2555 245 91 Debit,
1779 2574 81 75 og

182 2692 72 62 at
294 2691 232 74 mange
566 2669 310 95 Tusinde,
920 2668 132 92 som
1096 2671 370 92 virksomme
1492 2673 366 92 Machiner,

178 2804 74 64 at
304 2788 276 93 arbeyde
640 2791 140 74 med
824 2786 360 94 Machiner.
1338 2785 134 96 Thi
1512 2789 184 93 ingen
1744 2790 122 76 kan

180 2908 389 94 imvdstride,
604 2923 71 62 at
716 2909 109 76 der
862 2910 119 74 ved
1008 2904 295 95 Arbeyde
1338 2927 189 58 maae
1564 2904 301 94 fortienes

181 3042 210 78 noget,
411 3046 106 57 om
543 3033 100 72 det
669 3047 62 58 er
759 3024 122 79 nok
907 3024 106 90 faa
1039 3026 186 95 lidet;
1255 3047 140 58 men
1415 3025 450 95 Ørkesloshed

185 3164 80 70 og
281 3142 246 94 Ladhed
559 3141 172 96 fører
769 3142 262 84 aitOnt
1067 3152 142 73 med
1247 3147 114 94 sig,
1389 3165 80 76 og
1493 3145 370 93 Mennesker

189 3266 315 88 geraades
547 3267 225 76 derved
815 3280 71 60 at
933 3262 237 96 begaae
1209 3283 233 74 mange
1483 3263 241 95 Laster,
1787 3284 79 75 og

185 3373 325 95 faa-danne
548 3377 118 82 bør
706 3401 68 76 ey
814 3386 206 74 males
1060 3384 20 74 i
1114 3404 76 58 en
1218 3383 416 83 vel-indrettet
1658 3380 208 84 Stat.

910 3544 177 96 B4

1648 3548 216 84 Slut-
