2991 4615
135 665 153 101 nicht
333 672 121 77 den
495 668 239 79 vierten
777 663 189 101 Theil
1013 666 61 89 so
1111 669 415 97 beschwerlich
1583 668 235 100 fallen,

134 777 102 73 als
280 788 118 61 vor
448 795 96 48 20
590 767 286 95 Jahren.
980 766 234 87 Dann
1254 774 96 76 die
1386 773 228 93 jungen
1644 779 148 76 Mei-

129 873 114 92 ster
275 872 242 76 meines
544 866 237 87 Amts,
833 876 258 72 werden
1123 876 168 84 nicht
1319 877 116 74 mit
1455 873 368 98 Wahrheit

129 969 187 95 sagen
349 967 281 93 können,
681 967 127 94 daß
843 988 117 58 vor
999 971 183 84 ihnen
1213 980 109 70 der
1351 973 355 94 Verdienst
1743 979 49 74 ei-

132 1071 178 95 niger
336 1066 316 92 Wochen
686 1070 64 75 in
786 1071 174 73 einen
988 1066 182 97 Tage
1202 1074 114 88 bey
1336 1073 172 96 ihren
1528 1076 264 95 Meister-

131 1180 300 83 werden,
503 1170 306 90 verzehret
855 1178 300 83 worden,
1223 1174 124 77 viel
1393 1178 274 92 weniger
1715 1189 110 71 der

131 1267 566 98 Verdienstvieler
721 1267 239 96 Jahre,
993 1271 122 76 wie
1137 1291 141 57 eure
1295 1270 531 108 Beschuldigung

136 1367 284 99 schreyet.
504 1367 214 86 Nein,
774 1368 148 90 diese
956 1368 410 98 Ordnungen
1398 1373 294 90 schrecken
1712 1383 88 76 kei-

138 1489 75 58 ne
248 1469 351 96 tauglichen
630 1466 287 82 Arbeiter
946 1470 125 91 ab,
1128 1469 263 94 sondern
1436 1495 123 59 nur
1604 1476 227 100 solche,

137 1569 128 80 wie
305 1570 90 89 ich
447 1569 172 90 schon
667 1586 194 74 zuvor
907 1568 394 92 beschrieben.
1433 1573 206 82 Allein
1687 1601 144 67 euer

138 1682 234 81 ganzes
422 1667 314 95 Geschrey
772 1667 172 97 gehet
988 1690 120 57 nur
1158 1669 250 92 darauf
1444 1695 168 75 aus,
1678 1701 152 76 gurr

138 1767 419 98 Ordnungen
588 1766 155 83 über
776 1779 115 70 den
930 1767 271 99 Haufen
1234 1792 69 74 zu
1330 1773 255 103 werfen.

293 1966 255 87 Wann
580 1986 142 61 eure
755 1965 407 95 beschriebene
1193 1970 453 100 Theekramer,
1691 1979 117 96 Hö-

140 2071 125 77 cker
294 2090 75 58 re.
402 2093 71 56 rc.
510 2069 185 93 solche
726 2067 325 98 schädliche
1068 2072 299 97 Insekten
1400 2077 131 88 sind
1568 2084 57 70 in
1646 2088 199 74 denen

139 2171 348 88 Stadien,
545 2170 62 84 so
655 2168 164 94 sollet
861 2170 96 92 ihr
997 2174 354 95 projectiret
1401 2179 250 93 haben,
1705 2181 132 97 daß

141 2271 97 76 die
271 2268 59 88 so
371 2271 95 76 ein
501 2267 387 93 Handwerk
915 2278 305 86 gelernet,
1279 2294 71 72 zu
1387 2277 171 90 ihren
1587 2280 213 93 Hand-

142 2370 284 76 werkern
456 2371 490 92 hervvrgezogen
980 2381 280 83 werden,
1314 2385 136 70 und
1488 2378 155 94 nach
1672 2379 133 87 Lan-

142 2466 365 94 desgefeizen
567 2478 196 69 denen
817 2467 306 82 Aemrern
1175 2476 474 96 incorporirer,
1735 2485 104 75 die

145 2567 155 77 aber
339 2586 149 57 vom
517 2565 515 93 Bauernstände
1065 2571 457 94 herstammen,
1553 2576 121 91 auf
1695 2587 147 73 dem

146 2665 214 80 Lande
418 2665 308 97 geschicket
768 2676 292 83 werden,
1114 2689 116 60 um
1274 2676 98 75 die
1416 2680 196 74 vielen
1652 2700 162 73 unge-

152 2767 273 76 baueten
468 2763 225 94 Felder
742 2785 69 74 zu
860 2770 325 88 bebauen,
1247 2780 146 69 oder
1441 2776 158 94 auch
1652 2778 193 91 solche

149 2859 476 98 Fruchrgärten
673 2875 307 86 anlegen,
1069 2871 121 77 wie
1243 2874 93 75 die
1381 2869 465 106 franzößischen

150 2962 404 99 Flüchtlinge
590 2968 68 76 in
690 2964 248 85 Berlin
970 2969 230 96 gethan
1228 2972 224 94 haben.

277 3164 180 85 .Die
489 3163 116 95 bey
637 3162 508 98 Meisterstücken
1171 3169 420 95 vorgesallene
1621 3172 206 99 Chkca-

154 3283 120 75 ne,
333 3264 111 94 hat
476 3269 258 97 Argus
770 3268 176 88 wohl
976 3286 118 61 vor
1130 3270 380 96 20Jahren
1538 3274 318 98 erfahren,

154 3371 165 73 denn
352 3364 101 93 feit
492 3373 107 69 der
642 3364 469 99 Verordnung
1152 3391 129 57 von
1328 3372 119 81 Ao.
1490 3382 183 82 17;6
1722 3379 137 94 sind

2618 164 45 80 1
