3103 4556
1373 637 175 88 Ved
1589 652 71 64 at
1683 632 311 94 forandre
2033 640 209 93 gamle
2261 632 483 108 Indretninger,
2789 652 119 74 ved

1144 736 158 102 Flid
1348 759 82 74 og
1470 741 122 75 ved
1638 732 582 97 Vindffibelighed
2268 736 118 94 har
2428 737 96 98 jeg
2564 737 190 92 tiforn
2792 746 118 92 seet

1148 841 322 90 umuelige
1512 833 180 95 Ting
1736 850 72 62 at
1854 835 164 80 blive
2058 836 266 96 muelige
2366 838 20 78 i
2430 841 116 76 mit
2586 839 320 100 Fædrene«

1152 941 177 75 land.
1436 929 121 88 Vi
1616 932 165 90 have
1820 934 21 78 i
1882 939 151 90 lang
2078 933 155 89 Bid
2278 936 161 98 havt
2482 935 425 94 Eyendomme

1155 1036 26 78 i
1221 1029 332 96 Amerika,
1595 1052 148 60 men
1785 1034 66 79 vi
1897 1035 162 98 have
2099 1033 112 94 faa
2245 1052 114 82 got
2383 1034 132 95 som
2547 1037 182 96 ingen
2747 1040 172 98 Nyt«

1157 1152 60 62 te
1259 1134 164 95 havt
1461 1131 82 96 af
1573 1138 184 90 dem,
1801 1130 232 96 førend
2073 1135 506 93 Monopolierne
2621 1139 170 79 bleve
2816 1138 84 97 af-

1151 1226 436 102 ikafede,kog
1505 1253 83 77 og
1639 1232 243 102 Frihed
1933 1235 139 82 blev
2117 1232 267 100 indført.
2543 1235 119 88 Vi
2709 1240 157 98 have
2903 1242 21 78 i

1158 1336 158 91 lang
1364 1327 134 92 Tid
1563 1331 327 98 forsaaet
1928 1341 120 76 den
2092 1333 222 99 Konst
2370 1350 74 67 at
2498 1337 272 92 rafinere
2828 1344 100 76 det

1168 1450 128 60 raa
1332 1429 304 99 Sukker,
1676 1452 148 62 men
1868 1439 102 76 det
2016 1435 122 94 har
2178 1440 126 88 dog
2348 1451 196 66 været
2584 1457 74 60 en
2696 1439 230 83 Umue*

1160 1530 211 97 lighed
1420 1545 71 66 at
1534 1525 333 103 forhindre
1910 1531 325 88 Sukkers
2276 1532 349 100 Indførsel
2668 1557 80 77 og
2802 1536 99 100 hol-

1309 1627 202 118 Priis
1575 1636 144 76 med
1793 1630 382 97 Lybekkerne
2239 1656 82 74 og
2383 1634 546 101 Hamborgerne,

1163 1725 192 84 indtil
1417 1729 138 100 Hr.
1617 1728 260 86 Baron
1947 1729 544 98 Schimmelman
2559 1737 218 96 giorde
2835 1742 96 76 det

1165 1831 289 92 mueligt.
1615 1826 191 96 Efter
1865 1833 197 98 Argi
2105 1833 315 100 Meemng
2481 1835 205 98 ffulde
2739 1842 193 78 denne

1164 1926 420 98 Nedsættelse
1616 1934 24 76 i
1664 1928 240 102 Prisen
1948 1939 140 74 eller
2114 1936 626 98 Underscelgning
2762 1952 170 66 reent

1164 2026 174 98 have
1378 2035 262 91 ødelagt
1682 2030 586 97 Rafinadeurerne.
2394 2034 404 98 Erfarenhed
2840 2036 64 80 vi-

1168 2124 93 96 ser
1303 2135 146 92 det,
1506 2129 135 94 som
1685 2152 66 60 er
1791 2135 362 81 tvertimod.
2308 2134 175 90 Den
2535 2141 140 76 lette
2730 2134 199 100 Priis

1161 2226 148 82 blev
1332 2229 191 98 srax
1567 2232 396 99 almindelig,
2005 2255 82 76 og
2131 2240 180 80 deres
2349 2236 204 88 Antal
2593 2235 122 94 har
2757 2238 176 94 siden

1167 2332 128 77 den
1361 2325 140 94 Tid
1565 2332 124 80 ikke
1759 2330 408 101 formindsket
2229 2356 148 62 men
2443 2333 300 98 formeret
2811 2336 116 96 sig.

1164 2424 246 88 Siden
1442 2444 186 81 1738
1676 2432 126 100 har
1844 2439 110 78 der
1998 2452 190 66 været
2236 2454 56 64 et
2316 2431 612 102 Addresse-Contoir

1162 2528 26 78 i
1242 2524 502 106 Kiøbenhavn;
1822 2552 148 63 men
2032 2539 106 79 det
2190 2556 124 62 var
2378 2535 420 99 umuettgr,
2862 2550 72 64 at

1408 2629 239 103 Anlæg
1720 2634 207 85 kunde
2002 2635 247 83 komme
2308 2634 133 98 fort
2504 2637 147 98 her,
2732 2634 133 94 som
2912 2636 23 78 i

1451 2733 164 83 store
1652 2730 359 101 Staden-
2087 2739 188 81 indtil
2335 2742 104 79 det
2509 2747 188 80 1758
2787 2734 140 82 blev

1517 2877 18 44 1
1601 2838 90 76 da
1759 2840 106 77 det
1931 2841 236 93 nemlig
2229 2838 146 80 kom
2435 2839 22 78 i
2517 2855 76 60 en
2653 2831 278 87 Mands

1817 2956 65 57 r.
1929 2937 255 98 Agenr
2233 2936 321 94 Holkes,
2613 2937 111 78 der
2765 2934 129 96 hav-

1830 3037 74 80 til
1950 3051 72 66 at
2060 3038 338 80 overvinde
2422 3039 76 76 de
2536 3029 396 99 Vanskelig«

1378 3185 26 44 ,
1464 3141 112 73 der
1626 3142 198 78 møde
1860 3141 120 76 alle
2022 3130 480 104 Begyndelser,
2560 3131 370 99 Vittighed

1160 3228 75 82 ril
1276 3251 73 64 at
1396 3233 307 97 opfinde,
1758 3232 283 102 Indsigt
2084 3254 81 76 og
2210 3234 331 100 Forstand
2582 3235 73 80 til
2696 3250 75 64 at
2810 3238 89 78 ud-

1157 3332 190 97 vide,
1415 3327 312 96 forandre
1781 3354 80 79 og
1915 3313 286 114 fuldføre
2243 3338 120 78 den
2407 3330 236 103 Plan,
2703 3338 110 78 der
2855 3350 74 76 ey

1159 3436 202 75 allene
1425 3435 124 94 har
1601 3438 174 90 giort
1833 3438 162 79 dette
2053 3431 234 99 Anlæg
2361 3430 114 96 fan
2539 3437 214 95 nyttig
2819 3432 104 94 for

1635 3532 275 101 Landet,
1971 3551 147 64 men
2171 3540 211 94 endog
2445 3531 209 104 ffaffet
2695 3552 235 78 mange

2730 3636 200 84 Men-
