3114 4528
1232 681 170 100 price
1444 690 74 68 at
1556 672 194 98 skrive
1804 675 76 78 til
1920 674 190 80 deres
2154 669 434 102 Undergang,
2630 691 128 68 troe
2800 684 138 98 mig

1234 807 87 80 de
1382 788 315 98 Skrifter
1746 791 145 80 ville
1960 788 169 82 blive
2184 804 191 81 noget
2436 794 193 95 læste,
2682 817 89 59 nu
2846 806 91 74 da

1237 911 344 100 Laugenes
1625 908 254 101 Tvang
1919 916 182 78 lærer
2157 927 72 64 at
2269 915 196 91 lægge
2509 912 94 95 sig
2641 934 176 79 noget
2853 920 86 98 eft

1238 1053 98 66 rer
1389 1037 103 97 sin
1555 1030 251 99 Metie,
1872 1051 148 61 men
2062 1051 170 60 naar
2272 1049 160 61 man
2475 1028 205 83 kunde
2719 1035 221 96 handle

1238 1153 160 98 efter
1464 1150 302 100 Behag,
1824 1153 170 81 vilde
2052 1169 200 78 neppe
2312 1155 126 75 den
2502 1152 446 96 nødvendigste

1237 1278 310 105 Praxis,
1587 1276 254 81 mindre
1877 1271 348 96 Læsning,
2269 1273 178 96 giøre
2483 1290 156 63 vore
2671 1271 246 102 Profes-

1243 1401 286 102 sionister
1587 1401 256 96 oplyste.
1951 1394 146 102 Fra
2151 1415 156 78 pag.
2371 1422 82 46 n
2517 1398 74 79 til
2651 1420 82 71 13
2793 1404 154 76 taler

1238 1525 138 88 De
1414 1544 76 61 en
1526 1520 252 102 Hoben
1820 1539 110 64 om
1974 1534 154 67 vort
2150 1515 222 100 Tegne
2412 1516 368 100 Academie,
2820 1518 132 88 De

1234 1645 197 98 siger)
1496 1658 159 66 vore
1742 1659 175 78 unge
1994 1636 511 98 Lære-Drenge
2574 1633 377 98 forsommer

1233 1769 112 80 det
1387 1781 86 77 og
1515 1760 192 95 tillige
1725 1781 20 56 :
1793 1753 174 86 Der
2005 1776 80 56 er
2117 1753 232 102 ingen
2381 1758 246 74 anden
2656 1743 292 114 Aarsag

1233 1885 241 80 dertil
1521 1886 143 76 end
1717 1879 407 97 Laugenes
2177 1874 491 101 Forfatning.
2789 1878 161 84 Mm

1236 2009 262 102 Herre!
1552 2002 212 104 Hvor
1818 2002 214 97 gratis
2104 1999 178 96 giver
2354 1998 132 88 De
2554 1999 124 80 ikke
2750 2003 204 77 denne

1234 2128 501 101 Beskyldning,
1790 2142 173 63 naar
2020 2120 99 99 jeg
2180 2125 91 78 vil
2326 2128 125 74 tale
2502 2125 145 76 med
2684 2117 203 87 Dem
2924 2116 25 86 i

1241 2257 130 78 den
1411 2243 458 101 allerhøfligste
1909 2238 232 97 Tone,
2183 2237 124 82 kan
2349 2238 100 98 jeg
2491 2260 72 75 ey
2605 2239 124 98 sige
2751 2244 198 78 andet

1234 2373 126 80 end
1415 2373 107 77 det
1544 2452 8 6 .
1574 2384 66 62 er
1692 2383 80 60 en
1832 2360 366 83 aabenbare
2239 2357 369 99 Usandhed.
2707 2355 211 99 Hvor-

1236 2495 150 78 med
1430 2490 162 96 godt
1630 2487 148 94 giør
1832 2481 134 87 De
2026 2486 122 80 den
2202 2477 504 99 Beskyldning?
2778 2474 172 100 Ikke

1239 2617 152 78 med
1431 2626 60 64 et
1531 2610 196 95 eneste
1767 2603 276 86 Beviis.
2169 2603 124 78 De
2345 2600 366 96 mynstrer
2746 2597 169 79 Lær-

1233 2735 352 101 lingerne
1615 2750 152 78 pag.
1793 2753 86 50 12
1913 2746 105 80 og
2051 2724 242 100 finder
2321 2738 88 62 at
2431 2742 83 74 ey
2535 2741 86 58 en
2645 2719 306 81 iblandt

1232 2861 222 96 Tyve
1486 2856 148 78 kan
1664 2860 88 71 de
1781 2850 221 95 første
2032 2844 518 103 Begyndelses
2588 2837 360 84 Grunde.

1234 2981 147 100 Jeg
1420 2977 373 97 forbigaaer
1830 2989 73 66 at
1942 2978 203 76 denne
2186 2967 381 98 Mynstring
2608 2983 67 60 er
2716 2963 165 96 ffeed
2920 2960 27 80 i

1233 3101 248 88 Deres
1521 3096 306 97 Contoir,
1873 3114 82 74 og
2005 3096 122 76 ved
2165 3083 512 99 Ommynstring
2713 3085 92 77 vil
2845 3082 100 80 be«

1231 3217 223 98 findes
1491 3218 285 94 urigtig,
1831 3231 149 59 men
2013 3210 101 96 jeg
2159 3209 89 78 vil
2289 3207 145 94 give
2469 3200 207 87 Dem
2717 3201 145 83 Ret
2895 3202 49 98 i,

1224 3357 78 64 at
1358 3345 112 76 der
1518 3338 220 96 findes
1790 3352 236 76 mange
2080 3329 336 96 uduelige,
2462 3345 150 59 men
2656 3325 282 80 kommer

1222 3464 111 81 det
1368 3455 83 104 af
1476 3456 331 104 Laugenes
1834 3448 425 106 Forfatning,
2298 3470 161 62 mon
2484 3465 185 68 enten
2691 3442 218 100 Langs

2805 3568 134 90 Ar-

692 4127 201 123 r'
