3224 4615
1343 469 102 74 50
1797 469 120 66 g*
2267 463 314 72 —gg

1331 665 282 98 Jungen
1649 657 164 96 hält,
1869 661 146 72 dem
2039 655 272 80 Staate
2335 657 150 76 eben
2519 657 58 90 so
2609 659 236 96 nützlich
2867 663 162 100 seyn,

1335 773 114 72 als
1481 775 190 68 deren
1705 759 208 82 einer,
1947 767 110 62 der
2095 761 42 64 6
2177 753 286 92 Gesellen
2495 767 130 70 und
2655 785 38 66 4
2729 761 302 96 Jungens

1335 863 164 92 hält.
1569 859 136 94 Ich
1737 855 122 76 kan
1893 853 148 94 euch
2077 855 386 94 versichern,
2521 859 124 90 daß
2673 865 360 90 wenigstens

1339 967 120 84 bey
1493 961 274 76 meinem
1797 953 252 80 Melier
2081 955 116 94 sich
2229 961 254 88 doppelt
2509 957 58 88 so
2585 965 152 70 viele
2755 961 276 98 Meister,

1349 1073 132 66 Nur
1529 1061 68 74 in
1641 1053 452 94 Kopenhagen
2149 1057 228 92 allein,
2443 1055 304 92 ernähren
2791 1057 250 98 kömen,

1345 1179 210 60 wann
1585 1159 80 92 sie
1699 1173 124 58 nur
1855 1155 330 92 dasjenige
2219 1161 162 72 alles
2407 1175 72 74 zu
2523 1159 254 92 machen
2811 1157 228 96 hätten,

1343 1269 160 68 was
1535 1259 66 76 in
1633 1263 110 70 der
1767 1253 234 82 Stadt
2031 1253 376 94 consumirst
2443 1259 190 76 wird.
2689 1257 172 82 Aber
2887 1257 154 94 nicht

1345 1361 188 76 allein
1567 1351 312 100 ernähren
1915 1357 126 78 wir
2071 1359 150 74 viele
2259 1351 326 100 Familien
2619 1369 256 68 anderer
2915 1361 104 80 Or-

1345 1473 142 70 len,
1541 1455 266 90 sondern
1847 1455 158 94 auch
2051 1455 148 76 viele
2249 1457 66 76 in
2367 1463 108 70 der
2519 1457 236 80 Stadt
2799 1469 236 68 werden

1345 1555 130 96 auf
1495 1555 338 96 königliche
1863 1555 308 92 Unkosten
2209 1553 336 96 ernähret,
2595 1559 242 76 dieuns
2857 1555 154 84 Bür-

1347 1677 158 76 gern
1563 1667 130 70 das
1739 1655 238 84 Brvdt
2011 1673 120 60 vor
2163 1665 142 68 dem
2337 1657 264 80 Munde
2633 1657 408 96 wegnehmen.

1349 1757 174 92 Ach!
1595 1759 120 76 wie
1759 1753 296 96 glücklich
2111 1761 212 72 wollte
2391 1757 90 90 ich
2543 1757 160 94 mich
2763 1755 280 94 schätzen,

1347 1877 208 60 wann
1597 1855 90 94 ich
1727 1875 124 58 nur
1887 1851 330 98 beständig
2253 1875 122 56 vor
2405 1861 176 72 einen
2621 1855 282 90 Gesellen
2921 1867 124 70 und

1349 1959 176 78 einen
1555 1959 284 96 Jungen
1867 1955 230 82 Arbeit
2133 1975 254 76 genung
2423 1957 202 94 haben
2657 1953 196 82 könte.

1505 2157 152 86 Die
1707 2157 248 92 Menge
1991 2159 110 72 der
2147 2151 452 102 franzößischen
2631 2155 416 96 Flüchtlinge,

1351 2261 230 84 welche
1619 2267 108 68 der
1763 2253 226 98 König
2019 2277 132 54 von
2179 2253 318 98 Preussen
2529 2259 114 74 mit
2669 2255 228 98 offenen
2921 2259 92 78 Ar-

1351 2381 148 58 men
1531 2359 64 76 in
1625 2357 200 88 seinen
1857 2355 256 80 Landen
2145 2351 356 98 aufnahm,
2557 2357 70 94 ist
2661 2361 92 74 ein
2799 2359 248 92 gleicher

1359 2457 310 94 Beweiß.
1775 2455 178 80 Aber
1993 2457 116 76 mit
2137 2475 146 58 euer
2313 2451 406 100 Erlaubniß,
2783 2457 96 90 ihr
2915 2457 134 92 seyd

1357 2561 68 76 in
1485 2569 110 68 der
1651 2555 290 98 Historie
2005 2553 250 98 schlecht
2309 2557 406 88 bewandert,
2785 2567 70 66 es
2907 2575 140 60 war

1355 2657 510 96 Friederich!.,
1901 2665 134 68 und
2057 2655 166 92 nicht
2255 2663 108 70 der
2393 2657 212 92 vorige
2635 2653 260 96 König,
2949 2665 98 70 der

1359 2763 84 90 sie
1477 2757 348 92 aufnahm.
1931 2755 252 90 Dieses
2211 2777 224 58 waren
2473 2755 214 90 Leute,
2715 2759 92 74 die
2821 2775 108 58 um
2945 2765 104 70 des

1347 2853 668 100 GewissensWillen,
2035 2853 498 92 ihrVaterland
2547 2853 330 100 verließen,
2897 2857 152 86 nicht

1349 2961 156 76 aber
1569 2977 116 60 um
1729 2955 436 94 Verdienstes
2237 2957 214 78 willen
2521 2953 238 90 fremde
2819 2953 230 82 Länder

1351 3059 270 92 suchten.
1713 3055 210 90 Diese
1947 3055 298 92 brachten
2263 3057 94 78 die
2377 3055 392 92 preußischen
2798 3054 225 95 Mana-

1350 3155 294 94 facturen
1699 3157 90 76 im
1843 3155 198 96 Flor,
2095 3157 80 88 sie
2223 3157 274 76 belebten
2545 3161 94 72 die
2685 3155 368 94 Handlung

1351 3269 142 68 und
1509 3261 96 74 die
1621 3253 274 96 Künste,
1921 3257 74 92 sie
2013 3255 348 92 pflanzeien
2381 3253 242 82 Wein-
2639 3267 136 66 und
2795 3255 234 96 Frucht-

1347 3355 266 96 gärten,
1701 3367 138 66 und
1865 3353 448 96 verschaffecen
2351 3373 152 58 neue
2535 3353 500 98 Nahrungsmit-

1349 3463 84 78 tel
1465 3465 136 72 und
1637 3473 156 66 neue
1829 3451 598 102 Nahrungswege,
2483 3455 168 94 nicht
2681 3457 186 82 allein
2885 3453 174 86 Ber-
