3081 4610
1809 489 106 88 33

202 690 90 78 da
346 681 250 98 duelige
632 678 386 102 Fremmede
1072 679 250 81 komme
1380 677 256 98 herind,
1696 672 104 100 for
1838 693 76 68 at

198 810 149 98 søge
402 807 129 98 hos
579 816 82 72 os
718 812 123 76 den
891 817 132 86 nys
1064 807 319 97 begyndte
1422 801 309 104 Fordeel,
1774 799 137 98 som

201 934 130 98 hos
377 940 148 73 dem
563 931 124 94 selv
733 950 64 62 er
837 934 286 93 gammel
1165 950 80 76 og
1293 927 168 98 ulige
1505 931 236 95 større,
1781 923 102 98 for-

200 1058 68 80 di
312 1078 84 65 en
432 1073 156 62 rum
617 1049 133 90 Tid
796 1052 122 98 har
962 1050 302 96 bestyrker
1304 1053 178 76 den?
1538 1046 190 98 Efter
1758 1048 130 87 De-

198 1192 114 70 res
356 1201 154 76 egne
550 1177 424 94 Sætninger,
1020 1175 164 100 have
1226 1172 66 94 jo
1338 1179 164 90 gode
1546 1170 370 97 Arbeydere

201 1304 194 98 størst
435 1301 322 100 Fordeel,
813 1298 166 89 hvor
1029 1295 244 99 Frihed
1329 1315 106 76 er,
1495 1297 178 90 hvad
1728 1297 185 95 skulle

197 1430 90 76 da
339 1424 254 93 bevæge
633 1422 160 94 gode
819 1414 391 100 Arbeydere,
1239 1432 72 63 at
1351 1411 248 98 forlade
1645 1420 72 76 de
1743 1416 142 99 For-

200 1546 174 90 dele,
430 1537 134 94 som
628 1534 124 98 hos
810 1538 142 75 dem
1008 1529 118 96 selv
1170 1550 94 60 ere
1306 1533 456 97 almindelige,
1828 1555 86 76 og

196 1670 127 74 ved
368 1670 77 75 de
488 1665 163 88 store
692 1656 359 100 Exporter,
1096 1660 180 76 deres
1318 1677 149 74 egne
1512 1655 211 81 Lande
1758 1656 149 101 har,

195 1784 128 94 fikf
325 1806 102 75 ve,
479 1779 106 98 for
631 1778 124 90 hos
803 1788 80 69 os
929 1795 70 62 ar
1039 1773 142 97 søge
1221 1778 74 78 de
1333 1773 314 98 Fordele,
1707 1776 134 94 som
1883 1785 24 78 i

195 1909 441 101 Førstningen
681 1904 143 78 ville
871 1901 165 80 blive
1059 1903 137 77 blot
1235 1903 295 96 muelige,
1585 1926 79 74 og
1691 1909 217 96 aldrig

196 2029 490 97 tilforladelige,
754 2022 232 96 førend
1044 2022 66 76 vi
1170 2020 206 83 kunde
1440 2023 264 81 debitere
1752 2046 154 65 vort

192 2152 303 97 Arbeyde
544 2168 135 77 paa
732 2142 345 98 fremmede
1136 2140 303 84 Seer-der
1598 2146 307 89 Videre:

199 2278 112 84 En
369 2281 128 92 god
541 2270 336 98 Arbeyder
917 2291 64 58 er
1037 2272 208 92 aldrig
1289 2268 276 99 forlegen
1611 2274 20 78 i
1675 2270 226 86 Eders

197 2400 119 98 frie
355 2396 303 94 Stater;
731 2396 175 96 hvad
962 2388 182 99 skule
1201 2396 85 74 da
1331 2391 249 97 bevæge
1623 2392 157 98 ham
1828 2415 76 66 at

196 2524 252 98 forlade
504 2521 82 96 sit
642 2534 132 78 eget
812 2518 176 81 Land
1042 2536 82 74 og
1190 2516 126 92 sine
1374 2515 190 94 sikkre
1600 2516 304 111 Fordele,

192 2642 107 98 for
341 2660 72 63 at
455 2639 286 95 ombytte
785 2639 142 78 med
969 2642 196 71 vores
1206 2630 213 92 smaae
1481 2655 78 73 og
1605 2636 298 98 usikkre?

191 2766 202 96 Ney,
445 2763 138 76 min
643 2756 258 100 Herre!
971 2759 72 76 de
1095 2756 160 92 gode
1307 2750 366 99 Arbeydere
1731 2756 176 95 bleve

194 2892 126 80 nok
372 2887 268 100 hiemme
658 2934 24 44 ,
748 2902 80 74 og
874 2883 184 88 dem,
1102 2878 66 76 vi
1207 2876 127 97 fik,
1391 2877 173 80 bleve
1620 2882 122 80 nok
1784 2891 118 98 de,

192 3012 134 94 som
366 3014 156 75 intet
578 3013 196 85 duer,
840 3010 144 71 dem
1026 2999 126 80 kan
1192 3002 64 76 vi
1300 3001 196 96 gierre
1540 3010 365 105 undvære;

193 3136 96 96 thi
327 3140 76 76 de
439 3133 164 78 vilde
647 3134 126 90 dog
817 3128 126 84 hos
989 3133 80 68 os
1115 3122 164 80 blive
1321 3121 434 103 Scaaddere,
1817 3155 84 78 og

195 3254 396 84 Sraaddere
637 3256 120 98 har
801 3254 66 77 vi
909 3247 140 80 nok.
1189 3242 134 88 De
1363 3245 176 98 klage
1583 3270 92 58 nu
1717 3273 183 80 over,

192 3402 150 76 pag.
384 3399 116 68 24.
538 3393 68 64 ar
640 3396 164 60 mere
838 3379 120 76 end
1000 3377 122 74 den
1167 3369 140 90 3die
1214 3370 94 78 die
1330 3365 190 88 Deel
1554 3368 80 96 af
1652 3368 216 84 Sven-

194 3522 185 76 nene,
420 3521 83 74 og
544 3507 119 80 den
710 3510 105 74 6te
850 3498 187 89 Deel
1076 3486 451 107 af'Mesterne,
1568 3518 95 62 ere
1690 3494 226 101 frem-.

1767 3635 130 62 me-
