3078 4477
1278 414 107 92 16
1900 397 465 118 "dKF*

1275 630 108 80 det
1431 619 354 100 borgerlige
1827 612 368 98 Sælftabs
2233 612 418 101 Lyksalighed,
2693 641 78 78 og
2815 623 142 85 Mil-

1276 746 136 82 lion
1444 759 178 79 gang
1665 735 189 82 bedre
1894 754 66 60 er
2006 740 106 73 det
2152 747 72 66 at
2266 735 264 93 tvinges
2570 742 66 74 til
2664 739 88 94 sin
2776 739 174 102 Fuld-

1274 865 456 94 kommenhed,
1778 862 122 76 end
1948 860 212 76 under
2204 861 120 74 den
2362 854 306 81 indbildte
2704 861 276 98 Friheds

1276 985 411 103 Lyksalighed
1732 999 75 64 at
1846 982 79 78 ile
1968 982 73 80 til
2082 981 99 94 sin
2220 976 249 97 Ulykke.
2578 978 129 87 De
2746 983 237 90 forlade

1279 1118 182 90 mig,
1523 1109 142 78 min
1705 1103 250 100 Herre!
2009 1118 74 66 at
2137 1123 100 74 jeg
2279 1096 216 88 anker
2533 1098 200 87 Dm
2775 1101 96 90 for
2911 1126 72 60 en

1275 1234 115 94 flet
1425 1227 281 99 Jurist,
1769 1227 89 75 da
1907 1218 131 90 De
2093 1237 205 80 ymer
2355 1214 111 90 saa
2515 1216 295 94 forkeerte
2847 1221 113 85 Be-

1280 1352 188 102 grebe
1510 1369 110 60 om
1666 1367 76 58 en
1782 1344 200 96 lovlig
2026 1362 82 77 og
2152 1337 216 99 rienlig
2412 1336 274 101 Tvang.
2724 1383 100 12 —
2890 1343 100 85 Er

1276 1500 97 58 nu
1418 1480 90 74 da
1548 1467 251 96 Tvang
1840 1466 215 96 nyttig
2100 1465 22 80 i
2166 1481 76 62 en
2288 1463 128 98 heel
2454 1462 235 95 Star,
2728 1461 134 90 som
2896 1463 64 77 in-

1273 1598 306 98 deholder
1637 1606 238 80 mange
1943 1582 436 101 Sælskaber,
2451 1606 166 60 mon
2671 1591 88 76 da
2815 1605 68 74 ey
2937 1600 56 66 et

1278 1726 190 90 hvert
1523 1715 196 82 enkelt
1759 1710 318 98 Sælftab
2137 1709 326 97 behøver,
2527 1710 72 94 ja
2641 1707 318 96 uomgiæn-

1280 1846 166 96 gelig
1486 1838 242 82 kræver
1770 1855 76 60 en
1892 1832 168 98 Lov,
2102 1849 78 64 en
2214 1826 316 105 Forftrift
2576 1836 144 75 eller
2746 1827 242 97 Tvang

1276 1970 138 94 (thi
1460 1968 66 78 al
1564 1959 130 84 Lov
1740 1981 64 60 er
1846 1976 76 62 en
1966 1956 292 95 Tvang)
2324 1953 138 93 som
2520 1950 126 84 kan
2700 1949 292 98 befordre

1270 2096 171 78 dens
1488 2078 605 105 Fuldkommenhed
2156 2097 83 78 og
2299 2073 280 97 afvende
2618 2080 167 77 dens
2828 2077 139 80 Uor-

1271 2216 146 76 den.
1545 2205 262 84 Denne
1849 2200 292 96 soleklare
2183 2198 358 96 Sandhed
2601 2219 66 60 er
2721 2195 130 88 De
2891 2200 104 78 vel

1271 2348 207 78 neppe
1515 2326 243 93 bizarre
1797 2322 125 80 nok
1963 2322 107 96 for
2111 2337 73 66 ar
2217 2322 351 98 imodsige;
2611 2340 149 61 men
2797 2319 167 98 hvor-

1272 2450 144 98 fore
1466 2443 306 101 prædiker
1814 2442 132 86 De
1988 2448 90 78 da
2130 2436 114 98 faa
2284 2456 206 80 meget
2530 2442 180 79 imod
2754 2437 208 97 Lauge-

1274 2586 153 74 nets
1456 2571 321 96 Artikler,
1818 2566 139 98 som
1998 2566 67 100 jo
2108 2587 73 78 ey
2230 2585 99 64 ere
2366 2570 199 78 andet
2602 2569 123 76 end
2764 2563 225 81 enkelte

1273 2694 344 108 Partikler
1673 2687 82 104 af
1801 2697 126 77 den
1983 2693 406 96 almindelige
2445 2688 352 98 borgerlige
2835 2689 150 86 Lov.

1271 2822 138 88 De
1461 2816 160 95 viser
1665 2821 146 80 dem
1855 2836 76 62 en
1969 2816 132 98 stor
2143 2809 246 104 Elftere
2431 2808 80 100 af
2545 2814 298 91 Uorden,
2903 2832 84 76 og

1274 2972 78 60 en
1396 2946 274 102 Hadere
1712 2939 84 98 af
1830 2948 66 76 al
1928 2939 354 96 Disciplin.
2386 2936 66 98 I
2496 2936 208 98 Følge
2740 2935 246 86 Deres

1274 3066 522 95 Tankesæming,
1858 3062 184 94 ftulle
2084 3081 158 58 man
2284 3055 176 96 snart
2516 3054 176 98 falde
2732 3075 136 78 paa
2912 3062 74 78 de

1274 3188 305 93 Tanker,
1625 3201 72 64 at
1739 3187 66 76 al
1848 3182 339 94 Disciplin
2237 3201 124 60 var
2401 3180 398 100 ufornøden,
2841 3187 116 75 alle-

1267 3326 78 58 ne
1405 3304 172 96 fordi
1635 3311 120 76 den
1807 3302 322 96 medfører
2185 3325 74 58 en
2301 3306 376 95 nødvendig
2723 3301 264 105 Tvang.

1269 3429 137 87 Nu
1461 3430 93 79 vil
1607 3427 99 96 jeg
1767 3425 175 100 følge
1995 3424 209 89 Dem
2261 3427 73 84 ril
2391 3426 453 102 Jsenboderne
2903 3452 83 74 og

2832 3567 152 66 vore
