3235 4662
1343 500 100 76 Zs

264 2221 88 111 11

1501 683 185 99 Daß
1701 686 99 76 die
1813 669 685 102 Amtsverfassungen,
2539 680 155 91 nach
2709 687 101 78 der
2825 687 157 85 Ver-

1327 789 331 102 fertigung
1689 793 119 71 des
1832 774 476 96 Meisterstücks
2325 788 189 67 denen
2533 781 323 98 Meistern,
2887 794 127 74 eine

1336 889 251 102 gewisse
1626 889 127 75 Art
1782 893 111 66 der
1922 879 313 94 Klugheit
2266 879 327 93 beylegen,
2632 884 67 85 ist
2728 886 121 77 eine
2876 893 109 87 glei-

1337 999 105 85 che
1487 982 401 97 Unwarheit.
1997 981 143 94 Ihr
2185 978 155 92 sehet
2387 990 133 67 aus
2545 989 161 80 dem,
2754 996 144 65 was
2927 989 84 91 ich

1341 1093 237 82 vorher
1611 1084 245 97 gesagt,
1907 1082 123 79 wie
2061 1079 91 97 ich
2187 1079 283 87 darnach
2511 1081 285 92 gestrebet
2841 1083 173 93 habe,

1348 1197 71 75 in
1478 1190 247 78 meinen
1766 1183 305 98 Jungen-
2116 1191 135 68 und
2280 1177 541 98 Gesellenstande,
2870 1192 121 69 das-

1341 1294 205 93 jenige
1583 1284 177 95 schon
1793 1291 65 72 in
1887 1294 107 69 der
2027 1281 189 91 Thar
2244 1297 68 78 zu
2341 1280 166 91 seyn,
2544 1301 234 57 wovon
2803 1283 90 89 ich
2912 1287 107 89 erst

1343 1397 69 76 in
1445 1402 111 69 der
1583 1392 203 93 Folge
1811 1395 117 67 den
1955 1381 279 83 Namen
2259 1386 295 86 erlangen
2585 1380 179 82 sollte.
2825 1381 191 80 Allein

1344 1496 111 87 seit
1496 1499 143 71 dem
1682 1490 91 93 ich
1822 1495 121 67 den
1992 1485 507 89 Meisternamen
2544 1484 311 87 erhalten,
2910 1482 75 93 ha-

1339 1595 82 82 be
1458 1593 89 97 ich
1578 1593 127 78 mir
1735 1586 174 95 selbst
1939 1585 382 89 bewachtet,
2374 1592 132 67 und
2535 1583 305 91 betrachte
2866 1583 143 94 mich

1341 1696 201 90 noch,
1597 1699 107 72 als
1721 1692 175 74 einen
1911 1683 287 93 Lehrling
2217 1684 233 74 meiner
2463 1680 253 95 Kunst,
2763 1694 105 65 der
2883 1680 129 96 Zeit

1342 1797 199 94 seines
1554 1794 241 82 Lebens
1812 1797 207 70 lernen
2036 1784 181 94 muß,
2270 1789 135 72 und
2434 1786 273 74 niemals
2730 1783 259 77 vollkom-

1344 1918 151 60 men
1526 1897 137 94 seyn
1696 1892 205 92 kann,
1956 1896 73 69 es
2055 1884 98 92 sey
2182 1903 135 60 nun
2347 1884 88 78 im
2466 1884 273 77 imiriren
2770 1893 145 68 oder
2932 1901 59 60 er-

1343 2003 241 94 finden.
1657 1997 147 79 Und
1837 2008 107 60 wo
1981 1986 69 94 ist
2085 1986 177 89 wohl
2293 1986 97 76 ein
2419 1984 215 92 sichrer
2677 1981 191 93 Weg
2909 2001 105 73 zur

1336 2092 603 96 Vollkommenheit
1956 2105 73 76 zu
2045 2093 333 88 gelangen,
2394 2090 105 72 als
2516 2082 225 90 dieser?
2768 2082 219 83 Gleich-

1332 2198 181 99 wohl
1556 2200 111 76 bin
1700 2196 91 89 ich
1838 2186 501 95 Amtsmeister,
2406 2181 287 89 welchem
2726 2181 145 95 doch
2916 2183 97 78 die

1335 2274 711 115 Amtsverfassungen,
2107 2305 191 61 wenn
2343 2305 139 58 eure
2521 2283 487 95 Vorgebungen

1333 2405 225 95 richtig
1587 2416 265 70 waren,
1907 2391 176 76 einen
2107 2387 270 93 gleichen
2416 2385 199 83 Grad
2654 2393 107 70 der
2800 2383 184 92 Klug-

1336 2507 131 102 heit
1486 2496 369 100 eingeflösset
1882 2488 211 101 haben
2124 2488 303 94 müßten,
2470 2495 105 72 als
2606 2487 237 75 meinen
2860 2483 123 83 Cvl-

1333 2619 197 85 legen.
1633 2599 259 85 Wann
1929 2591 91 89 ich
2065 2594 165 77 mich
2271 2590 155 77 aber
2471 2585 151 97 noch
2663 2589 61 72 in
2769 2589 237 73 meinen

1327 2706 491 93 Meisterstand,
1855 2700 106 74 als
1983 2692 172 78 einen
2176 2687 312 99 Lehrling,
2508 2685 324 93 betrachte,
2859 2693 150 70 was

1320 2821 303 74 wundert
1640 2803 97 89 ihr
1760 2799 151 91 euch
1930 2801 187 84 denn,
2148 2810 189 61 wenn
2364 2793 167 78 eines
2544 2789 273 97 Jungen
2836 2783 145 94 Lehr-

1322 2913 114 92 zeit
1468 2911 119 89 erst
1620 2905 264 93 angehet
1909 2902 65 71 in
2003 2896 199 76 einem
2241 2893 183 81 Alter
2465 2910 127 59 von
2639 2910 93 51 22
2773 2888 103 79 bis
2916 2911 84 68 25

1321 3012 313 95 Jahren,
1689 3015 87 67 da
1807 2999 91 97 ich
1939 3000 169 72 mein
2149 2992 389 101 Handwerk
2585 2990 179 92 schon
2807 2991 67 78 in
2915 3009 87 52 20

1316 3112 273 99 Jahren
1616 3107 335 95 obgelegen
1968 3099 181 93 habe.

1515 3311 151 79 Und
1697 3303 83 91 so,
1819 3304 121 78 wie
1973 3296 99 86 ihr
2107 3307 121 70 den
2255 3295 257 100 Argus
2541 3309 73 78 zu
2633 3295 177 75 einen
2831 3285 145 99 Her-

1308 3430 209 61 mann
1546 3431 133 55 von
1712 3398 425 94 Bremenfeld
2166 3399 259 85 machen
2458 3400 255 81 wollet,
2762 3392 61 88 so
2842 3397 131 75 wol-

1306 3518 83 79 let
1418 3514 101 97 ihr
1544 3507 177 100 wohl
1754 3511 119 78 alle
1902 3496 285 100 dänische
2213 3495 675 103 Handwerksmeister
2926 3509 72 79 zu

2811 3593 183 96 Matz
