<?xml version="1.0" encoding="utf-8"?>
<alto xmlns="http://www.loc.gov/standards/alto/ns-v3#" xmlns:xs="http://www.w3.org/2001/XMLSchema-instance" xmlns:xlink="http://www.w3.org/1999/xlink">
	<Description>
		<MeasurementUnit>pixel</MeasurementUnit>
		<sourceImageInformation>
			<fileName>130017168348_1_007_014_043.tif</fileName>
		</sourceImageInformation>
		<OCRProcessing ID="OCR1">
			<ocrProcessingStep>
				<processingDateTime>2018-09-13</processingDateTime>
				<processingAgency>Zissor AS</processingAgency>
				<processingStepSettings>Combined OCR</processingStepSettings>
				<processingSoftware>
					<softwareCreator>Zissor AS</softwareCreator>
					<softwareName>ContentOCR-11; ContentOCR-Tesseract</softwareName>
					<softwareVersion>2.0.2; 2.0.0</softwareVersion>
					<applicationDescription>OCR Component for Zissor Content System</applicationDescription>
				</processingSoftware>
			</ocrProcessingStep>
		</OCRProcessing>
	</Description>
	<Styles>
		<TextStyle ID="STYLE1" FONTFAMILY="Times New Roman" FONTSIZE="14" FONTSTYLE=""/>
		<TextStyle ID="STYLE2" FONTFAMILY="Arial" FONTSIZE="13" FONTSTYLE=""/>
		<TextStyle ID="STYLE3" FONTFAMILY="Arial" FONTSIZE="14" FONTSTYLE=""/>
		<TextStyle ID="STYLE4" FONTFAMILY="Arial" FONTSIZE="12" FONTSTYLE=""/>
	</Styles>
	<Layout>
		<Page ID="PAGE591" HEIGHT="4605" WIDTH="3060" PHYSICAL_IMG_NR="591" PROCESSING="OCR1" PC="0.82">
			<TopMargin HEIGHT="118" WIDTH="3060" HPOS="0" VPOS="0"/>
			<LeftMargin HEIGHT="3603" WIDTH="170" HPOS="0" VPOS="118"/>
			<RightMargin HEIGHT="3603" WIDTH="1140" HPOS="1920" VPOS="118"/>
			<BottomMargin HEIGHT="882" WIDTH="3060" HPOS="0" VPOS="3723"/>
			<PrintSpace ID="PRINTSPACE1" HEIGHT="3603" WIDTH="1748" HPOS="171" VPOS="119">
				<ComposedBlock xs:type="ComposedBlockType" ID="ARTICLE107755" HEIGHT="3603" WIDTH="1748" HPOS="171" VPOS="119" xlink:type="simple">
					<TextBlock xs:type="TextBlockType" ID="ZONE1124123" HEIGHT="86" WIDTH="112" HPOS="1767" VPOS="506" xlink:type="simple">
						<TextLine ID="LINE1" HEIGHT="86" WIDTH="112" HPOS="1767" VPOS="506">
							<String ID="STRING1" STYLEREFS="STYLE1" HEIGHT="86" WIDTH="112" HPOS="1767" VPOS="506" CONTENT="43" WC="0.58" LANG="nob"/>
						</TextLine>
					</TextBlock>
					<Illustration xs:type="IllustrationType" ID="ZONE1124124" HEIGHT="569" WIDTH="745" HPOS="669" VPOS="119" xlink:type="simple"/>
					<TextBlock xs:type="TextBlockType" ID="ZONE1124125" HEIGHT="2925" WIDTH="1748" HPOS="171" VPOS="690" xlink:type="simple">
						<TextLine ID="LINE2" HEIGHT="105" WIDTH="1728" HPOS="173" VPOS="690">
							<String ID="STRING2" STYLEREFS="STYLE1" HEIGHT="81" WIDTH="74" HPOS="173" VPOS="705" CONTENT="de" WC="0.63" LANG="dan"/>
							<SP ID="SP1" WIDTH="52" HPOS="247" VPOS="705"/>
							<String ID="STRING3" STYLEREFS="STYLE1" HEIGHT="62" WIDTH="112" HPOS="299" VPOS="720" CONTENT="om" WC="0.93" LANG="dan"/>
							<SP ID="SP2" WIDTH="66" HPOS="411" VPOS="720"/>
							<String ID="STRING4" STYLEREFS="STYLE1" HEIGHT="76" WIDTH="186" HPOS="477" VPOS="704" CONTENT="deres" WC="0.73" LANG="dan"/>
							<SP ID="SP3" WIDTH="58" HPOS="663" VPOS="704"/>
							<String ID="STRING5" STYLEREFS="STYLE1" HEIGHT="88" WIDTH="266" HPOS="721" VPOS="696" CONTENT="Bonire" WC="0.73" LANG="dan"/>
							<SP ID="SP4" WIDTH="60" HPOS="987" VPOS="696"/>
							<String ID="STRING6" STYLEREFS="STYLE1" HEIGHT="76" WIDTH="82" HPOS="1047" VPOS="717" CONTENT="og" WC="0.51" LANG="dan"/>
							<SP ID="SP5" WIDTH="66" HPOS="1129" VPOS="717"/>
							<String ID="STRING7" STYLEREFS="STYLE1" HEIGHT="100" WIDTH="222" HPOS="1195" VPOS="695" CONTENT="Priis." WC="0.7" LANG="dan"/>
							<SP ID="SP6" WIDTH="94" HPOS="1417" VPOS="695"/>
							<String ID="STRING8" STYLEREFS="STYLE1" HEIGHT="85" WIDTH="96" HPOS="1511" VPOS="693" CONTENT="At" WC="0.35" LANG="dan"/>
							<SP ID="SP7" WIDTH="54" HPOS="1607" VPOS="693"/>
							<String ID="STRING9" STYLEREFS="STYLE1" HEIGHT="102" WIDTH="240" HPOS="1661" VPOS="690" CONTENT="Argus" WC="0.49" LANG="dan"/>
						</TextLine>
						<TextLine ID="LINE3" HEIGHT="117" WIDTH="1730" HPOS="173" VPOS="805">
							<String ID="STRING10" STYLEREFS="STYLE1" HEIGHT="95" WIDTH="192" HPOS="173" VPOS="827" CONTENT="siger:" WC="0.64" LANG="dan"/>
							<SP ID="SP8" WIDTH="58" HPOS="365" VPOS="827"/>
							<String ID="STRING11" STYLEREFS="STYLE1" HEIGHT="86" WIDTH="304" HPOS="423" VPOS="820" CONTENT="Svenne" WC="0.79" LANG="dan"/>
							<SP ID="SP9" WIDTH="42" HPOS="727" VPOS="820"/>
							<String ID="STRING12" STYLEREFS="STYLE2" HEIGHT="117" WIDTH="188" HPOS="769" VPOS="805" CONTENT="skulle" WC="0.83" LANG="dan"/>
							<SP ID="SP10" WIDTH="44" HPOS="957" VPOS="805"/>
							<String ID="STRING13" STYLEREFS="STYLE1" HEIGHT="96" WIDTH="152" HPOS="1001" VPOS="817" CONTENT="gifte" WC="0.77" LANG="dan"/>
							<SP ID="SP11" WIDTH="40" HPOS="1153" VPOS="817"/>
							<String ID="STRING14" STYLEREFS="STYLE1" HEIGHT="92" WIDTH="94" HPOS="1193" VPOS="821" CONTENT="sig" WC="0.76" LANG="dan"/>
							<SP ID="SP12" WIDTH="44" HPOS="1287" VPOS="821"/>
							<String ID="STRING15" STYLEREFS="STYLE1" HEIGHT="60" WIDTH="64" HPOS="1331" VPOS="837" CONTENT="er" WC="0.77" LANG="dan"/>
							<SP ID="SP13" WIDTH="36" HPOS="1395" VPOS="837"/>
							<String ID="STRING16" STYLEREFS="STYLE1" HEIGHT="78" WIDTH="206" HPOS="1431" VPOS="832" CONTENT="meget" WC="0.76" LANG="dan"/>
							<SP ID="SP14" WIDTH="40" HPOS="1637" VPOS="832"/>
							<String ID="STRING17" STYLEREFS="STYLE1" HEIGHT="96" WIDTH="226" HPOS="1677" VPOS="816" CONTENT="billigt," WC="0.73" LANG="dan"/>
						</TextLine>
						<TextLine ID="LINE4" HEIGHT="101" WIDTH="1733" HPOS="171" VPOS="935">
							<String ID="STRING18" STYLEREFS="STYLE1" HEIGHT="59" WIDTH="151" HPOS="171" VPOS="965" CONTENT="men" WC="0.83" LANG="dan"/>
							<SP ID="SP15" WIDTH="25" HPOS="322" VPOS="965"/>
							<String ID="STRING19" STYLEREFS="STYLE1" HEIGHT="64" WIDTH="73" HPOS="347" VPOS="960" CONTENT="at" WC="0.68" LANG="dan"/>
							<SP ID="SP16" WIDTH="23" HPOS="420" VPOS="960"/>
							<String ID="STRING20" STYLEREFS="STYLE1" HEIGHT="74" WIDTH="77" HPOS="443" VPOS="948" CONTENT="de" WC="0.68" LANG="dan"/>
							<SP ID="SP17" WIDTH="27" HPOS="520" VPOS="948"/>
							<String ID="STRING21" STYLEREFS="STYLE1" HEIGHT="100" WIDTH="271" HPOS="547" VPOS="936" CONTENT="derfore," WC="0.63" LANG="dan"/>
							<SP ID="SP18" WIDTH="27" HPOS="818" VPOS="936"/>
							<String ID="STRING22" STYLEREFS="STYLE1" HEIGHT="91" WIDTH="137" HPOS="845" VPOS="940" CONTENT="som" WC="0.5" LANG="dan"/>
							<SP ID="SP19" WIDTH="17" HPOS="982" VPOS="940"/>
							<String ID="STRING23" STYLEREFS="STYLE1" HEIGHT="100" WIDTH="395" HPOS="999" VPOS="935" CONTENT="Jesuiterne," WC="0.81" LANG="dan"/>
							<SP ID="SP20" WIDTH="24" HPOS="1394" VPOS="935"/>
							<String ID="STRING24" STYLEREFS="STYLE3" HEIGHT="97" WIDTH="181" HPOS="1418" VPOS="936" CONTENT="skulle" WC="0.84" LANG="dan"/>
							<SP ID="SP21" WIDTH="30" HPOS="1599" VPOS="936"/>
							<String ID="STRING25" STYLEREFS="STYLE1" HEIGHT="76" WIDTH="159" HPOS="1629" VPOS="956" CONTENT="gaae" WC="0.91" LANG="dan"/>
							<SP ID="SP22" WIDTH="23" HPOS="1788" VPOS="956"/>
							<String ID="STRING26" STYLEREFS="STYLE1" HEIGHT="76" WIDTH="93" HPOS="1811" VPOS="942" CONTENT="ud" WC="0.54" LANG="dan"/>
						</TextLine>
						<TextLine ID="LINE5" HEIGHT="106" WIDTH="1732" HPOS="178" VPOS="1052">
							<String ID="STRING27" STYLEREFS="STYLE1" HEIGHT="96" WIDTH="84" HPOS="178" VPOS="1062" CONTENT="af" WC="1" LANG="dan"/>
							<SP ID="SP23" WIDTH="48" HPOS="262" VPOS="1062"/>
							<String ID="STRING28" STYLEREFS="STYLE1" HEIGHT="94" WIDTH="102" HPOS="310" VPOS="1064" CONTENT="sin" WC="0.69" LANG="dan"/>
							<SP ID="SP24" WIDTH="60" HPOS="412" VPOS="1064"/>
							<String ID="STRING29" STYLEREFS="STYLE1" HEIGHT="86" WIDTH="246" HPOS="472" VPOS="1060" CONTENT="Orden" WC="0.73" LANG="dan"/>
							<SP ID="SP25" WIDTH="58" HPOS="718" VPOS="1060"/>
							<String ID="STRING30" STYLEREFS="STYLE1" HEIGHT="60" WIDTH="66" HPOS="776" VPOS="1080" CONTENT="er" WC="0.79" LANG="dan"/>
							<SP ID="SP26" WIDTH="58" HPOS="842" VPOS="1080"/>
							<String ID="STRING31" STYLEREFS="STYLE1" HEIGHT="92" WIDTH="476" HPOS="900" VPOS="1061" CONTENT="unødvendigt," WC="0.63" LANG="dan"/>
							<SP ID="SP27" WIDTH="80" HPOS="1376" VPOS="1061"/>
							<String ID="STRING32" STYLEREFS="STYLE1" HEIGHT="73" WIDTH="80" HPOS="1456" VPOS="1079" CONTENT="og" WC="0.95" LANG="dan"/>
							<SP ID="SP28" WIDTH="66" HPOS="1536" VPOS="1079"/>
							<String ID="STRING33" STYLEREFS="STYLE1" HEIGHT="98" WIDTH="162" HPOS="1602" VPOS="1052" CONTENT="ifald" WC="0.79" LANG="dan"/>
							<SP ID="SP29" WIDTH="44" HPOS="1764" VPOS="1052"/>
							<String ID="STRING34" STYLEREFS="STYLE1" HEIGHT="76" WIDTH="102" HPOS="1808" VPOS="1062" CONTENT="det" WC="0.57" LANG="dan"/>
						</TextLine>
						<TextLine ID="LINE6" HEIGHT="102" WIDTH="1732" HPOS="178" VPOS="1172">
							<String ID="STRING35" STYLEREFS="STYLE1" HEIGHT="78" WIDTH="124" HPOS="178" VPOS="1182" CONTENT="ved" WC="0.75" LANG="dan"/>
							<SP ID="SP30" WIDTH="56" HPOS="302" VPOS="1182"/>
							<String ID="STRING36" STYLEREFS="STYLE1" HEIGHT="78" WIDTH="192" HPOS="358" VPOS="1196" CONTENT="noget" WC="0.79" LANG="dan"/>
							<SP ID="SP31" WIDTH="58" HPOS="550" VPOS="1196"/>
							<String ID="STRING37" STYLEREFS="STYLE1" HEIGHT="96" WIDTH="180" HPOS="608" VPOS="1178" CONTENT="Laug" WC="0.67" LANG="deu"/>
							<SP ID="SP32" WIDTH="72" HPOS="788" VPOS="1178"/>
							<String ID="STRING38" STYLEREFS="STYLE1" HEIGHT="58" WIDTH="66" HPOS="860" VPOS="1199" CONTENT="er" WC="0.73" LANG="dan"/>
							<SP ID="SP33" WIDTH="54" HPOS="926" VPOS="1199"/>
							<String ID="STRING39" STYLEREFS="STYLE1" HEIGHT="56" WIDTH="76" HPOS="980" VPOS="1199" CONTENT="en" WC="1" LANG="dan"/>
							<SP ID="SP34" WIDTH="62" HPOS="1056" VPOS="1199"/>
							<String ID="STRING40" STYLEREFS="STYLE1" HEIGHT="98" WIDTH="372" HPOS="1118" VPOS="1175" CONTENT="Vedtægt," WC="0.62" LANG="dan"/>
							<SP ID="SP35" WIDTH="58" HPOS="1490" VPOS="1175"/>
							<String ID="STRING41" STYLEREFS="STYLE1" HEIGHT="94" WIDTH="110" HPOS="1548" VPOS="1172" CONTENT="saa" WC="0.87" LANG="dan"/>
							<SP ID="SP36" WIDTH="44" HPOS="1658" VPOS="1172"/>
							<String ID="STRING42" STYLEREFS="STYLE1" HEIGHT="86" WIDTH="208" HPOS="1702" VPOS="1174" CONTENT="kunde" WC="0.85" LANG="dan"/>
						</TextLine>
						<TextLine ID="LINE7" HEIGHT="102" WIDTH="1736" HPOS="176" VPOS="1294">
							<String ID="STRING43" STYLEREFS="STYLE1" HEIGHT="75" WIDTH="126" HPOS="176" VPOS="1303" CONTENT="den" WC="0.78" LANG="dan"/>
							<SP ID="SP37" WIDTH="54" HPOS="302" VPOS="1303"/>
							<String ID="STRING44" STYLEREFS="STYLE1" HEIGHT="76" WIDTH="82" HPOS="356" VPOS="1306" CONTENT="let" WC="0.91" LANG="dan"/>
							<SP ID="SP38" WIDTH="52" HPOS="438" VPOS="1306"/>
							<String ID="STRING45" STYLEREFS="STYLE1" HEIGHT="100" WIDTH="340" HPOS="490" VPOS="1296" CONTENT="afffaffes," WC="0.78" LANG="dan"/>
							<SP ID="SP39" WIDTH="62" HPOS="830" VPOS="1296"/>
							<String ID="STRING46" STYLEREFS="STYLE1" HEIGHT="76" WIDTH="80" HPOS="892" VPOS="1319" CONTENT="og" WC="0.69" LANG="dan"/>
							<SP ID="SP40" WIDTH="44" HPOS="972" VPOS="1319"/>
							<String ID="STRING47" STYLEREFS="STYLE1" HEIGHT="88" WIDTH="132" HPOS="1016" VPOS="1301" CONTENT="heri" WC="0.59" LANG="dan"/>
							<SP ID="SP41" WIDTH="40" HPOS="1148" VPOS="1301"/>
							<String ID="STRING48" STYLEREFS="STYLE1" HEIGHT="82" WIDTH="214" HPOS="1188" VPOS="1297" CONTENT="kunde" WC="0.77" LANG="dan"/>
							<SP ID="SP42" WIDTH="46" HPOS="1402" VPOS="1297"/>
							<String ID="STRING49" STYLEREFS="STYLE1" HEIGHT="59" WIDTH="160" HPOS="1448" VPOS="1316" CONTENT="man" WC="0.9" LANG="dan"/>
							<SP ID="SP43" WIDTH="46" HPOS="1608" VPOS="1316"/>
							<String ID="STRING50" STYLEREFS="STYLE1" HEIGHT="96" WIDTH="258" HPOS="1654" VPOS="1294" CONTENT="indføre" WC="0.76" LANG="dan"/>
						</TextLine>
						<TextLine ID="LINE8" HEIGHT="104" WIDTH="1738" HPOS="172" VPOS="1414">
							<String ID="STRING51" STYLEREFS="STYLE1" HEIGHT="101" WIDTH="358" HPOS="172" VPOS="1417" CONTENT="Hollands" WC="0.83" LANG="dan"/>
							<SP ID="SP44" WIDTH="46" HPOS="530" VPOS="1417"/>
							<String ID="STRING52" STYLEREFS="STYLE1" HEIGHT="74" WIDTH="80" HPOS="576" VPOS="1442" CONTENT="og" WC="0.8" LANG="dan"/>
							<SP ID="SP45" WIDTH="42" HPOS="656" VPOS="1442"/>
							<String ID="STRING53" STYLEREFS="STYLE1" HEIGHT="100" WIDTH="412" HPOS="698" VPOS="1418" CONTENT="Engellands" WC="0.93" LANG="dan"/>
							<SP ID="SP46" WIDTH="26" HPOS="1110" VPOS="1418"/>
							<String ID="STRING54" STYLEREFS="STYLE1" HEIGHT="82" WIDTH="280" HPOS="1136" VPOS="1419" CONTENT="Maade." WC="0.81" LANG="dan"/>
							<SP ID="SP47" WIDTH="124" HPOS="1416" VPOS="1419"/>
							<String ID="STRING55" STYLEREFS="STYLE1" HEIGHT="86" WIDTH="96" HPOS="1540" VPOS="1414" CONTENT="At" WC="0.6" LANG="dan"/>
							<SP ID="SP48" WIDTH="24" HPOS="1636" VPOS="1414"/>
							<String ID="STRING56" STYLEREFS="STYLE1" HEIGHT="84" WIDTH="250" HPOS="1660" VPOS="1414" CONTENT="Konen" WC="0.87" LANG="dan"/>
						</TextLine>
						<TextLine ID="LINE9" HEIGHT="108" WIDTH="1734" HPOS="178" VPOS="1530">
							<String ID="STRING57" STYLEREFS="STYLE1" HEIGHT="74" WIDTH="74" HPOS="178" VPOS="1560" CONTENT="ey" WC="0.67" LANG="dan"/>
							<SP ID="SP49" WIDTH="44" HPOS="252" VPOS="1560"/>
							<String ID="STRING58" STYLEREFS="STYLE1" HEIGHT="78" WIDTH="128" HPOS="296" VPOS="1540" CONTENT="kan" WC="1" LANG="dan"/>
							<SP ID="SP50" WIDTH="42" HPOS="424" VPOS="1540"/>
							<String ID="STRING59" STYLEREFS="STYLE1" HEIGHT="98" WIDTH="194" HPOS="466" VPOS="1540" CONTENT="hielpe" WC="0.7" LANG="dan"/>
							<SP ID="SP51" WIDTH="40" HPOS="660" VPOS="1540"/>
							<String ID="STRING60" STYLEREFS="STYLE1" HEIGHT="60" WIDTH="76" HPOS="700" VPOS="1558" CONTENT="en" WC="1" LANG="dan"/>
							<SP ID="SP52" WIDTH="40" HPOS="776" VPOS="1558"/>
							<String ID="STRING61" STYLEREFS="STYLE1" HEIGHT="81" WIDTH="234" HPOS="816" VPOS="1538" CONTENT="Mand" WC="0.72" LANG="dan"/>
							<SP ID="SP53" WIDTH="42" HPOS="1050" VPOS="1538"/>
							<String ID="STRING62" STYLEREFS="STYLE1" HEIGHT="60" WIDTH="64" HPOS="1092" VPOS="1559" CONTENT="er" WC="0.82" LANG="dan"/>
							<SP ID="SP54" WIDTH="44" HPOS="1156" VPOS="1559"/>
							<String ID="STRING63" STYLEREFS="STYLE1" HEIGHT="98" WIDTH="406" HPOS="1200" VPOS="1535" CONTENT="beklageligt;" WC="0.78" LANG="dan"/>
							<SP ID="SP55" WIDTH="44" HPOS="1606" VPOS="1535"/>
							<String ID="STRING64" STYLEREFS="STYLE1" HEIGHT="94" WIDTH="84" HPOS="1650" VPOS="1530" CONTENT="see" WC="1" LANG="dan"/>
							<SP ID="SP56" WIDTH="42" HPOS="1734" VPOS="1530"/>
							<String ID="STRING65" STYLEREFS="STYLE1" HEIGHT="88" WIDTH="136" HPOS="1776" VPOS="1532" CONTENT="De" WC="0.63" LANG="dan"/>
						</TextLine>
						<TextLine ID="LINE10" HEIGHT="108" WIDTH="1734" HPOS="181" VPOS="1654">
							<String ID="STRING66" STYLEREFS="STYLE1" HEIGHT="94" WIDTH="254" HPOS="181" VPOS="1662" CONTENT="derfore" WC="0.75" LANG="dan"/>
							<SP ID="SP57" WIDTH="40" HPOS="435" VPOS="1662"/>
							<String ID="STRING67" STYLEREFS="STYLE1" HEIGHT="84" WIDTH="74" HPOS="475" VPOS="1666" CONTENT="til" WC="0.85" LANG="dan"/>
							<SP ID="SP58" WIDTH="44" HPOS="549" VPOS="1666"/>
							<String ID="STRING68" STYLEREFS="STYLE1" HEIGHT="78" WIDTH="136" HPOS="593" VPOS="1664" CONTENT="min" WC="0.77" LANG="dan"/>
							<SP ID="SP59" WIDTH="40" HPOS="729" VPOS="1664"/>
							<String ID="STRING69" STYLEREFS="STYLE1" HEIGHT="100" WIDTH="244" HPOS="769" VPOS="1662" CONTENT="Herre," WC="0.77" LANG="dan"/>
							<SP ID="SP60" WIDTH="38" HPOS="1013" VPOS="1662"/>
							<String ID="STRING70" STYLEREFS="STYLE1" HEIGHT="60" WIDTH="74" HPOS="1051" VPOS="1681" CONTENT="ar" WC="0.63" LANG="dan"/>
							<SP ID="SP61" WIDTH="40" HPOS="1125" VPOS="1681"/>
							<String ID="STRING71" STYLEREFS="STYLE1" HEIGHT="96" WIDTH="158" HPOS="1165" VPOS="1659" CONTENT="De," WC="0.62" LANG="dan"/>
							<SP ID="SP62" WIDTH="42" HPOS="1323" VPOS="1659"/>
							<String ID="STRING72" STYLEREFS="STYLE1" HEIGHT="78" WIDTH="20" HPOS="1365" VPOS="1661" CONTENT="i" WC="0.33" LANG="dan"/>
							<SP ID="SP63" WIDTH="40" HPOS="1385" VPOS="1661"/>
							<String ID="STRING73" STYLEREFS="STYLE1" HEIGHT="92" WIDTH="234" HPOS="1425" VPOS="1663" CONTENT="stæden" WC="0.71" LANG="dan"/>
							<SP ID="SP64" WIDTH="40" HPOS="1659" VPOS="1663"/>
							<String ID="STRING74" STYLEREFS="STYLE1" HEIGHT="96" WIDTH="104" HPOS="1699" VPOS="1654" CONTENT="for" WC="0.87" LANG="dan"/>
							<SP ID="SP65" WIDTH="38" HPOS="1803" VPOS="1654"/>
							<String ID="STRING75" STYLEREFS="STYLE1" HEIGHT="66" WIDTH="74" HPOS="1841" VPOS="1676" CONTENT="ar" WC="0.62" LANG="dan"/>
						</TextLine>
						<TextLine ID="LINE11" HEIGHT="106" WIDTH="1738" HPOS="175" VPOS="1776">
							<String ID="STRING76" STYLEREFS="STYLE1" HEIGHT="102" WIDTH="262" HPOS="175" VPOS="1780" CONTENT="afffaffe" WC="0.78" LANG="dan"/>
							<SP ID="SP66" WIDTH="38" HPOS="437" VPOS="1780"/>
							<String ID="STRING77" STYLEREFS="STYLE1" HEIGHT="96" WIDTH="318" HPOS="475" VPOS="1784" CONTENT="Laugene," WC="0.89" LANG="nob"/>
							<SP ID="SP67" WIDTH="40" HPOS="793" VPOS="1784"/>
							<String ID="STRING78" STYLEREFS="STYLE1" HEIGHT="81" WIDTH="124" HPOS="833" VPOS="1782" CONTENT="kan" WC="1" LANG="dan"/>
							<SP ID="SP68" WIDTH="48" HPOS="957" VPOS="1782"/>
							<String ID="STRING79" STYLEREFS="STYLE1" HEIGHT="76" WIDTH="118" HPOS="1005" VPOS="1787" CONTENT="ved" WC="0.63" LANG="dan"/>
							<SP ID="SP69" WIDTH="46" HPOS="1123" VPOS="1787"/>
							<String ID="STRING80" STYLEREFS="STYLE1" HEIGHT="88" WIDTH="238" HPOS="1169" VPOS="1779" CONTENT="Deres" WC="0.84" LANG="dan"/>
							<SP ID="SP70" WIDTH="44" HPOS="1407" VPOS="1779"/>
							<String ID="STRING81" STYLEREFS="STYLE1" HEIGHT="103" WIDTH="276" HPOS="1451" VPOS="1778" CONTENT="Project" WC="0.71" LANG="dan"/>
							<SP ID="SP71" WIDTH="34" HPOS="1727" VPOS="1778"/>
							<String ID="STRING82" STYLEREFS="STYLE1" HEIGHT="96" WIDTH="152" HPOS="1761" VPOS="1776" CONTENT="faae" WC="1" LANG="dan"/>
						</TextLine>
						<TextLine ID="LINE12" HEIGHT="99" WIDTH="1704" HPOS="179" VPOS="1902">
							<String ID="STRING83" STYLEREFS="STYLE1" HEIGHT="77" WIDTH="306" HPOS="179" VPOS="1913" CONTENT="indretter" WC="0.65" LANG="dan"/>
							<SP ID="SP72" WIDTH="52" HPOS="485" VPOS="1913"/>
							<String ID="STRING84" STYLEREFS="STYLE1" HEIGHT="94" WIDTH="332" HPOS="537" VPOS="1904" CONTENT="saadanne" WC="0.9" LANG="dan"/>
							<SP ID="SP73" WIDTH="64" HPOS="869" VPOS="1904"/>
							<String ID="STRING85" STYLEREFS="STYLE1" HEIGHT="98" WIDTH="304" HPOS="933" VPOS="1903" CONTENT="Skoler," WC="0.76" LANG="dan"/>
							<SP ID="SP74" WIDTH="64" HPOS="1237" VPOS="1903"/>
							<String ID="STRING86" STYLEREFS="STYLE1" HEIGHT="94" WIDTH="190" HPOS="1301" VPOS="1905" CONTENT="hvori" WC="0.74" LANG="dan"/>
							<SP ID="SP75" WIDTH="46" HPOS="1491" VPOS="1905"/>
							<String ID="STRING87" STYLEREFS="STYLE1" HEIGHT="98" WIDTH="346" HPOS="1537" VPOS="1902" CONTENT="Fruentim" SUBS_TYPE="HypPart1" SUBS_CONTENT="Fruentimmer" WC="0.66" LANG="dan"/>
							<HYP CONTENT="-"/>
						</TextLine>
						<TextLine ID="LINE13" HEIGHT="104" WIDTH="1728" HPOS="181" VPOS="2021">
							<String ID="STRING88" STYLEREFS="STYLE1" HEIGHT="63" WIDTH="140" HPOS="181" VPOS="2047" CONTENT="mer" SUBS_TYPE="HypPart2" SUBS_CONTENT="Fruentimmer" WC="0.74" LANG="dan"/>
							<SP ID="SP76" WIDTH="30" HPOS="321" VPOS="2047"/>
							<String ID="STRING89" STYLEREFS="STYLE1" HEIGHT="80" WIDTH="122" HPOS="351" VPOS="2028" CONTENT="kan" WC="1" LANG="dan"/>
							<SP ID="SP77" WIDTH="32" HPOS="473" VPOS="2028"/>
							<String ID="STRING90" STYLEREFS="STYLE1" HEIGHT="76" WIDTH="144" HPOS="505" VPOS="2032" CONTENT="lære" WC="0.91" LANG="dan"/>
							<SP ID="SP78" WIDTH="46" HPOS="649" VPOS="2032"/>
							<String ID="STRING91" STYLEREFS="STYLE1" HEIGHT="94" WIDTH="308" HPOS="695" VPOS="2027" CONTENT="adskilligt" WC="0.75" LANG="dan"/>
							<SP ID="SP79" WIDTH="40" HPOS="1003" VPOS="2027"/>
							<String ID="STRING92" STYLEREFS="STYLE1" HEIGHT="104" WIDTH="556" HPOS="1043" VPOS="2021" CONTENT="Professionerne" WC="0.82" LANG="dan"/>
							<SP ID="SP80" WIDTH="40" HPOS="1599" VPOS="2021"/>
							<String ID="STRING93" STYLEREFS="STYLE1" HEIGHT="94" WIDTH="270" HPOS="1639" VPOS="2026" CONTENT="tienligr," WC="0.69" LANG="dan"/>
						</TextLine>
						<TextLine ID="LINE14" HEIGHT="101" WIDTH="1732" HPOS="179" VPOS="2145">
							<String ID="STRING94" STYLEREFS="STYLE1" HEIGHT="97" WIDTH="254" HPOS="179" VPOS="2149" CONTENT="begynd" WC="0.69" LANG="dan"/>
							<SP ID="SP81" WIDTH="24" HPOS="433" VPOS="2149"/>
							<String ID="STRING95" STYLEREFS="STYLE1" HEIGHT="76" WIDTH="142" HPOS="457" VPOS="2154" CONTENT="med" WC="0.74" LANG="dan"/>
							<SP ID="SP82" WIDTH="22" HPOS="599" VPOS="2154"/>
							<String ID="STRING96" STYLEREFS="STYLE1" HEIGHT="89" WIDTH="586" HPOS="621" VPOS="2145" CONTENT="Strikke-Skolen" WC="0.79" LANG="dan"/>
							<SP ID="SP83" WIDTH="32" HPOS="1207" VPOS="2145"/>
							<String ID="STRING97" STYLEREFS="STYLE1" HEIGHT="74" WIDTH="18" HPOS="1239" VPOS="2151" CONTENT="i" WC="0.39" LANG="dan"/>
							<SP ID="SP84" WIDTH="20" HPOS="1257" VPOS="2151"/>
							<String ID="STRING98" STYLEREFS="STYLE1" HEIGHT="100" WIDTH="534" HPOS="1277" VPOS="2145" CONTENT="Weyfenhuuset" WC="0.74" LANG="dan"/>
							<SP ID="SP85" WIDTH="18" HPOS="1811" VPOS="2145"/>
							<String ID="STRING99" STYLEREFS="STYLE1" HEIGHT="74" WIDTH="82" HPOS="1829" VPOS="2168" CONTENT="og" WC="0.68" LANG="dan"/>
						</TextLine>
						<TextLine ID="LINE15" HEIGHT="101" WIDTH="1731" HPOS="181" VPOS="2273">
							<String ID="STRING100" STYLEREFS="STYLE1" HEIGHT="95" WIDTH="141" HPOS="181" VPOS="2275" CONTENT="faer" WC="0.71" LANG="dan"/>
							<SP ID="SP86" WIDTH="41" HPOS="322" VPOS="2275"/>
							<String ID="STRING101" STYLEREFS="STYLE1" HEIGHT="92" WIDTH="113" HPOS="363" VPOS="2278" CONTENT="saa" WC="0.89" LANG="dan"/>
							<SP ID="SP87" WIDTH="43" HPOS="476" VPOS="2278"/>
							<String ID="STRING102" STYLEREFS="STYLE1" HEIGHT="100" WIDTH="159" HPOS="519" VPOS="2274" CONTENT="fort," WC="0.78" LANG="dan"/>
							<SP ID="SP88" WIDTH="39" HPOS="678" VPOS="2274"/>
							<String ID="STRING103" STYLEREFS="STYLE1" HEIGHT="76" WIDTH="103" HPOS="717" VPOS="2282" CONTENT="der" WC="0.51" LANG="dan"/>
							<SP ID="SP89" WIDTH="35" HPOS="820" VPOS="2282"/>
							<String ID="STRING104" STYLEREFS="STYLE1" HEIGHT="59" WIDTH="67" HPOS="855" VPOS="2296" CONTENT="er" WC="0.84" LANG="dan"/>
							<SP ID="SP90" WIDTH="31" HPOS="922" VPOS="2296"/>
							<String ID="STRING105" STYLEREFS="STYLE1" HEIGHT="96" WIDTH="203" HPOS="953" VPOS="2275" CONTENT="større" WC="0.75" LANG="dan"/>
							<SP ID="SP91" WIDTH="17" HPOS="1156" VPOS="2275"/>
							<String ID="STRING106" STYLEREFS="STYLE1" HEIGHT="80" WIDTH="177" HPOS="1173" VPOS="2275" CONTENT="LEre" WC="0.72" LANG="dan"/>
							<SP ID="SP92" WIDTH="13" HPOS="1350" VPOS="2275"/>
							<String ID="STRING107" STYLEREFS="STYLE1" HEIGHT="62" WIDTH="73" HPOS="1363" VPOS="2291" CONTENT="ar" WC="0.62" LANG="dan"/>
							<SP ID="SP93" WIDTH="21" HPOS="1436" VPOS="2291"/>
							<String ID="STRING108" STYLEREFS="STYLE1" HEIGHT="97" WIDTH="455" HPOS="1457" VPOS="2273" CONTENT="tilveyebringe" WC="0.88" LANG="dan"/>
						</TextLine>
						<TextLine ID="LINE16" HEIGHT="103" WIDTH="1730" HPOS="182" VPOS="2399">
							<String ID="STRING109" STYLEREFS="STYLE1" HEIGHT="78" WIDTH="126" HPOS="182" VPOS="2424" CONTENT="nye" WC="0.79" LANG="dan"/>
							<SP ID="SP94" WIDTH="14" HPOS="308" VPOS="2424"/>
							<String ID="STRING110" STYLEREFS="STYLE1" HEIGHT="100" WIDTH="666" HPOS="322" VPOS="2400" CONTENT="godeJndretninger," WC="0.74" LANG="dan"/>
							<SP ID="SP95" WIDTH="22" HPOS="988" VPOS="2400"/>
							<String ID="STRING111" STYLEREFS="STYLE1" HEIGHT="76" WIDTH="120" HPOS="1010" VPOS="2405" CONTENT="end" WC="0.78" LANG="dan"/>
							<SP ID="SP96" WIDTH="18" HPOS="1130" VPOS="2405"/>
							<String ID="STRING112" STYLEREFS="STYLE1" HEIGHT="62" WIDTH="70" HPOS="1148" VPOS="2417" CONTENT="at" WC="0.69" LANG="dan"/>
							<SP ID="SP97" WIDTH="18" HPOS="1218" VPOS="2417"/>
							<String ID="STRING113" STYLEREFS="STYLE1" HEIGHT="94" WIDTH="320" HPOS="1236" VPOS="2399" CONTENT="kuldkaste" WC="0.84" LANG="dan"/>
							<SP ID="SP98" WIDTH="26" HPOS="1556" VPOS="2399"/>
							<String ID="STRING114" STYLEREFS="STYLE1" HEIGHT="76" WIDTH="74" HPOS="1582" VPOS="2404" CONTENT="de" WC="0.88" LANG="dan"/>
							<SP ID="SP99" WIDTH="18" HPOS="1656" VPOS="2404"/>
							<String ID="STRING115" STYLEREFS="STYLE1" HEIGHT="88" WIDTH="238" HPOS="1674" VPOS="2406" CONTENT="gamle," WC="0.85" LANG="dan"/>
						</TextLine>
						<TextLine ID="LINE17" HEIGHT="103" WIDTH="1722" HPOS="192" VPOS="2515">
							<String ID="STRING116" STYLEREFS="STYLE1" HEIGHT="93" WIDTH="140" HPOS="192" VPOS="2521" CONTENT="som" WC="0.66" LANG="dan"/>
							<SP ID="SP100" WIDTH="40" HPOS="332" VPOS="2521"/>
							<String ID="STRING117" STYLEREFS="STYLE1" HEIGHT="80" WIDTH="188" HPOS="372" VPOS="2520" CONTENT="ikkun" WC="0.9" LANG="dan"/>
							<SP ID="SP101" WIDTH="48" HPOS="560" VPOS="2520"/>
							<String ID="STRING118" STYLEREFS="STYLE1" HEIGHT="96" WIDTH="166" HPOS="608" VPOS="2522" CONTENT="have" WC="0.8" LANG="dan"/>
							<SP ID="SP102" WIDTH="58" HPOS="774" VPOS="2522"/>
							<String ID="STRING119" STYLEREFS="STYLE1" HEIGHT="92" WIDTH="188" HPOS="832" VPOS="2525" CONTENT="nogle" WC="0.95" LANG="dan"/>
							<SP ID="SP103" WIDTH="58" HPOS="1020" VPOS="2525"/>
							<String ID="STRING120" STYLEREFS="STYLE1" HEIGHT="102" WIDTH="326" HPOS="1078" VPOS="2515" CONTENT="tilfældige" WC="0.69" LANG="dan"/>
							<SP ID="SP104" WIDTH="56" HPOS="1404" VPOS="2515"/>
							<String ID="STRING121" STYLEREFS="STYLE1" HEIGHT="98" WIDTH="278" HPOS="1460" VPOS="2519" CONTENT="Feyler," WC="0.75" LANG="dan"/>
							<SP ID="SP105" WIDTH="62" HPOS="1738" VPOS="2519"/>
							<String ID="STRING122" STYLEREFS="STYLE1" HEIGHT="74" WIDTH="114" HPOS="1800" VPOS="2526" CONTENT="der" WC="0.67" LANG="dan"/>
						</TextLine>
						<TextLine ID="LINE18" HEIGHT="98" WIDTH="1720" HPOS="194" VPOS="2642">
							<String ID="STRING123" STYLEREFS="STYLE1" HEIGHT="76" WIDTH="84" HPOS="194" VPOS="2654" CONTENT="ler" WC="0.76" LANG="dan"/>
							<SP ID="SP106" WIDTH="44" HPOS="278" VPOS="2654"/>
							<String ID="STRING124" STYLEREFS="STYLE1" HEIGHT="82" WIDTH="128" HPOS="322" VPOS="2644" CONTENT="kan" WC="1" LANG="dan"/>
							<SP ID="SP107" WIDTH="46" HPOS="450" VPOS="2644"/>
							<String ID="STRING125" STYLEREFS="STYLE1" HEIGHT="84" WIDTH="240" HPOS="496" VPOS="2656" CONTENT="rettes," WC="0.7" LANG="dan"/>
							<SP ID="SP108" WIDTH="44" HPOS="736" VPOS="2656"/>
							<String ID="STRING126" STYLEREFS="STYLE1" HEIGHT="93" WIDTH="252" HPOS="780" VPOS="2643" CONTENT="saasom" WC="1" LANG="dan"/>
							<SP ID="SP109" WIDTH="46" HPOS="1032" VPOS="2643"/>
							<String ID="STRING127" STYLEREFS="STYLE1" HEIGHT="74" WIDTH="74" HPOS="1078" VPOS="2649" CONTENT="de" WC="0.67" LANG="dan"/>
							<SP ID="SP110" WIDTH="44" HPOS="1152" VPOS="2649"/>
							<String ID="STRING128" STYLEREFS="STYLE1" HEIGHT="96" WIDTH="166" HPOS="1196" VPOS="2643" CONTENT="have" WC="0.91" LANG="dan"/>
							<SP ID="SP111" WIDTH="40" HPOS="1362" VPOS="2643"/>
							<String ID="STRING129" STYLEREFS="STYLE1" HEIGHT="76" WIDTH="74" HPOS="1402" VPOS="2663" CONTENT="ey" WC="0.75" LANG="dan"/>
							<SP ID="SP112" WIDTH="44" HPOS="1476" VPOS="2663"/>
							<String ID="STRING130" STYLEREFS="STYLE1" HEIGHT="93" WIDTH="94" HPOS="1520" VPOS="2645" CONTENT="sin" WC="0.92" LANG="dan"/>
							<SP ID="SP113" WIDTH="38" HPOS="1614" VPOS="2645"/>
							<String ID="STRING131" STYLEREFS="STYLE1" HEIGHT="86" WIDTH="262" HPOS="1652" VPOS="2642" CONTENT="Grund" WC="0.54" LANG="dan"/>
						</TextLine>
						<TextLine ID="LINE19" HEIGHT="110" WIDTH="1692" HPOS="194" VPOS="2766">
							<String ID="STRING132" STYLEREFS="STYLE1" HEIGHT="78" WIDTH="24" HPOS="194" VPOS="2766" CONTENT="i" WC="0.35" LANG="dan"/>
							<SP ID="SP114" WIDTH="44" HPOS="218" VPOS="2766"/>
							<String ID="STRING133" STYLEREFS="STYLE1" HEIGHT="98" WIDTH="338" HPOS="262" VPOS="2766" CONTENT="Tingenes" WC="0.79" LANG="dan"/>
							<SP ID="SP115" WIDTH="26" HPOS="600" VPOS="2766"/>
							<String ID="STRING134" STYLEREFS="STYLE1" HEIGHT="93" WIDTH="280" HPOS="626" VPOS="2768" CONTENT="Natur," WC="0.61" LANG="dan"/>
							<SP ID="SP116" WIDTH="38" HPOS="906" VPOS="2768"/>
							<String ID="STRING135" STYLEREFS="STYLE1" HEIGHT="60" WIDTH="148" HPOS="944" VPOS="2789" CONTENT="men" WC="0.95" LANG="dan"/>
							<SP ID="SP117" WIDTH="38" HPOS="1092" VPOS="2789"/>
							<String ID="STRING136" STYLEREFS="STYLE1" HEIGHT="78" WIDTH="22" HPOS="1130" VPOS="2769" CONTENT="i" WC="0.43" LANG="dan"/>
							<SP ID="SP118" WIDTH="37" HPOS="1152" VPOS="2769"/>
							<String ID="STRING137" STYLEREFS="STYLE4" HEIGHT="107" WIDTH="313" HPOS="1189" VPOS="2769" CONTENT="adskillige" WC="0.86" LANG="dan"/>
							<SP ID="SP119" WIDTH="58" HPOS="1502" VPOS="2769"/>
							<String ID="STRING138" STYLEREFS="STYLE1" HEIGHT="102" WIDTH="326" HPOS="1560" VPOS="2766" CONTENT="Gienstan" SUBS_TYPE="HypPart1" SUBS_CONTENT="Gienstande" WC="0.73" LANG="dan"/>
							<HYP CONTENT="-"/>
						</TextLine>
						<TextLine ID="LINE20" HEIGHT="101" WIDTH="1727" HPOS="186" VPOS="2890">
							<String ID="STRING139" STYLEREFS="STYLE1" HEIGHT="75" WIDTH="77" HPOS="186" VPOS="2905" CONTENT="de" SUBS_TYPE="HypPart2" SUBS_CONTENT="Gienstande" WC="0.64" LANG="dan"/>
							<SP ID="SP120" WIDTH="39" HPOS="263" VPOS="2905"/>
							<String ID="STRING140" STYLEREFS="STYLE1" HEIGHT="76" WIDTH="174" HPOS="302" VPOS="2900" CONTENT="uden" WC="0.73" LANG="dan"/>
							<SP ID="SP121" WIDTH="44" HPOS="476" VPOS="2900"/>
							<String ID="STRING141" STYLEREFS="STYLE1" HEIGHT="76" WIDTH="147" HPOS="520" VPOS="2914" CONTENT="om," WC="0.74" LANG="dan"/>
							<SP ID="SP122" WIDTH="51" HPOS="667" VPOS="2914"/>
							<String ID="STRING142" STYLEREFS="STYLE1" HEIGHT="98" WIDTH="207" HPOS="718" VPOS="2890" CONTENT="hvilke" WC="0.84" LANG="dan"/>
							<SP ID="SP123" WIDTH="71" HPOS="925" VPOS="2890"/>
							<String ID="STRING143" STYLEREFS="STYLE1" HEIGHT="78" WIDTH="83" HPOS="996" VPOS="2899" CONTENT="let" WC="0.94" LANG="dan"/>
							<SP ID="SP124" WIDTH="49" HPOS="1079" VPOS="2899"/>
							<String ID="STRING144" STYLEREFS="STYLE1" HEIGHT="82" WIDTH="129" HPOS="1128" VPOS="2893" CONTENT="kan" WC="1" LANG="dan"/>
							<SP ID="SP125" WIDTH="59" HPOS="1257" VPOS="2893"/>
							<String ID="STRING145" STYLEREFS="STYLE1" HEIGHT="98" WIDTH="461" HPOS="1316" VPOS="2893" CONTENT="hæves.uden" WC="0.8" LANG="dan"/>
							<SP ID="SP126" WIDTH="61" HPOS="1777" VPOS="2893"/>
							<String ID="STRING146" STYLEREFS="STYLE1" HEIGHT="64" WIDTH="75" HPOS="1838" VPOS="2908" CONTENT="at" WC="0.76" LANG="dan"/>
						</TextLine>
						<TextLine ID="LINE21" HEIGHT="103" WIDTH="1694" HPOS="185" VPOS="3015">
							<String ID="STRING147" STYLEREFS="STYLE1" HEIGHT="76" WIDTH="198" HPOS="185" VPOS="3040" CONTENT="rygge" WC="0.55" LANG="dan"/>
							<SP ID="SP127" WIDTH="50" HPOS="383" VPOS="3040"/>
							<String ID="STRING148" STYLEREFS="STYLE1" HEIGHT="100" WIDTH="592" HPOS="433" VPOS="3016" CONTENT="Hoved-Sagen." WC="0.72" LANG="dan"/>
							<SP ID="SP128" WIDTH="158" HPOS="1025" VPOS="3016"/>
							<String ID="STRING149" STYLEREFS="STYLE1" HEIGHT="86" WIDTH="186" HPOS="1183" VPOS="3015" CONTENT="Viis" WC="0.81" LANG="dan"/>
							<SP ID="SP129" WIDTH="54" HPOS="1369" VPOS="3015"/>
							<String ID="STRING150" STYLEREFS="STYLE1" HEIGHT="70" WIDTH="82" HPOS="1423" VPOS="3029" CONTENT="os" WC="1" LANG="dan"/>
							<SP ID="SP130" WIDTH="72" HPOS="1505" VPOS="3029"/>
							<String ID="STRING151" STYLEREFS="STYLE1" HEIGHT="76" WIDTH="118" HPOS="1577" VPOS="3022" CONTENT="den" WC="0.78" LANG="dan"/>
							<SP ID="SP131" WIDTH="26" HPOS="1695" VPOS="3022"/>
							<String ID="STRING152" STYLEREFS="STYLE1" HEIGHT="102" WIDTH="158" HPOS="1721" VPOS="3016" CONTENT="Ind" SUBS_TYPE="HypPart1" SUBS_CONTENT="Indretning" WC="0.51" LANG="dan"/>
							<HYP CONTENT="-"/>
						</TextLine>
						<TextLine ID="LINE22" HEIGHT="105" WIDTH="1712" HPOS="195" VPOS="3133">
							<String ID="STRING153" STYLEREFS="STYLE1" HEIGHT="94" WIDTH="250" HPOS="195" VPOS="3142" CONTENT="retning" SUBS_TYPE="HypPart2" SUBS_CONTENT="Indretning" WC="0.76" LANG="dan"/>
							<SP ID="SP132" WIDTH="34" HPOS="445" VPOS="3142"/>
							<String ID="STRING154" STYLEREFS="STYLE1" HEIGHT="78" WIDTH="20" HPOS="479" VPOS="3142" CONTENT="i" WC="0.87" LANG="dan"/>
							<SP ID="SP133" WIDTH="44" HPOS="499" VPOS="3142"/>
							<String ID="STRING155" STYLEREFS="STYLE1" HEIGHT="78" WIDTH="160" HPOS="543" VPOS="3158" CONTENT="vor," WC="0.62" LANG="dan"/>
							<SP ID="SP134" WIDTH="44" HPOS="703" VPOS="3158"/>
							<String ID="STRING156" STYLEREFS="STYLE1" HEIGHT="75" WIDTH="144" HPOS="747" VPOS="3146" CONTENT="eller" WC="0.87" LANG="dan"/>
							<SP ID="SP135" WIDTH="42" HPOS="891" VPOS="3146"/>
							<String ID="STRING157" STYLEREFS="STYLE1" HEIGHT="78" WIDTH="210" HPOS="933" VPOS="3159" CONTENT="nogen" WC="0.88" LANG="dan"/>
							<SP ID="SP136" WIDTH="42" HPOS="1143" VPOS="3159"/>
							<String ID="STRING158" STYLEREFS="STYLE1" HEIGHT="102" WIDTH="234" HPOS="1185" VPOS="3133" CONTENT="Stat," WC="0.66" LANG="dan"/>
							<SP ID="SP137" WIDTH="44" HPOS="1419" VPOS="3133"/>
							<String ID="STRING159" STYLEREFS="STYLE1" HEIGHT="96" WIDTH="134" HPOS="1463" VPOS="3139" CONTENT="som" WC="0.9" LANG="dan"/>
							<SP ID="SP138" WIDTH="46" HPOS="1597" VPOS="3139"/>
							<String ID="STRING160" STYLEREFS="STYLE1" HEIGHT="76" WIDTH="72" HPOS="1643" VPOS="3162" CONTENT="ey" WC="0.95" LANG="dan"/>
							<SP ID="SP139" WIDTH="68" HPOS="1715" VPOS="3162"/>
							<String ID="STRING161" STYLEREFS="STYLE1" HEIGHT="86" WIDTH="124" HPOS="1783" VPOS="3144" CONTENT="har" WC="0.7" LANG="dan"/>
						</TextLine>
						<TextLine ID="LINE23" HEIGHT="100" WIDTH="1698" HPOS="193" VPOS="3266">
							<String ID="STRING162" STYLEREFS="STYLE1" HEIGHT="58" WIDTH="78" HPOS="193" VPOS="3286" CONTENT="en" WC="0.98" LANG="dan"/>
							<SP ID="SP140" WIDTH="56" HPOS="271" VPOS="3286"/>
							<String ID="STRING163" STYLEREFS="STYLE1" HEIGHT="74" WIDTH="136" HPOS="327" VPOS="3268" CONTENT="eller" WC="0.92" LANG="dan"/>
							<SP ID="SP141" WIDTH="52" HPOS="463" VPOS="3268"/>
							<String ID="STRING164" STYLEREFS="STYLE1" HEIGHT="74" WIDTH="202" HPOS="515" VPOS="3272" CONTENT="andre" WC="0.74" LANG="dan"/>
							<SP ID="SP142" WIDTH="58" HPOS="717" VPOS="3272"/>
							<String ID="STRING165" STYLEREFS="STYLE1" HEIGHT="96" WIDTH="482" HPOS="775" VPOS="3267" CONTENT="Uleyligheder," WC="0.79" LANG="dan"/>
							<SP ID="SP143" WIDTH="70" HPOS="1257" VPOS="3267"/>
							<String ID="STRING166" STYLEREFS="STYLE1" HEIGHT="76" WIDTH="110" HPOS="1327" VPOS="3271" CONTENT="der" WC="0.7" LANG="dan"/>
							<SP ID="SP144" WIDTH="54" HPOS="1437" VPOS="3271"/>
							<String ID="STRING167" STYLEREFS="STYLE1" HEIGHT="78" WIDTH="22" HPOS="1491" VPOS="3269" CONTENT="i" WC="0.33" LANG="dan"/>
							<SP ID="SP145" WIDTH="60" HPOS="1513" VPOS="3269"/>
							<String ID="STRING168" STYLEREFS="STYLE1" HEIGHT="100" WIDTH="148" HPOS="1573" VPOS="3266" CONTENT="visse" WC="0.95" LANG="dan"/>
							<SP ID="SP146" WIDTH="54" HPOS="1721" VPOS="3266"/>
							<String ID="STRING169" STYLEREFS="STYLE1" HEIGHT="90" WIDTH="116" HPOS="1775" VPOS="3266" CONTENT="Til" SUBS_TYPE="HypPart1" SUBS_CONTENT="Tilfælde" WC="0.61" LANG="dan"/>
							<HYP CONTENT="-"/>
						</TextLine>
						<TextLine ID="LINE24" HEIGHT="104" WIDTH="1692" HPOS="193" VPOS="3385">
							<String ID="STRING170" STYLEREFS="STYLE1" HEIGHT="95" WIDTH="184" HPOS="193" VPOS="3385" CONTENT="fælde" SUBS_TYPE="HypPart2" SUBS_CONTENT="Tilfælde" WC="0.86" LANG="dan"/>
							<SP ID="SP147" WIDTH="56" HPOS="377" VPOS="3385"/>
							<String ID="STRING171" STYLEREFS="STYLE1" HEIGHT="92" WIDTH="202" HPOS="433" VPOS="3392" CONTENT="endog" WC="0.8" LANG="dan"/>
							<SP ID="SP148" WIDTH="60" HPOS="635" VPOS="3392"/>
							<String ID="STRING172" STYLEREFS="STYLE1" HEIGHT="60" WIDTH="96" HPOS="695" VPOS="3410" CONTENT="ere" WC="0.88" LANG="dan"/>
							<SP ID="SP149" WIDTH="54" HPOS="791" VPOS="3410"/>
							<String ID="STRING173" STYLEREFS="STYLE1" HEIGHT="100" WIDTH="398" HPOS="845" VPOS="3389" CONTENT="uafffillelige" WC="0.72" LANG="dan"/>
							<SP ID="SP150" WIDTH="58" HPOS="1243" VPOS="3389"/>
							<String ID="STRING174" STYLEREFS="STYLE1" HEIGHT="74" WIDTH="80" HPOS="1301" VPOS="3413" CONTENT="og" WC="0.99" LANG="dan"/>
							<SP ID="SP151" WIDTH="60" HPOS="1381" VPOS="3413"/>
							<String ID="STRING175" STYLEREFS="STYLE1" HEIGHT="96" WIDTH="286" HPOS="1441" VPOS="3389" CONTENT="saaledes" WC="0.88" LANG="dan"/>
							<SP ID="SP152" WIDTH="56" HPOS="1727" VPOS="3389"/>
							<String ID="STRING176" STYLEREFS="STYLE1" HEIGHT="96" WIDTH="102" HPOS="1783" VPOS="3392" CONTENT="for" SUBS_TYPE="HypPart1" SUBS_CONTENT="forknyttede" WC="0.68" LANG="dan"/>
							<HYP CONTENT="-"/>
						</TextLine>
						<TextLine ID="LINE25" HEIGHT="102" WIDTH="1720" HPOS="193" VPOS="3511">
							<String ID="STRING177" STYLEREFS="STYLE1" HEIGHT="97" WIDTH="292" HPOS="193" VPOS="3511" CONTENT="knyttede" SUBS_TYPE="HypPart2" SUBS_CONTENT="forknyttede" WC="0.71" LANG="dan"/>
							<SP ID="SP153" WIDTH="38" HPOS="485" VPOS="3511"/>
							<String ID="STRING178" STYLEREFS="STYLE1" HEIGHT="78" WIDTH="142" HPOS="523" VPOS="3516" CONTENT="med" WC="0.69" LANG="dan"/>
							<SP ID="SP154" WIDTH="36" HPOS="665" VPOS="3516"/>
							<String ID="STRING179" STYLEREFS="STYLE1" HEIGHT="101" WIDTH="534" HPOS="701" VPOS="3512" CONTENT="Hoved-Sagen" WC="0.78" LANG="dan"/>
							<SP ID="SP155" WIDTH="46" HPOS="1235" VPOS="3512"/>
							<String ID="STRING180" STYLEREFS="STYLE1" HEIGHT="100" WIDTH="152" HPOS="1281" VPOS="3513" CONTENT="selv," WC="0.85" LANG="dan"/>
							<SP ID="SP156" WIDTH="48" HPOS="1433" VPOS="3513"/>
							<String ID="STRING181" STYLEREFS="STYLE1" HEIGHT="66" WIDTH="72" HPOS="1481" VPOS="3533" CONTENT="at" WC="0.7" LANG="dan"/>
							<SP ID="SP157" WIDTH="42" HPOS="1553" VPOS="3533"/>
							<String ID="STRING182" STYLEREFS="STYLE1" HEIGHT="78" WIDTH="200" HPOS="1595" VPOS="3522" CONTENT="denne" WC="0.88" LANG="dan"/>
							<SP ID="SP158" WIDTH="42" HPOS="1795" VPOS="3522"/>
							<String ID="STRING183" STYLEREFS="STYLE1" HEIGHT="72" WIDTH="76" HPOS="1837" VPOS="3538" CONTENT="ey" WC="0.74" LANG="dan"/>
						</TextLine>
					</TextBlock>
					<TextBlock xs:type="TextBlockType" ID="ZONE1124126" HEIGHT="82" WIDTH="130" HPOS="1782" VPOS="3640" xlink:type="simple">
						<TextLine ID="LINE26" HEIGHT="82" WIDTH="130" HPOS="1782" VPOS="3640">
							<String ID="STRING184" STYLEREFS="STYLE1" HEIGHT="82" WIDTH="130" HPOS="1782" VPOS="3640" CONTENT="kan" WC="0.82" LANG="dan"/>
						</TextLine>
					</TextBlock>
				</ComposedBlock>
			</PrintSpace>
		</Page>
	</Layout>
</alto>
