3036 4519
1184 434 92 67 24

1393 601 338 94 Sluttelig
1771 600 284 96 begriber
2095 601 94 97 jeg
2231 605 120 76 nok
2393 623 66 65 at
2503 612 196 81 kunde
2741 617 80 77 bli-

1181 726 81 58 ve
1325 705 167 94 giorr
1547 706 99 72 det
1685 699 479 97 Spørsmaal,
2231 702 129 90 som
2417 707 91 95 jeg
2571 710 113 92 selv
2743 715 107 84 faa

1186 802 130 91 ofte
1360 801 120 90 har
1524 797 190 80 tænkt
1756 819 156 73 paa,
1954 816 218 79 uagtet
2210 820 68 61 at
2318 805 162 79 mine
2522 830 142 74 egne
2704 813 114 85 Be-

1190 903 361 91 kymringer
1623 919 82 72 og
1764 895 207 98 Sorg
2032 899 121 96 har
2211 906 166 88 givet
2431 906 126 94 mig
2609 911 114 78 nok
2779 930 70 64 at

1191 999 196 78 tænke
1421 1001 281 97 paa-da
1619 1001 84 74 da
1741 997 93 95 jeg
1875 1000 186 93 tillige
2101 1021 62 57 er
2205 1024 72 53 en
2317 1003 272 79 brødløs
2607 1006 241 98 Mand,

1184 1118 88 75 og
1314 1117 72 72 et)
1430 1104 206 84 gierne
1672 1097 88 78 vil
1800 1116 164 60 være
2006 1099 136 77 min
2188 1098 224 97 Næste
2454 1104 68 76 til
2560 1104 246 95 Byrde.

1402 1193 137 97 Jeg
1582 1194 177 95 siger,
1796 1196 95 96 jeg
1938 1196 121 95 har
2106 1200 185 77 tænkt
2334 1221 131 70 paa
2508 1210 115 72 den
2644 1203 185 82 Qvæ-

1189 1296 184 96 stion,
1421 1293 130 93 font
1593 1313 64 58 er
1695 1304 176 68 værd
1915 1313 70 60 at
2029 1295 204 81 kunde
2275 1299 284 97 besvare;
2605 1307 254 91 nemlig:

1185 1416 133 66 paa
1361 1395 177 88 hvad
1583 1390 255 82 Maade
1885 1414 79 73 og
2009 1402 143 73 med
2201 1398 195 88 hvilke
2427 1399 243 85 Midler
2712 1425 150 57 man

1186 1492 129 95 best
1384 1493 202 77 kunde
1646 1494 394 90 understøtte
2112 1516 79 74 og
2256 1495 178 98 staffe
2488 1498 374 96 Fabrikerne

1185 1591 228 86 Debit
1455 1612 80 70 og
1575 1588 402 98 Afsætning,
2019 1595 70 76 til
2129 1592 212 96 Nytte
2387 1601 144 63 Nß.
2579 1600 98 97 for
2727 1603 134 95 beg»

1183 1712 79 76 ge
1297 1689 335 95 Rigerne?

1408 1787 140 97 Jeg
1604 1785 324 94 forsikkrer
1988 1799 142 73 med
2172 1796 214 91 største
2424 1795 436 99 Oprigtighed

1186 1912 85 75 og
1330 1895 169 72 uden
1542 1886 297 99 Praierie
1898 1896 177 84 (eller
2114 1912 69 58 at
2228 1890 387 100 frembringe
2658 1919 207 73 noget,

1191 1988 132 94 som
1369 1995 192 69 allene
1603 1985 118 78 kan
1757 1985 170 93 have
1965 2009 58 60 et
2069 1991 130 77 blot
2243 1990 190 83 Skin
2481 1994 74 92 af
2589 2004 102 69 det
2727 1995 107 84 R-

1190 2093 123 85 «ele,
1192 2094 122 85 ele,
1356 2091 140 73 eller
1551 2084 129 92 som
1738 2103 156 59 man
1937 2088 199 94 siger,
2200 2090 184 79 ikkun
2444 2114 72 58 at
2560 2112 144 61 røre
2744 2106 122 66 ved

1186 2186 289 83 Skallen
1518 2202 77 74 og
1634 2181 119 78 ikke
1796 2182 243 81 komme
2082 2190 67 76 til
2190 2186 355 102 Kiernen);
2596 2192 109 91 fan
2750 2214 130 56 an»'

1181 2282 122 92 seer
1365 2283 98 93 jeg
1515 2288 102 72 det
1671 2277 102 94 for
1827 2282 120 79 ikke
2007 2301 70 60 at
2137 2306 162 60 være
2357 2296 368 91 umneligt,
2793 2308 70 62 at

1185 2382 207 80 kunde
1455 2380 223 94 opgive
1739 2387 71 71 de
1865 2380 357 100 Aarsager,
2299 2385 133 90 som
2507 2388 121 79 kan
2705 2409 163 60 være

1182 2485 270 91 gavnlig
1512 2482 72 76 til
1640 2477 428 96 Fabrikernes
2124 2480 328 100 Opkomst
2484 2538 22 42 ,
2574 2493 168 74 uden
2800 2506 70 60 at

1189 2600 164 57 være
1380 2579 213 97 Hans
1612 2577 369 91 Majestæts
2010 2579 197 99 Caffa
2251 2587 70 74 til
2367 2607 202 71 nogen
2602 2586 263 96 Skade,

1187 2700 71 68 ey
1307 2669 180 102 heller
1531 2696 206 77 nogen
1785 2672 77 94 as
1887 2674 270 99 Norges
2183 2683 469 94 Undersaatter,
2698 2707 166 56 naae

1186 2786 108 70 det
1328 2777 196 79 bliver
1558 2770 286 98 forlangt
1876 2772 76 97 af
1966 2783 170 89 dem,
2182 2780 128 88 som
2338 2783 118 77 kan
2486 2783 380 91 authorisere

1184 2878 137 93 mig
1362 2876 201 80 dertil.
1670 2871 133 101 Thi
1836 2880 105 75 det
1978 2875 99 98 jeg
2118 2880 19 76 i
2176 2876 107 94 saa
2318 2879 287 82 Maader
2642 2879 223 97 forhen

1187 2980 124 92 har
1369 2976 324 92 indgivet,
1749 2993 68 59 er
1873 2972 184 83 ikkun
2117 2980 216 75 bleven
2393 2981 174 91 ringe
2622 2978 242 94 anseer-:

1185 3072 339 92 selvbuden
1564 3069 280 92 Tjenese
1889 3072 195 81 bliver
2129 3079 331 93 gemeenlig
2509 3076 357 95 forsmaaet.

1184 3172 450 98 Kiobenhavn
1680 3177 116 72 den
1840 3192 86 70 31
1966 3171 368 86 December
2384 3197 206 69 1771.

2059 3307 270 111 Otto
2377 3303 96 112 L.
2517 3301 224 118 Bie.
