2955 4560
1744 452 98 73 43

161 647 112 74 den
291 638 156 99 Tag
465 659 108 78 zur
587 639 232 94 Nacht
837 644 278 98 machen.
1185 643 150 88 Die
1357 649 232 92 neueste
1609 645 210 101 Hand-

159 742 629 95 werksverordnung
807 747 295 93 bestehlet,
1137 747 125 92 daß
1291 752 95 72 ein
1413 750 437 89 Meisterseine

158 842 402 97 Hauskhüre
602 848 88 72 im
738 844 340 81 Sommer
1118 868 110 57 um
1274 872 124 72 io,
1450 852 86 77 im
1568 847 284 87 Winter

159 943 156 80 aber
341 966 114 56 um
495 969 44 66 9
578 945 135 93 Uhr
733 945 402 97 verschließen
1156 955 125 92 soll.
1388 948 131 84 Ein
1538 951 159 90 jeder
1715 968 108 60 ver-

157 1040 328 94 nünftiger
517 1045 265 92 Mann,
839 1059 108 66 der
977 1048 150 88 seine
1153 1045 282 98 Zungen
1469 1053 94 76 die
1611 1048 244 96 gehör!«

158 1165 74 72 ge
260 1142 212 97 Ruhe
518 1140 380 98 vergönnet,
962 1148 142 86 thut
1148 1149 228 88 dieses,
1444 1170 188 59 wenn
1694 1148 160 97 auch

160 1249 97 72 die
296 1244 463 94 Verordnung
790 1247 161 94 nicht
1000 1240 199 86 wäre.
1328 1248 175 84 Wie
1556 1247 181 81 wäre
1784 1258 73 73 es

161 1343 154 79 aber
353 1342 230 90 solchen
615 1345 478 95 nicodemischen
1123 1348 314 90 Meistern
1465 1359 134 70 und
1641 1349 194 89 Gesel-

165 1449 95 72 len
297 1442 315 97 möglich,
667 1446 97 76 die
817 1445 213 98 halbe,
1091 1457 145 70 oder
1281 1448 173 92 woh!
1501 1471 121 74 gar
1663 1470 197 78 ganze

160 1540 304 95 Nächte,
520 1547 486 89 auszubleiben,
1064 1568 188 59 wenn
1302 1548 212 90 unsere
1556 1551 272 94 Policey-

164 1643 361 92 bedienken,
579 1650 122 74 wie
731 1656 70 69 es
836 1649 127 92 ihre
996 1645 245 101 Pflicht
1276 1651 91 95 ist,
1424 1649 403 95 dieWirths-

165 1741 228 98 Häuser
449 1743 207 98 fleißig
719 1747 402 94 exequirten?
1214 1761 135 66 und
1425 1753 174 88 wehe
1659 1762 200 68 denen

162 1843 350 93 Meistern,
572 1852 94 72 die
712 1852 166 85 nicht
928 1852 184 76 allein
1168 1851 154 78 über
1368 1852 128 90 ihre
1540 1849 324 98 Jungens

162 1943 239 95 Macht
442 1945 243 93 haben,
742 1951 147 74 eben
930 1949 233 88 sowohl
1194 1957 107 73 als
1348 1956 93 74 die
1484 1953 269 95 Meister
1794 1960 67 72 in

161 2040 379 105 Skyev
609 2046 382 98 Frankreich
1025 2064 132 66 und
1193 2053 318 98 Holland.

304 2242 244 87 Wenn
590 2244 180 88 unser
818 2248 346 92 politischer
1202 2247 656 102 Handwerksmann,

162 2339 275 100 jemahls
488 2345 151 87 diese
688 2344 243 83 Länder
976 2350 271 95 besuchet
1292 2349 149 95 hat,
1500 2355 59 88 so
1595 2358 164 89 giebt
1787 2376 68 59 er

165 2449 160 89 allzu
383 2445 260 89 deutlich
701 2464 72 74 zu
821 2447 334 84 erkennen,
1221 2452 127 92 daß
1401 2472 62 56 er
1517 2455 180 89 mehr
1753 2458 100 77 die

163 2542 397 99 französische
590 2550 84 64 ais
704 2552 188 65 vivre
923 2549 255 86 studk
1208 2551 146 91 hat,
1380 2556 108 75 als
1500 2555 100 76 die
1614 2553 212 95 Hand-

162 2646 277 95 werker;
496 2646 177 88 mehr
720 2644 373 97 Cvnqueren
1132 2651 111 92 bey
1278 2661 139 67 dem
1448 2652 381 96 Frauenzim-

163 2765 138 59 mer
343 2743 286 93 gemacht
679 2744 142 93 hat,
879 2755 106 69 als
1031 2750 62 76 in
1127 2761 192 66 denen
1347 2750 330 95 Künsten;
1723 2764 138 69 und

165 2849 119 76 mit
315 2842 373 96 Erlernung
719 2847 187 86 dieser
935 2846 243 97 Künste
1207 2854 261 90 zugleich
1515 2859 93 72 die
1641 2853 219 98 Kunst

164 2951 262 75 erlernet
462 2947 136 90 hat,
656 2948 94 74 die
782 2947 318 96 Jungens
1130 2949 124 92 auf
1276 2961 108 67 der
1416 2952 256 95 Treppe
1704 2956 158 95 nach

168 3045 185 86 seiner
390 3042 389 97 Heimkunft
812 3069 251 57 warten
1090 3070 69 72 zu
1198 3049 227 101 lassen;
1476 3055 127 94 daß
1651 3077 62 57 er
1732 3060 93 72 die-

169 3143 86 90 ser
283 3144 330 95 wichtigen
647 3144 340 100 Geschäfte
1029 3150 218 88 halber
1301 3174 124 58 nur
1471 3161 207 89 wenig
1721 3154 144 98 Zeit

169 3241 191 97 übrig
393 3246 323 94 behalten,
772 3259 122 68 den
925 3247 293 99 Zustand
1260 3263 110 65 der
1406 3252 452 99 Handwerker

168 3365 74 72 zu
286 3345 433 99 untersuchen;
788 3357 133 70 und
970 3354 123 86 daß
1146 3373 65 56 er
1248 3354 235 93 endlich
1534 3357 109 90 bey
1676 3358 187 90 seiner

167 3443 466 103 Wiederkehr,
703 3456 110 77 als
857 3453 98 81 ein
989 3454 258 97 wahrer
1285 3461 164 95 Jean
1479 3459 80 72 de
1583 3465 286 79 France,

1769 3562 99 80 die
