3070 4508
1233 497 104 70 54

1227 673 282 76 mangen
1531 647 218 96 Gang
1773 661 72 66 at
1859 647 160 80 tiene
2031 651 206 76 under
2259 651 74 74 de
2351 639 324 100 fremmede
2691 647 302 102 Fyrsters

1235 755 308 98 Fahner,
1595 753 122 74 end
1757 763 72 64 at
1877 745 166 80 blive
2085 747 20 78 i
2141 743 152 86 Roe
2337 749 20 76 i
2401 745 252 94 Landet,
2679 769 76 74 og
2783 771 212 72 gavne

1231 855 276 82 Staten
1547 851 144 76 med
1739 851 182 76 deres
1963 845 172 98 Flid.
2241 845 286 96 Laugene
2575 867 90 58 ere
2753 849 238 98 Skyld

1231 951 138 82 deri
1409 969 82 74 og
1531 951 156 76 intet
1731 951 212 76 andet.
2043 943 136 88 De
2219 943 462 96 smaaStæder
2731 949 114 94 har
2893 953 64 76 in-

1231 1071 124 74 gen
1413 1045 416 102 Forbindelse
1881 1051 146 76 med
2085 1045 290 96 Laugene
2431 1047 20 76 i
2511 1043 470 98 Hovedstaden.

1235 1147 276 98 Enhver
1533 1145 620 102 Haandværkskarl
2191 1145 212 92 anseer
2445 1149 142 76 dem
2649 1151 138 76 med
2829 1145 130 98 For-

1235 1263 118 82 agt
1381 1269 24 80 ;
1479 1249 196 94 reyste
1737 1247 132 96 han
1921 1247 236 94 derhen
2215 1245 134 94 som
2393 1243 308 96 Svend,
2759 1261 232 64 maatte

1237 1349 136 96 han
1413 1349 142 96 give
1593 1341 270 100 Straf;
1903 1347 170 78 vilde
2123 1349 132 84 han
2299 1347 162 78 blive
2511 1345 98 90 sin
2653 1363 178 78 egen,
2869 1363 120 62 var

1237 1451 136 92 han
1419 1445 374 102 uzüufcig.
1977 1445 168 86 Der
2181 1445 168 96 reyse
2391 1443 206 96 altsaa
2639 1445 180 96 ingen
2857 1451 102 74 der-

1239 1549 162 94 hen,
1443 1553 172 76 uden
1657 1553 114 86 de,
1821 1545 134 94 som
1993 1545 126 80 ikke
2163 1547 122 78 kan
2329 1545 248 78 komme
2621 1541 132 92 fort
2789 1549 18 72 i
2843 1543 116 100 Ho-

1233 1651 370 92 vedstaden.
1711 1645 218 86 Dette
1971 1665 64 60 er
2075 1643 124 82 ikke
2237 1645 146 96 nok,
2409 1643 486 96 Udlærlingerne
2917 1639 76 100 af

1237 1753 80 74 de
1359 1745 186 94 smaa
1581 1743 290 86 Stæder
1909 1741 376 98 forhindres
2325 1751 120 74 ved
2471 1743 324 98 Laugenes
2837 1763 122 58 nær-

1233 1851 296 76 værende
1591 1845 414 98 Indretning
2073 1859 70 64 at
2215 1841 290 96 forbedre
2567 1845 92 94 sig
2727 1843 22 80 i
2815 1847 172 76 deres

1245 1945 428 98 Profession.
1815 1943 308 98 Hiemme
2161 1943 124 80 kan
2325 1949 74 76 de
2437 1943 80 96 af
2543 1943 284 94 Mangel
2865 1961 126 74 paa

1230 2045 332 98 Venlighed
1603 2045 126 80 ikke
1771 2049 142 76 lære
1955 2065 186 72 mere,
2187 2049 162 76 dette
2385 2043 204 82 kunde
2624 2038 124 107 skee
2787 2043 20 78 i
2843 2041 116 98 Ho-

1233 2149 368 86 vedstaden.
1707 2143 178 82 Men
1931 2143 110 98 her
2083 2145 122 96 stal
2247 2151 72 74 de
2359 2141 160 100 først
2561 2145 170 94 staae
2769 2143 20 78 i
2823 2141 138 100 For-

1237 2247 232 80 bundt.
1597 2243 212 90 Tænk
1849 2265 248 78 engang
2137 2249 118 78 ved
2299 2265 232 76 mange
2567 2241 426 100 Haandvær«

1233 2347 104 80 ker
1377 2349 20 76 i
1439 2373 40 48 2
1525 2351 142 76 eller
1713 2369 36 68 z
1799 2343 164 84 Aar.
2065 2343 130 88 De
2247 2345 120 92 stal
2419 2349 86 76 da
2549 2347 274 90 arveyde
2865 2337 100 96 for-

1233 2451 178 74 uden
1471 2445 136 84 Løn
1669 2465 82 76 og
1815 2443 302 94 udsættes
2171 2465 132 76 paa
2363 2465 122 74 nye
2537 2441 104 96 for
2685 2441 172 98 Hug
2911 2461 76 74 og

1231 2545 444 90 Skieldsord.
1823 2545 218 86 Dette
2081 2567 62 60 er
2187 2559 204 82 meget
2429 2557 234 82 tungt;
2719 2547 70 74 de
2831 2541 152 80 blive

1233 2643 222 96 derfor
1517 2647 270 96 hiemme
1849 2665 80 76 og
1983 2665 128 60 øve
2163 2651 180 78 deres
2383 2641 432 102 Haandværk
2857 2639 100 94 saa-

1227 2753 220 90 ledes,
1505 2747 134 94 som
1697 2755 184 78 deres
1937 2745 248 96 Mester
2247 2747 120 90 har
2429 2749 140 74 lært
2629 2747 138 78 dem
2811 2745 170 76 dette.

1231 2845 196 94 Efter
1483 2855 204 76 denne
1727 2845 392 104 Forklaring
2163 2847 120 88 har
2337 2865 158 58 man
2533 2847 98 76 vel
2667 2841 116 78 ikke
2819 2839 136 82 Aar-

1231 2947 118 96 sag
1391 2965 70 62 at
1507 2955 208 74 undre
1749 2951 100 96 sig
1893 2963 174 78 over,
2113 2963 72 64 at
2225 2943 144 100 disse
2409 2943 288 84 Stæder
2737 2943 248 92 mangle

1217 3055 166 88 godt
1425 3045 326 100 Arbeyde,
1801 3047 376 92 Mennesker
2219 3067 78 74 og
2343 3045 368 96 Velstand.
2799 3039 188 86 Bort

1221 3153 148 78 med
1409 3147 144 100 disse
1577 3147 426 100 Fordomme,
2031 3143 538 96 afstafLaugene,
2597 3165 80 74 og
2692 3139 261 100 Haand-

1219 3246 321 88 rarkerne
1603 3251 20 76 i
1687 3255 72 74 de
1817 3245 184 94 smaa
2055 3245 290 82 Stæder
2413 3245 124 98 stal
2597 3241 178 96 snart
2829 3245 156 92 ligne

1223 3351 146 76 dem
1415 3349 18 78 i
1475 3345 494 100 Hovedstaden.

1447 3445 268 98 Førend
1757 3447 98 96 jeg
1901 3449 260 94 flutter,
2207 3465 158 60 maa
2407 3445 98 98 jeg
2529 3447 160 94 sige,
2727 3457 70 66 at
2823 3457 162 62 naar

1219 3543 292 98 Laugene
1553 3545 174 84 bleve
1785 3547 382 98 ophævede,
2211 3545 239 100 skulde
2493 3545 358 100 Konstnere
2909 3559 78 74 og

2707 3641 280 104 Haand-
