3197 4521
1392 471 87 78 38

1391 665 278 100 schalten
1735 684 70 74 zu
1845 657 454 94 Werkzeugen
2345 658 254 87 machen
2643 665 214 99 sollen,
2929 692 106 60 wo-

1395 767 195 94 durch
1621 770 95 74 die
1745 762 367 87 Barbarey
2145 768 425 86 ausgerokker,
2623 767 127 78 und
2775 772 89 76 die
2881 790 185 76 guten

1394 871 252 80 Sitten
1704 886 86 54 an
1868 862 130 91 ihre
2072 857 228 82 Stelle
2370 863 334 94 gepflanzet
2774 886 294 85 werden;

1396 989 162 58 man
1592 960 358 95 untersuche
1986 957 130 98 ihre
2152 956 422 99 Aufführung
2602 962 118 92 auf
2930 976 112 72 mei-

1398 1069 129 92 sten
1570 1064 411 80 Academien.
2094 1057 247 93 Weich
2388 1062 129 75 eine
2584 1065 487 100 Ungezogenheit,

1399 1167 68 94 ja
1527 1164 176 96 wohl
1741 1184 126 72 gar
1919 1161 352 91 Barberey
2325 1204 122 16 —
2507 1161 170 98 selbst
2721 1170 162 72 wirb
2929 1190 144 57 man

1399 1263 166 94 nicht
1597 1264 340 76 erblicken?
1987 1261 188 78 Man
2211 1258 104 88 lese
2343 1262 96 72 die
2457 1258 140 83 No.
2623 1275 84 70 18
2729 1275 110 67 des
2859 1272 192 86 patrio-

1400 1363 222 90 tischen
1667 1361 405 95 Magazins,
2129 1357 59 90 so
2239 1362 169 76 wird
2457 1363 457 97 man.daselbst
2952 1378 120 68 aus

1398 1471 148 70 dem
1592 1466 248 90 eigenen
1884 1462 266 81 Munde
2198 1460 172 78 eines
2410 1458 496 98 Studirende»,
2954 1478 116 71 das

1402 1561 408 96 Gestänvniß
1846 1572 106 69 der
1978 1559 372 93 Wahrheit
2380 1565 242 76 meines
2648 1561 274 95 Satzes,
2962 1568 80 92 fin-

1400 1671 137 72 den.
1648 1664 247 92 Haben
1924 1673 163 68 denn
2118 1663 95 73 die
2246 1660 389 80 Academien
2675 1665 156 91 auch
2870 1664 177 80 Amts-

1399 1759 446 99 verfassungen
1873 1810 20 45 ,
1985 1767 132 72 aus
2169 1758 296 96 weichem
2515 1765 94 74 die
2652 1760 421 104 Væv-erhn

1397 1871 114 74 der
1541 1861 246 87 Sitten
1835 1859 184 96 dieser
2057 1857 182 84 Leute
2269 1862 328 94 enstehen?

1552 2059 206 89 Was
1784 2060 208 93 racher
2024 2059 98 96 ihr
2156 2065 164 71 denn
2350 2080 168 73 nun,
2570 2061 116 78 wie
2730 2070 110 72 alle
2872 2064 210 90 diesem

1402 2161 192 82 Uebel
1622 2160 412 96 abzuhelfen?
2090 2181 202 58 wann
2324 2170 208 70 weder
2564 2161 320 91 Reliaion,
2934 2166 148 95 noch

1401 2263 292 91 Moral,
1780 2257 495 100 Schauplätze,
2347 2270 148 68 oder
2562 2261 523 96 Wissenschaften

1403 2359 396 99 vermögend
1831 2362 136 94 sind
1999 2363 336 91 gereinigte
2355 2362 240 80 Sitten
2625 2364 432 94 hervorzubrin-

1401 2485 140 72 gen.
1647 2460 170 94 Ohn
1855 2457 268 100 Zweifel
2163 2460 220 94 dieses,
2427 2473 150 68 was
2609 2465 96 86 ihr
2737 2483 126 59 von
2899 2474 184 71 denen

1402 2563 310 84 Aemrern
1756 2570 210 84 saget:
2022 2559 446 96 „Vertreibet
2498 2565 96 78 die
2624 2561 302 97 Religion
2964 2574 120 71 aus

1404 2713 52 48 „
1512 2662 228 90 unfern
1784 2660 324 95 Reichen,
2176 2660 340 94 verwüstet
2558 2665 94 78 die
2696 2661 382 100 Academien,

1404 2813 51 46 „
1512 2761 238 95 schicket
1802 2764 98 77 die
1944 2763 400 89 Moralisten
2396 2766 62 76 in
2518 2761 565 102 Landfiüchtigkeit,

1403 2913 46 44 „
1507 2874 134 68 und
1675 2864 174 92 Heber
1885 2865 96 76 die
2013 2863 260 80 Aemrer
2299 2862 148 94 auf,
2505 2867 206 76 damit
2739 2872 150 74 alles
2905 2866 178 90 seinen

1403 3013 50 48 „
1511 2961 214 95 freyen
1757 2962 396 97 natürlichen
2187 2964 170 96 Lauf
2385 2964 200 93 habe,
2641 2971 292 87 alsdann,
2959 2976 126 68 und

1401 3113 51 46 „
1509 3065 163 97 nicht
1709 3064 175 94 eher,
1941 3071 256 72 werden
2233 3070 97 74 die
2367 3066 242 82 Sitten
2637 3068 428 94 gereinigtwer-

1400 3213 50 46 „
1506 3173 162 77 den,
1738 3168 98 74 die
1886 3162 536 97 Wissenschaften
2474 3163 274 98 blühen,
2826 3180 124 66 und
2998 3166 88 79 die

1402 3311 48 46 „
1506 3263 254 97 Künste
1826 3277 134 67 und
2016 3265 454 94 Handwerker
2528 3269 66 76 in
2646 3265 440 98 Ausnehmung

1404 3413 47 44 „
1508 3365 370 79 kommen."
1978 3367 251 95 Allein,
2286 3388 187 60 wenn
2508 3369 139 94 ihr,
2720 3376 163 72 mein
2926 3368 161 80 lieber

1403 3466 352 100 politischer
1791 3462 680 106 Handwerksmann,
2521 3479 166 78 denn
2717 3469 190 103 Rath
2935 3470 156 80 eines
