3048 4560
224 689 138 82 min
408 686 260 100 Herre!
736 685 126 92 selv
918 686 102 96 sye
1058 704 156 63 vore
1252 683 270 85 Klæder
1566 705 79 78 og
1692 681 250 97 Skoe;

217 835 152 60 men
455 815 258 77 dermed
781 829 126 63 var
965 810 438 97 Regieringen
1477 830 82 75 og
1615 807 332 97 Kongens

221 931 193 103 Casse
455 956 71 74 ey
583 941 181 74 tiem.
915 930 159 88 Det
1113 931 171 96 Argi
1329 930 199 98 Ord,
1589 934 359 100 magelig,

420 1068 124 88 26,
588 1056 328 97 fordreyer
944 1056 132 86 De
1122 1076 202 77 meget
1368 1056 278 97 ubilligt,
1688 1079 82 75 og
1815 1060 137 78 der-;

382 1182 147 96 giør
572 1200 73 60 en
684 1177 251 98 Hoben
978 1175 451 99 Logomachie,
1490 1176 135 94 som
1666 1179 19 78 i
1744 1196 59 64 et
1838 1202 89 76 pa-

223 1304 242 98 triotisk
499 1301 244 94 Skrift
783 1323 72 79 ey
903 1302 122 90 har
1051 1300 242 85 Stæd.
1345 1346 126 12 —
1519 1302 278 100 Endelig
1843 1326 84 68 op-

229 1435 225 96 holder
499 1428 131 86 De
673 1427 203 86 Dem
941 1448 75 58 en
1075 1430 291 94 uendelig
1409 1424 135 90 Dd
1605 1447 151 62 over
1799 1428 127 82 Me-

224 1550 482 102 sterstykkerne,
754 1557 146 74 dem
926 1548 132 86 De
1098 1555 240 79 aldeles
1380 1554 90 78 vil
1516 1550 166 99 have
1722 1548 214 100 afssaf-

224 1675 159 96 fede.
488 1672 159 88 Det
688 1693 61 64 er
794 1693 133 75 paa
968 1670 285 99 Danff:
1324 1672 135 92 De
1502 1679 87 76 vil
1640 1673 165 100 have
1848 1696 75 58 en-

225 1801 164 92 hver
431 1800 362 95 Bønhas,
851 1816 182 64 enten
1077 1801 134 96 han
1255 1797 126 84 kan
1425 1819 194 80 noget
1657 1805 142 76 eller
1847 1820 100 74 ey,

225 1925 127 94 stal
412 1944 170 60 være
625 1921 295 99 Mester;
1005 1923 280 97 maaskee
1345 1928 131 96 han
1533 1927 123 90 stal
1711 1924 125 94 løse
1876 1946 78 58 en

226 2045 418 97 Bevilgning
686 2047 22 80 i
748 2045 394 98 Enncelliet,
1196 2047 136 94 fom
1378 2050 194 96 koster
1622 2075 86 52 12
1750 2049 200 87 Ndlr.

227 2191 40 72 3
299 2163 176 103 Mk.,
519 2165 248 98 hvoraf
785 2169 288 97 Kongen
1109 2171 190 82 ikkun
1339 2168 184 96 faaer
1561 2181 72 74 de
1669 2197 50 68 4
1747 2173 204 83 Rdlr.

227 2309 86 74 vg
351 2295 72 77 de
465 2290 248 95 øvrige,
755 2289 136 94 som
939 2290 360 100 Sportler,
1341 2314 164 76 gaae
1545 2299 20 76 i
1609 2293 318 84 Cancellie-

230 2411 474 86 Beciemernes
746 2411 278 85 Lomme.
1134 2415 102 84 Er
1280 2423 102 75 det
1426 2418 136 95 saa,
1610 2423 88 76 da
1738 2439 64 61 er
1846 2424 112 76 der

232 2556 212 77 nogen
486 2534 260 84 Grund
786 2537 22 76 i
846 2536 240 86 Deres
1120 2537 311 101 Project,
1480 2540 151 96 helst
1680 2563 108 59 om
1822 2542 134 86 De

229 2655 128 94 selv
413 2678 64 58 er
537 2665 146 74 med
743 2675 72 64 at
875 2664 130 74 dele
1057 2660 444 97 Sportlerne!
1565 2665 196 97 Ney,
1821 2668 140 80 min

233 2779 157 80 kiere
419 2776 483 84 Statsmand!
953 2780 483 98 Mesterstykker
1477 2806 189 61 maae
1709 2809 79 75 og
1835 2792 123 80 bør

232 2903 260 97 giøres;
566 2902 94 97 thi
716 2899 80 96 af
850 2910 144 76 dem
1051 2906 123 96 skal
1234 2931 160 59 man
1447 2909 85 95 see
1636 2913 178 94 hvad
1878 2938 78 60 en

238 3021 335 101 Arbeyder
620 3023 353 103 forstaaer;
1052 3030 173 83 Men
1272 3053 159 61 man
1472 3036 205 81 kunde
1730 3037 63 92 jo
1838 3044 95 72 vel-

239 3153 162 88 gode
457 3146 492 104 Forordninger
1005 3154 222 101 bringe
1291 3166 104 74 det
1453 3163 210 96 dertil,
1723 3184 70 60 at

239 3265 137 94 som
421 3270 173 94 giøre
617 3271 509 104 Mesterstykker,
1157 3284 285 96 umuelig
1489 3284 205 83 kunde
1727 3285 237 97 begaae

238 3407 212 79 nogen
496 3390 200 101 Svig
740 3403 274 95 derved,
1074 3425 150 58 men
1294 3406 286 94 absolute
1622 3415 144 75 med
1808 3430 156 76 egne

236 3511 303 102 Hænder
598 3537 241 67 maatte
898 3522 367 103 forfærdige
1318 3536 203 76 dem?
1600 3529 141 88 Da
1788 3534 179 78 bleve

1003 3646 64 87 C
1109 3673 52 72 4
1889 3656 80 76 de
