3021 4508
1209 393 62 90 6

1219 599 106 94 for
1365 611 126 66 otte
1533 591 354 98 Skilling,
1973 593 284 92 hvorved
2303 603 72 68 de
2419 597 308 98 udbragte
2773 625 142 51 mo-

1222 701 374 91 Rigsdaler
1223 701 374 92 Rigsdaler
1631 693 74 88 af
1731 703 70 66 de
1839 713 136 74 paa
2007 711 58 60 et
2095 689 228 92 Tønde
2355 693 168 84 Land
2543 707 214 70 avlede
2781 699 110 90 To-

1225 799 272 90 bakker;
1549 813 88 58 nu
1669 805 248 80 nægtes
1951 791 160 94 ikke,
2187 811 68 60 at
2297 797 58 86 jo
2385 797 172 86 hertil
2609 799 308 88 udfodres

1229 893 694 98 størreBekostmnger
1975 937 22 46 ,
2047 903 118 60 end
2207 893 70 72 til
2319 893 356 94 almindelig
2717 893 174 96 Ager-

1231 995 360 82 dyrkning,
1643 989 410 92 mensamme
2089 987 128 76 kan
2265 999 126 84 dog
2431 993 288 90 bestrides
2771 1005 144 68 med

1241 1087 92 68 16
1363 1079 364 96 Rigsdaler
1763 1101 130 72 paa
1927 1103 56 60 et
2017 1083 232 90 Tønde
2299 1083 216 98 Land,
2563 1088 200 90 altsaa
2807 1095 108 86 ha»

1233 1199 78 60 ve
1343 1191 70 70 de
1451 1183 186 92 første
1675 1181 108 94 frit
1813 1187 112 76 udi
1951 1183 268 94 Behold
2251 1211 96 70 44
2379 1185 196 84 Rdlr.
2603 1207 78 74 og
2709 1199 70 68 ve
2805 1195 112 86 sid»

1235 1283 86 94 ste
1361 1295 94 80 84
1487 1279 244 98 Rdlr.;
1787 1283 86 94 thi
1909 1295 74 68 de
2019 1305 170 60 tørre
2221 1283 270 86 Blades
2517 1285 402 98 Ansugtning

1235 1404 86 76 og
1355 1381 184 90 deraf
1559 1385 288 94 flydende
1875 1383 402 98 Overvægt,
2333 1385 168 88 samt
2545 1397 70 68 de
2647 1387 274 78 indkiøb»

1235 1497 60 62 te
1337 1481 550 96 VirginiStilke
1927 1491 138 74 lette
2109 1483 400 98 Jndkiøbet,
2557 1511 48 68 9
2637 1485 146 80 Mk-
2823 1509 94 70 pr.

1247 1607 144 50 100
1433 1581 146 98 Pd.
1627 1581 200 80 kunde
1869 1583 430 90 fuldkommen
2343 1589 252 90 erstatte
2631 1587 288 94 Umagen

1241 1691 146 70 med
1419 1683 400 96 Spinding;
1870 1683 288 91 saavidt
2021 1687 138 76 vidt
2205 1691 138 72 min
2393 1697 156 84 gode
2597 1683 324 92 Traveres

1222 1801 167 74 egne
1431 1781 182 84 Ord-
1741 1781 170 82 Men
1963 1787 328 94 hvorledes
2341 1787 130 92 han
2531 1787 282 76 kommer
2859 1791 66 72 til

1239 1893 196 68 Denne
1463 1881 352 96 Regning,
1881 1885 122 78 kan
2031 1887 96 96 jeg
2161 1893 238 74 aldeles
2433 1885 122 80 ikke
2591 1891 160 72 blive
2789 1883 136 94 klog

1241 2001 174 74 paa,
1467 1991 164 70 uden
1657 1983 96 90 for
1785 1984 109 83 faa
1921 1987 170 94 vidt,
2147 2003 70 60 at
2263 1985 94 96 jeg
2407 2005 164 60 troer
2615 1985 130 84 han
2787 1981 138 94 fan»

1239 2081 268 90 raserer,
1563 2089 92 66 60
1700 2078 239 85 Roe
1989 2085 374 94 Indtræder
2401 2107 134 70 paa
2585 2101 58 62 et
2695 2083 232 86 Tønde

1239 2179 178 84 Land
1453 2183 20 74 i
1501 2191 98 70 det
1629 2183 256 94 ringeste
1919 2195 82 66 da
2035 2199 70 62 de
2155 2193 286 84 plantede
2483 2183 150 96 frit;
2687 2185 106 90 her
2839 2185 90 76 vil

1241 2283 98 94 jeg
1373 2285 250 90 spørge:
1679 2281 208 82 Naar
1919 2293 290 84 plantede
2239 2299 70 62 ve
2337 2283 150 92 frit,
2539 2303 124 58 var
2697 2293 100 66 det
2827 2279 98 94 for

1241 2385 52 74 ti
1335 2379 146 82 Aar
1525 2383 166 88 siden
1733 2387 136 74 eller
1917 2389 120 88 har
2069 2395 98 66 det
2205 2401 190 62 været
2427 2385 148 86 ester
2607 2379 244 98 Tiden,
2905 2383 20 78 i

1239 2481 172 80 mine
1453 2479 260 90 Tanker
1759 2483 120 92 har
1933 2495 100 66 det
2079 2483 124 80 ikke
2235 2505 194 58 været
2457 2485 20 76 i
2503 2493 78 68 de
2613 2481 184 92 første
2841 2485 84 70 16

1243 2603 46 56 o
1319 2607 96 48 20
1433 2579 172 92 Aar,
1659 2581 478 98 Planteurerne
2165 2583 160 94 have
2355 2587 246 92 plantet
2631 2579 134 96 frit,
2793 2591 134 68 der»

1243 2685 178 74 imod
1461 2703 64 56 er
1567 2693 100 64 vet
1709 2683 318 88 bekiendt,
2095 2707 76 56 en
2217 2685 334 94 Planteur
2585 2683 20 76 i
2635 2679 294 82 Admini«

1239 2781 552 92 strations-Tiden
1823 2781 194 96 haver
2041 2783 156 92 havt
2227 2805 164 58 mere
2423 2781 234 96 Frihed
2677 2791 142 68 med
2837 2783 94 90 sin

1241 2879 436 98 Plantering,
1735 2885 240 92 dersom
2021 2883 130 96 han
2205 2883 120 78 ikke
2371 2879 220 96 forhen
2639 2897 128 62 var
2809 2881 124 76 ble»

1241 2987 120 74 den
1391 2983 232 92 udsued
1655 2981 76 94 af
1749 2979 276 84 Landets
2059 2983 434 90 Kiøbmænd,
2535 3001 84 74 og
2651 2978 282 95 maaskee

1237 3079 142 82 min
1425 3093 156 82 gode
1625 3079 296 90 Travere
1965 3103 64 58 er
2071 3105 72 56 en
2193 3081 74 92 af
2293 3097 142 62 dem
2471 3083 136 88 selv.
2677 3079 66 98 I
2775 3099 154 58 enn»

1237 3189 148 72 Drer
1413 3179 138 98 Jer
1581 3193 90 68 vel
1707 3201 198 72 meget
1935 3197 140 80 got,
2133 3187 164 88 siden
2327 3179 68 98 I
2429 3201 66 58 er
2525 3181 258 96 Sagen
2821 3183 106 86 sag

1237 3285 102 72 vel
1393 3277 334 96 bekiendt,
1809 3283 330 90 hvorledes
2201 3293 102 70 det
2355 3303 66 60 er
2473 3283 268 92 tilgaaet
2789 3291 140 70 med

1233 3379 512 84 Kisbmændem
1799 3401 80 74 og
1929 3377 482 100 Planteurerne
2451 3383 20 78 i
2523 3379 238 84 Landet
2805 3379 100 92 for-

1233 3477 160 96 hen,
1445 3489 86 72 da
1563 3489 72 74 de
1663 3485 290 94 plantede
1985 3477 100 102 for
2139 3481 226 104 halvt,
2417 3501 186 82 men,
2657 3491 274 78 desvær»

2813 3587 110 80 re!
