3061 4567
1894 601 193 111 d

1352 871 48 49 „
1452 821 222 98 treffen
1722 828 212 93 wird,
1984 827 120 79 wie
2140 824 352 96 ich'bereits
2528 830 110 85 bey
2672 836 231 97 Det-Wie-

1356 943 70 108 »f
1357 1004 48 50 „
1457 962 192 75 denen
1682 955 309 85 Staaken
2021 969 116 69 Den
2174 958 395 100 Ueberschlag
2631 974 296 92 gemacht,

1355 1138 47 46 „
1457 1097 133 72 und
1639 1088 263 101 hernach
1951 1090 263 96 ziemlich
2247 1095 217 95 richtig
2495 1094 295 91 befunden
2823 1106 73 90 ha-

1356 1268 47 50 „
1460 1224 90 76 be.
1652 1221 130 85 Ein
1828 1224 224 90 solches
2098 1224 174 83 Land
2316 1229 170 77 wird
2532 1233 203 92 wenig
2794 1242 132 72 oder

1359 1402 44 50 „
1457 1376 120 76 gar
1607 1357 160 78 keine
1813 1355 260 86 Städte
2125 1360 242 95 haben,
2413 1362 94 78 die
2553 1365 184 86 diesen
2787 1362 144 84 Na«

1346 1535 48 49 „
1450 1507 144 60 men
1633 1489 63 76 in
1730 1498 106 72 der
1865 1486 181 99 That
2076 1494 346 78 verdienen.
2504 1492 216 85 Seine
2736 1493 188 85 Land«

1347 1669 46 47 „
1452 1620 195 94 stabte
1714 1632 249 70 werden
2036 1624 115 76 mir
2228 1624 299 82 Mauren
2598 1634 327 89 umgebene

1351 1801 47 47 „
1449 1749 288 100 Dörffer
1769 1758 169 91 seyn,
1993 1756 330 79 worinnen
2359 1779 154 57 man
2537 1758 388 98 Landwirth»

1354 1934 48 50 „
1454 1883 184 100 schaff
1658 1886 206 94 treibt,
1910 1897 130 70 nnd
2066 1888 330 82 worinnen
2430 1894 94 76 die
2556 1896 368 92 unentbehr«

1339 2065 48 49 „
1441 2018 188 99 lichen
1650 2017 437 97 Handwerker
2105 2020 294 97 wohnen.
2477 2022 150 86 Die
2649 2025 274 97 Haupt«

1334 2199 50 47 „
1437 2150 163 94 stadt
1645 2157 113 71 des
1803 2150 249 82 Landes
2093 2156 165 77 wird
2293 2157 93 78 die
2417 2158 219 95 einzige
2669 2157 253 91 blühen»

1336 2331 49 47 „
1438 2292 72 68 de
1544 2279 232 84 Stadt
1822 2282 90 79 im
1964 2283 264 84 Staate
2278 2287 173 95 seyn,
2506 2296 106 73 als
2646 2289 273 97 woselbst

1329 2463 46 47 „
1425 2424 108 69 der
1567 2411 410 99 Auffenthalt
2013 2418 346 96 desHoses
2397 2432 134 68 und
2577 2430 110 69 der
2723 2419 192 85 Vor«

1332 2595 54 49 „
1434 2546 286 94 nehmen,
1762 2554 132 71 und
1926 2557 104 72 der
2066 2548 522 101 Zusammenfluß
2618 2565 110 68 des
2758 2553 130 82 Gei-

1333 2689 49 85 ·»
1436 2686 111 70 des
1598 2687 129 71 aus
1772 2686 135 71 dem
1956 2679 203 83 Lande
2216 2685 405 96 nothwendig
2648 2687 265 97 mehrere

1337 2859 47 49 „
1439 2807 322 85 Gewerbe
1807 2811 155 96 nach
2003 2813 115 99 sich
2157 2817 192 98 ziehen
2377 2816 252 98 müssen.

1560 3075 45 46 „
1660 3025 163 87 Eine
1896 3051 157 76 ganz
2120 3042 225 71 andere
2406 3031 505 101 Beschaffenheit

1325 3209 51 49 „
1429 3158 332 82 aberwird
1779 3165 192 78 esmir
1989 3164 402 82 einemLande
2411 3168 494 90 haben,weiches

1328 3341 48 51 „
1430 3288 354 97 blühende
1832 3294 600 88 Manufakturen
2470 3308 134 69 und
2658 3301 248 90 Fabri»

1327 3471 50 49 „
1428 3424 127 81 km
1622 3421 131 92 har.
1884 3423 129 84 Ein
2054 3427 227 91 solches
2311 3429 178 84 Land
2515 3433 168 77 wird
2713 3436 190 75 voller

1327 3603 47 53 „
1421 3554 347 99 blühender
1803 3551 259 86 Städte
2091 3558 177 96 feyn,
2313 3569 131 75 und
2477 3584 187 59 wem,
2697 3575 67 71 es
2790 3561 84 81 kei-

1321 3706 179 87 »4m
1322 3737 51 57 „
1422 3706 78 66 ne
1552 3695 200 74 andre
1814 3688 600 92 Manufscrurrn
2464 3706 132 68 und
2654 3696 248 95 Fabri«

1321 3869 52 51 „
1419 3816 130 88 km
1593 3821 152 100 har,
1811 3826 106 79 als
1965 3843 124 66 nur
2115 3834 108 72 der
2277 3828 380 101 innerliche
2703 3825 190 83 Ver,

2622 3958 274 98 brauch
