3219 4604
1394 488 91 49 sa

1385 673 490 96 Verfassungen,
1945 674 124 76 wie
2111 672 98 77 ein
2261 669 348 100 politischer
2647 672 398 98 Handwerks-

1387 799 214 62 mann
1633 771 306 80 träumet.

1542 971 114 98 In
1730 966 416 96 Wahrheit!
2248 967 100 88 ihr
2410 965 222 98 müsset
2678 974 94 76 ein
2828 978 242 92 poßirli«

1392 1074 140 91 chec
1584 1068 638 97 Handwerksmann
2272 1067 190 92 styn,
2540 1081 106 67 der
2690 1074 58 86 so
2792 1092 102 74 gm
2940 1078 108 83 Be-

1390 1172 196 91 scheid
1618 1171 188 92 weiß,
1862 1168 130 90 daß
2026 1172 62 74 in
2126 1178 194 69 denen
2338 1167 412 84 Cabinettern
2770 1184 102 68 der
2892 1174 156 84 Vor-

1390 1271 267 96 nehmen
1699 1281 144 67 und
1890 1268 287 88 Reichen
2224 1285 141 76 gute
2412 1267 223 82 Arbeit
2678 1276 395 95 anzmreffen,

1389 1375 100 76 die
1525 1375 62 72 in
1621 1369 382 91 Engeland,
2061 1366 386 97 Frankreich
2479 1381 132 67 und
2637 1370 282 98 Holland
2949 1391 98 64 ver-

1393 1468 248 97 fertiget
1693 1471 88 94 ist.
1889 1470 144 96 Ihr
2071 1468 140 94 seyd
2243 1469 160 94 anch
2455 1472 294 94 vielleicht
2791 1484 98 68 der
2917 1478 132 93 einzi-

1391 1592 98 73 ge,
1507 1581 164 70 denn
1689 1579 234 69 andere
1941 1569 588 95 Handwerksieure
2551 1573 202 90 haben
2775 1574 108 90 bey
2897 1586 178 69 denen

1389 1670 447 91 Vornehmen
1859 1670 165 78 keine
2053 1666 265 100 grössere
2339 1669 277 97 Gnade,
2673 1676 401 90 alsdaßsiem

1386 1776 208 75 denen
1610 1769 288 100 Pforten
1914 1790 132 58 von
2064 1772 170 76 einen
2254 1769 362 84 Bedienten
2638 1784 146 68 oder
2800 1774 250 92 Küchen-

1390 1883 204 84 magd
1636 1867 426 95 empfangen,
2126 1870 334 91 sonderlich
2506 1891 188 59 wenn
2730 1878 74 90 sie
2834 1876 214 92 Bezah-

1394 1978 158 87 lung
1582 1989 120 58 vor
1730 1971 130 88 ihre
1894 1970 226 78 Arbeit
2156 1972 204 90 haben
2388 1975 256 81 wollen,
2686 1972 244 96 Hönisch
2946 1996 128 72 zum

1390 2068 229 99 Hause
1680 2069 303 93 hinaus,
2072 2080 145 69 oder
2274 2071 173 92 wohl
2504 2091 119 74 gar
2676 2094 137 70 zum
2868 2075 213 88 Teufel

1393 2175 122 78 mit
1563 2169 422 97 Bedrohung
2015 2180 108 70 der
2157 2169 574 104 Parforcepeüsche
2795 2175 288 97 gewiesen

1395 2277 280 74 werden.

1545 2469 253 94 Dieses
1845 2468 237 90 eröfnet
2129 2470 125 80 mir
2297 2471 125 80 eine
2469 2471 271 95 Scene,
2805 2476 99 78 die
2959 2480 123 77 das

1390 2573 402 92 vornehmste
1840 2572 204 82 Glied
2090 2580 108 70 der
2240 2571 190 82 Kette
2488 2574 422 96 ausmachet,
2992 2581 92 76 die

1394 2671 214 88 unsere
1672 2669 250 97 Künste
1982 2680 136 72 und
2168 2670 448 97 Handwerker
2660 2672 230 96 fesselt,
2962 2677 118 94 daß

1396 2773 314 92 nehmlich
1752 2774 358 94 dasjenige,
2146 2785 154 68 was
2344 2779 96 72 die
2468 2773 426 97 Vornehmen
2928 2778 154 89 nicht

1390 2890 131 61 von
1578 2869 287 96 fremden
1912 2874 289 84 Oerrern
2246 2873 361 81 bekommen
2627 2928 20 40 ,
2697 2898 124 58 von
2865 2876 216 95 unfern

1387 2970 346 85 Arbeitern
1803 2974 126 92 auf
1981 2972 366 99 Rechnung
2411 2975 370 96 geschrieben
2837 2988 242 70 werden

1387 3073 204 94 muß,
1659 3083 166 69 denn
1873 3096 188 56 wenn
2111 3075 152 92 diese
2313 3087 128 66 das
2493 3079 164 91 nicht
2713 3084 254 84 wollen,
3021 3079 60 88 so

1389 3171 222 96 hätten
1651 3173 80 92 sie
1771 3194 122 72 gar
1929 3174 204 94 nichts
2171 3196 72 72 zu
2283 3177 320 95 bestellen,
2651 3180 76 92 sie
2759 3186 186 84 geben
2975 3186 82 71 da-

1389 3270 149 95 hero
1593 3273 275 91 Kredit,
1924 3288 136 64 und
2098 3281 148 74 weil
2295 3279 75 92 sie
2412 3279 166 88 nicht
2608 3276 472 99 unerschöpflich

1384 3368 184 95 styn,
1626 3371 236 109 müssen
1910 3376 80 92 sie
2030 3376 240 78 wieder
2298 3377 240 80 Kredit
2584 3378 304 98 machen,
2944 3392 112 66 dar-

1388 3464 158 89 über
1578 3474 288 102 verlauft
1896 3476 98 82 ein
2020 3474 218 103 Jahr,
2288 3487 134 76 und
2458 3485 276 81 alsdenn
2766 3478 230 100 müssen
3012 3481 72 88 sie

2962 3580 126 83 bis-
