2840 4497
1829 453 56 86 s

176 638 174 95 saae
391 637 70 80 til
505 633 300 100 Ansvar,
867 657 168 60 naar
1091 633 244 94 samme
1391 639 122 78 ved
1571 635 314 96 uparriffe

175 737 288 98 Mænd-3
507 735 380 98 Befigttlse,
929 735 134 94 som
1109 757 82 74 og
1229 733 246 96 ffeedte,
1523 733 136 82 blev
1703 755 150 62 over-

177 841 274 90 leveret;
525 841 86 72 da
669 857 92 60 nu
815 835 298 90 Taarner
1165 839 20 74 i
1241 839 120 76 alle
1421 833 300 84 Maader
1781 835 72 80 be-

179 933 266 96 fandres
487 931 420 100 forsvarligen
947 937 268 94 opbygt,
1260 930 110 96 faa
1411 951 72 64 at
1527 937 210 94 ingen,
1775 955 76 60 en-

187 1053 106 64 ten
319 1039 20 76 i
375 1039 118 76 den
523 1041 86 72 da
631 1041 286 76 værende
957 1041 142 74 eller
1141 1049 90 66 nu
1271 1041 424 76 nærværende
1721 1029 158 104 Tid,

189 1135 216 94 havde
449 1139 142 78 eller
629 1139 218 78 endnu
875 1133 124 84 kan
1029 1135 166 98 have
1235 1139 106 78 det
1367 1137 418 96 allerringeste
1809 1151 74 66 ar

179 1233 238 94 udsette
459 1239 260 88 derpaa.

393 1329 188 94 Efter
621 1355 94 58 nu
753 1329 422 104 foregaaende
1209 1331 352 100 Besigtelse
1587 1332 179 97 skulle
1791 1339 90 76 da

181 1427 154 96 efter
375 1439 110 72 ald
521 1431 344 98 Billighed
927 1433 290 86 Kirkens
1259 1433 450 98 Forstandere,
1741 1439 142 76 eller

177 1529 138 94 som
355 1551 134 76 paa
535 1531 248 98 Dansk
827 1533 220 84 kaldes
1089 1529 630 98 Kirke-Værgerne,
1759 1539 92 74 ud-

185 1631 204 80 betale
431 1627 558 98 Entrepreneuren
1033 1637 118 76 den
1195 1633 182 96 sidste
1415 1631 162 94 Rest
1601 1629 80 94 af
1703 1631 176 94 hans

187 1727 598 100 Tilgodehavende,
829 1729 150 92 efter
1031 1731 440 82 Contractens
1537 1729 346 98 Indhold;

177 1847 152 62 men
369 1831 20 76 i
431 1831 230 92 (læben
701 1827 102 96 for
837 1831 464 92 Udbetalingen
1363 1827 190 96 fandt
1605 1837 76 74 de
1737 1851 138 74 paa

185 1933 106 78 det
329 1931 324 94 urimelige
709 1951 80 78 og
843 1929 270 98 raassede
1149 1927 334 100 Indfald:
1535 1947 70 62 at
1647 1927 204 86 Entre-

177 2049 352 74 preneuren
568 2025 182 98 skule
791 2035 144 76 lade
977 2027 200 98 Lofter
1217 2049 152 64 over
1409 2035 120 76 den
1564 2027 286 93 saakalde-

177 2124 544 100 desssDurchsciy
291 2125 432 100 Durchsicht,
769 2129 182 80 tække
993 2135 142 74 med
1177 2127 298 92 Kobber,
1517 2127 134 92 som
1697 2127 152 90 hver-

179 2225 114 80 ken
333 2245 124 60 var
497 2227 20 78 i
569 2229 172 90 hans
783 2227 248 82 Accord
1095 2231 138 76 eller
1297 2227 428 98 approberede
1765 2227 78 84 O-

183 2327 274 92 verflag,
501 2331 288 76 desuden
813 2323 336 96 befandtes
1175 2323 80 96 af
1271 2323 576 98 Befigtelse-Mæn-

183 2429 156 76 dene
395 2425 156 90 heelt
607 2427 456 92 unødvendig;
1135 2445 150 60 men
1341 2425 122 80 ikke
1505 2427 374 78 desmindre

183 2527 108 74 lod
335 2527 74 74 de
451 2527 156 90 ham
649 2525 272 94 stævne,
971 2527 22 76 i
1035 2523 224 88 Tanke
1297 2527 256 80 dermed
1597 2541 72 64 at
1707 2525 170 82 vilde

185 2623 216 94 tvinge
445 2623 156 94 ham
645 2623 70 78 til
741 2639 74 64 ar
837 2623 274 96 indgaae
1161 2629 182 76 deres
1383 2621 270 98 taassede
1689 2621 156 100 Pro-

181 2737 156 82 tect;
381 2739 146 60 men
571 2737 166 64 tvert
775 2723 176 82 imod
991 2725 210 76 vandt
1241 2721 132 96 han
1413 2729 120 76 ved
1567 2727 120 78 alle
1709 2721 142 86 Ret-

183 2835 192 80 terne,
421 2823 120 78 ved
589 2819 200 98 hvilke
827 2823 182 92 sidste
1049 2819 358 88 Dommen
1465 2821 282 92 saaledes
1787 2823 88 94 fik

179 2921 100 94 sin
331 2915 282 94 Udfald:
665 2937 70 62 ar
773 2919 554 96 Entrepreneuren
1350 2918 196 97 skulle
1603 2921 238 82 udbeta-

181 3023 96 76 les
337 3021 178 86 hans
571 3015 562 98 Tilgodehavende
1205 3015 150 94 efter
1427 3019 438 82 Contractens

177 3115 342 96 Indhold,
565 3139 80 74 og
687 3115 106 98 fra
837 3125 120 74 den
995 3115 132 90 Tid
1183 3115 402 98 Besigrelsen
1643 3119 220 94 ffeedte

181 3215 248 82 Renter
483 3219 188 92 tillige
729 3213 82 98 af
831 3217 402 94 Capitalen,
1279 3213 272 98 foruden
1595 3223 74 76 de
1711 3239 130 74 paa-

177 3321 186 86 lagde
405 3311 244 88 Bøder
705 3321 70 76 til
837 3331 120 66 vor
1001 3315 314 100 Frelseres
1359 3315 200 82 Kirke
1603 3337 80 74 og
1724 3316 113 97 Ju-

172 3404 420 114 sjce-Easenj
629 3411 102 96 for
785 3417 256 92 unyttig
1097 3415 280 98 Proces.
1513 3413 353 106 Saaledes-

171 3512 265 100 har.»,jeg
171 3513 126 100 har
337 3513 100 98 jeg
481 3535 94 62 nu
631 3517 450 96 demonstreret
1135 3515 108 82 din
1295 3511 364 88 Dumrian
1700 3519 174 78 den-«

1025 3637 32 70 5
1783 3631 80 64 ne
