3222 4583
1311 531 59 80 6

1315 741 80 78 be
1433 754 74 74 et)
1545 729 270 94 unbfeet
1858 732 91 100 sig
1989 741 120 74 ved
2151 751 70 65 at
2245 738 156 96 sige:
2449 737 126 90 Dr
2603 742 176 98 ingen
2805 743 178 90 Bor»

1317 856 240 79 gerven
1603 852 103 75 er,
1745 831 113 94 faa
1901 852 108 63 tør
2047 857 158 59 man
2243 842 98 76 vel
2381 858 69 77 ey
2483 857 176 63 vente
2695 846 89 94 sig
2803 867 192 76 meget

1312 951 122 80 got
1472 926 84 98 af
1584 928 344 95 saadanne.
2030 935 162 98 Har
2230 936 146 88 Du
2418 937 134 100 Hr.
2594 940 40 84 L
2658 946 28 32 *
2727 948 269 91 maaskee

1314 1033 130 82 ikke
1486 1030 114 94 seet
1642 1035 104 76 det
1788 1052 120 74 nye
1944 1032 384 97 Reglement
2368 1034 104 95 for
2498 1035 214 103 Tegne
2734 1066 64 59 k.
2832 1045 132 82 Aca-

1311 1132 248 94 demie-
1621 1129 134 94 som
1811 1151 126 63 vor
1999 1138 478 94 allernaadigste
2517 1137 234 101 Konge
2791 1147 198 93 nyelig

1315 1233 138 96 har
1489 1233 312 96 udgivet?
1853 1232 148 100 Her
2041 1235 124 78 kan
2201 1235 146 87 Du
2391 1216 107 117 see,
2539 1259 70 59 at
2647 1246 133 88 alle,
2825 1249 159 75 uden

1312 1337 88 76 de
1448 1330 134 90 som
1644 1333 122 96 har
1820 1340 244 75 vundet
2094 1335 350 100 Præmier,
2486 1337 120 96 stal
2640 1342 168 96 giøre
2846 1343 118 82 Me-

1310 1430 235 111 stykke,
1584 1452 132 75 paa
1758 1437 104 75 det
1900 1454 69 72 ey
2014 1435 268 98 Fussere
2319 1435 121 96 skal
2482 1435 249 101 opfylde
2766 1440 195 85 Lande-

1311 1551 86 60 ne
1465 1550 82 76 og
1607 1530 362 87 Stæderne
2027 1541 142 74 med
2233 1534 338 100 Fusserier.
2701 1540 164 83 Men
2925 1557 70 65 at

1307 1631 259 79 komme
1609 1651 301 63 nærmere
1957 1634 69 79 tik
2067 1641 255 89 dme5,
2364 1633 110 95 faa
2519 1639 199 83 kaldte
2751 1643 245 96 vigtige,

1308 1729 208 100 stiønt
1560 1732 388 98 løgnagtige,
1990 1732 332 94 Beviifer:

1550 1858 57 52 i.
1662 1829 221 99 Siger
1910 1830 175 91 Du:
2127 1835 852 101 DIeeftewSkoemagerxsAr-

1314 1928 209 97 beyde

2878 1837 95 84 Ar-

1315 1929 208 99 beyde
1581 1952 66 61 er
1701 1955 74 56 en
1835 1938 188 76 tredie
2073 1931 184 90 Deel
2297 1944 216 88 dyrere
2555 1946 118 74 end
2715 1960 72 60 en
2825 1937 144 100 Frie-

1317 2034 297 94 mesters,
1655 2037 125 92 dog
1823 2032 183 81 ikkun
2045 2037 377 94 halvparten
2461 2036 107 93 faa
2597 2043 289 77 durabelt
2923 2041 49 76 el-

1310 2135 100 76 ler
1466 2134 256 97 varigt,
1782 2154 82 76 og
1922 2138 240 91 derpaa
2206 2136 254 99 spørger
2498 2137 144 87 Du
2684 2143 140 78 med
2864 2135 106 94 saa-

1310 2237 143 76 dan
1494 2230 455 100 Myndighed,
2006 2235 129 92 som
2178 2233 145 89 Du
2368 2238 199 81 kunde
2606 2258 181 60 være.
2810 2235 159 86 Bor-

1311 2332 306 96 gemester
1669 2333 20 78 i
1755 2351 74 60 en
1889 2336 118 76 lille
2067 2331 378 97 Naadstue:
2511 2332 304 102 Hvorfor
2869 2335 120 92 ssal

1305 2435 179 76 dette
1541 2428 175 97 Laug
1775 2449 163 61 være
1977 2430 231 99 Laug?
2282 2432 220 99 Hertil
2539 2433 251 94 svares:
2843 2429 157 90 Det

1312 2529 136 94 bal
1488 2548 166 65 være
1696 2529 216 99 Laug,
1952 2528 172 94 fordi
2166 2529 372 100 Kongerne,
2584 2539 108 75 der
2726 2532 276 95 ffiønner

1312 2627 199 82 bedre
1550 2632 127 94 sine
1718 2629 251 99 Rigers
2012 2629 173 98 Vel,
2226 2636 117 76 end
2368 2630 169 99 Du,
2582 2633 119 95 har
2723 2629 285 108 saaledes

1311 2725 242 99 befalet
1593 2736 122 77 det.
1819 2730 174 84 Men
2027 2731 136 100 Hr.
2203 2732 42 84 L
2269 2736 28 34 *
2325 2736 30 34 *
2397 2730 244 101 hvoraf
2673 2737 150 76 veed
2857 2729 142 92 Du

1309 2835 131 76 den
1483 2828 275 100 Forssiel
1815 2852 135 66 paa
2005 2831 243 98 Laugs-
2275 2854 79 74 og
2401 2834 437 97 Friemesteres
2881 2831 93 84 Ar-

1310 2931 262 87 beyde?
1622 2929 170 84 Kan
1830 2930 146 88 Du
2018 2953 82 76 og
2144 2935 174 92 giøre
2354 2930 166 93 Din
2562 2929 136 91 Eed
2740 2949 154 82 paa,
2934 2950 72 64 at

1312 3027 155 89 Du
1516 3028 121 98 har
1676 3047 189 80 gaaet
1906 3049 259 64 accurat
2208 3034 117 94 lige
2350 3038 197 91 længe
2572 3054 79 74 og
2674 3038 145 91 lang
2846 3031 151 97 Tid,

1309 3127 178 94 samt
1521 3132 22 76 i
1581 3134 116 95 lige
1743 3129 324 102 Veyrligt
2105 3138 142 75 med
2283 3130 200 88 Dine
2521 3136 262 93 prøvede
2809 3129 196 84 Skor

1309 3249 87 74 og
1439 3226 323 86 Støvle?
1815 3230 307 99 Maassee
2191 3231 553 99 Laugsmesterens
2811 3229 193 86 Skoe

1308 3349 90 74 og
1438 3328 268 83 Støvle
1750 3331 120 98 har
1896 3342 271 79 maattet
2198 3334 180 94 holde
2422 3331 102 96 for
2560 3333 20 78 i
2606 3336 154 76 ondt
2782 3329 226 99 Veyr,

1308 3423 49 96 s.
1414 3426 123 88 Er.
1582 3426 147 91 Du
1774 3451 169 61 naar
1984 3430 145 89 Du
2196 3434 163 80 brav
2426 3435 117 94 har
2582 3430 219 98 trasset
2844 3451 103 60 om
2986 3432 21 78 i

1309 3531 122 71 ave
1493 3534 74 72 de
1621 3531 246 94 ssisnne
1929 3532 256 99 Jorder
2249 3554 80 76 og
2369 3530 314 98 Marker,
2745 3530 132 93 som
2915 3531 68 80 til-

1305 3619 155 100 forn
1505 3626 123 100 har
1669 3629 153 98 hørt
1867 3632 351 92 Roeskilde
2257 3634 115 104 til;
2411 3655 145 64 men
2578 3631 277 103 maaskee
2875 3631 133 94 saa-
