3136 4549
1262 493 116 100 48
1896 470 462 116 "ökM'ß*

1262 713 160 76 tog,
1496 687 408 96 Klokkeres,
1982 684 354 86 Graveres
2396 708 80 76 og
2520 684 446 93 Bedemænds

1266 813 476 98 Indkomster,
1786 809 92 80 vil
1918 813 74 79 de
2034 808 170 96 knap
2247 807 293 97 forslaae
2594 858 124 13 —
2764 813 172 86 Aller-

1264 937 250 96 sandest
1542 955 62 60 er
1630 939 104 74 det
1758 931 162 98 som,
1946 931 134 89 De
2104 934 20 80 i
2156 940 120 76 den
2300 958 84 67 25
2416 932 162 86 Linie
2594 938 174 94 sidste
2784 937 182 84 Side

1266 1053 81 96 af
1372 1059 183 78 deres
1576 1049 243 100 Skrift
1848 1053 193 98 siger:
2098 1074 86 56 ar
2220 1064 123 68 der
2380 1078 73 54 er
2494 1070 68 60 er
2602 1056 359 90 fovovenc

1265 1175 330 102 Forstag
1633 1175 94 94 af
1753 1199 86 56 en
1861 1178 800 93 Haandvaerksmand.
2725 1179 106 98 Ja
2857 1187 90 90 leg-

1267 1319 112 76 ger
1409 1299 98 98 jeg
1545 1303 92 94 til,
1681 1323 72 74 ey
1787 1305 196 78 allene
2021 1298 374 100 forvovent,
2439 1324 148 60 men
2617 1302 184 101 høyst
2831 1311 110 88 last-

1269 1425 284 96 værdigt
1581 1445 82 76 og
1691 1421 328 100 strafbart.
2065 1422 134 88 De
2229 1424 202 80 burde
2469 1448 98 74 ey,
2593 1426 136 79 min
2747 1425 218 102 Herre!

1265 1547 188 86 Give
1487 1547 204 88 Dem
1735 1555 92 76 ud
1855 1571 134 76 paa
2033 1558 122 78 den
2193 1552 270 94 poliriffe
2505 1550 236 101 Bane,
2783 1549 154 96 forin-

1261 1679 128 76 den
1401 1671 134 92 De
1555 1675 210 98 havde
1783 1673 272 100 fsreener
2071 1696 200 64 meere
2293 1676 284 98 Indsigt
2611 1683 144 76 med
2781 1699 186 62 meere

1267 1799 461 100 Rimelighed,
1803 1821 200 59 meere
2051 1802 448 96 Grundighed
2559 1802 20 78 i
2639 1800 330 92 Tankerne

1264 1933 150 76 med
1456 1949 200 60 meere
1694 1925 270 96 Styrke
2006 1928 22 78 i
2056 1926 398 94 Beviiferne.
2558 1924 186 103 Dog
2776 1931 190 94 hvad!

1262 2071 128 64 vor
1428 2047 388 100 allerviifeste
1854 2051 266 97 Konge,
2164 2046 82 98 af
2280 2050 154 96 hvis
2476 2050 218 86 Villie
2736 2053 208 100 Lauge-

1262 2187 126 68 nes
1440 2171 426 96 Vedblivelse
1922 2195 80 75 og
2070 2174 446 98 Forbedring,
2560 2196 140 60 eene
2750 2201 82 74 og
2874 2187 66 74 al-

1260 2307 134 78 lene
1442 2301 260 92 beroer,
1744 2301 90 78 vil
1890 2299 122 95 vist
2068 2296 196 94 indsee
2316 2296 240 90 Deres
2614 2298 356 102 Project.es

1256 2425 472 98 Ugrundighed
1808 2443 82 76 og
1964 2420 290 98 Skade,
2322 2442 80 74 og
2470 2442 192 60 maae
2720 2429 104 76 det
2880 2431 86 76 da

1254 2565 76 80 ey
1372 2565 170 62 være
1580 2551 146 74 dem
1768 2563 208 78 nogen
2020 2544 462 96 Undffylding,
2524 2564 110 60 om
2672 2544 130 87 De
2848 2549 118 98 har

1255 2671 226 100 feylet,
1519 2667 96 96 thi
1655 2671 88 76 da
1783 2685 160 60 man
1979 2686 74 74 ey
2103 2684 196 76 troer,
2335 2664 132 88 De
2511 2688 62 58 er
2617 2664 346 105 forpligtet,

1253 2811 76 66 at
1375 2795 128 96 sige
1543 2789 242 88 Deres
1829 2785 302 101 Tanker,
2173 2788 208 86 kunde
2417 2798 74 74 de
2529 2794 210 96 gierne
2797 2797 166 80 blive

1255 2917 274 102 hiemme
1569 2921 146 78 med
1759 2911 146 88 Alt:
1961 2934 82 76 og
2087 2934 74 76 ey
2203 2912 124 106 sige
2351 2910 344 102 formeger,
2739 2915 204 96 forat

1253 3039 182 98 giøre
1481 3035 204 88 Ondt
1731 3037 20 80 i
1793 3057 74 58 en
1903 3032 118 96 faa
2047 3034 204 82 kalder
2273 3036 224 96 redelig
2523 3034 432 103 Hensigt.—
