3083 4527
1116 660 85 71 dr
1242 649 103 76 vel
1388 635 143 96 disse
1568 632 482 97 Indretninger
2102 623 290 91 befordre
2451 619 390 103 Folkemæng-

1117 758 177 75 dens
1335 731 363 101 Bltagelse.
1799 725 209 82 Naar
2049 724 99 99 jeg
2187 744 91 58 nu
2321 727 223 90 lægger
2583 730 69 73 de
2687 746 153 58 man-

1122 869 83 74 ge
1240 836 509 91 Udvandringer
1800 833 109 89 ril,
1960 825 135 92 som
2148 823 285 93 aarligen
2490 821 111 93 ffee
2650 825 103 85 her
2802 818 79 96 af

1123 946 215 92 Riget
1408 931 80 96 af
1546 953 168 74 unge
1773 949 83 74 og
1909 928 245 93 duelige
2211 916 665 103 Haandværkskarle;

1125 1049 142 92 hvo
1321 1039 126 78 kan
1501 1041 86 73 da
1641 1034 98 75 vel
1801 1043 241 80 nægte,
2081 1039 72 66 at
2190 1022 353 98 Laugene
2594 1019 33 74 i
2676 1026 203 70 deres

1118 1142 515 79 nærværende
1666 1127 689 96 Forfatningerere
2394 1117 491 101 skadeligefor

1125 1240 675 97 Folkemængdens
1833 1223 443 101 Tilcagelfe.

1356 1337 221 99 Hvad
1648 1324 421 106 Frimesterne
2122 1338 329 80 angaaer,
2510 1321 87 79 da
2648 1315 121 84 kan
2816 1315 69 101 I

1128 1444 106 78 vel
1276 1438 233 91 tænke,
1546 1454 70 60 at
1653 1433 99 94 jeg
1806 1447 64 64 er
1957 1419 127 88 ikke
2154 1420 80 92 af
2295 1415 221 89 Eders
2591 1417 293 97 Mening.

1125 1542 147 95 Jeg
1315 1555 171 65 troer
1529 1534 147 95 ikke,
1717 1550 73 61 at
1833 1535 103 73 det
1979 1547 65 59 er
2084 1520 251 87 Skade
2380 1516 107 92 for
2526 1518 258 97 Landet,
2819 1534 70 64 ar

1126 1642 205 81 Kone
1374 1658 83 75 og
1496 1633 217 85 Børn
1752 1629 309 92 arbeyder
2096 1630 167 74 med.
2364 1612 103 92 Er
2510 1625 101 74 det
2652 1617 241 85 Skade

1119 1742 115 95 for
1273 1738 331 94 Laugene,
1641 1737 87 76 da
1771 1751 65 60 er
1879 1732 183 75 deres
2115 1723 155 85 Vel
2323 1715 267 103 gandffe
2643 1722 243 92 stridigt

1131 1844 152 77 med
1308 1835 335 85 Statens.
1698 1829 69 99 I
1804 1826 245 95 øvrigt,
2094 1844 169 61 naar
2300 1821 285 92 Laugene
2622 1818 277 98 ophøre,

1126 1938 256 100 ophøre
1420 1929 81 98 af
1527 1935 94 93 sig
1661 1929 123 94 selv
1843 1933 75 75 de
1970 1923 81 95 af
2099 1918 179 89 Eder
2316 1915 112 108 saa
2465 1919 253 80 kaldede
2755 1916 115 81 bor-

1123 2040 237 95 gerlige
1403 2034 395 99 Frimestere.
1897 2024 133 87 De
2069 2024 321 81 Militaire
2429 2021 311 91 derimod,
2791 2037 109 59 om

1126 2142 163 93 hvis
1304 2133 405 97 Dygtighed
1722 2126 71 99 I
1806 2129 145 94 ikke,
1980 2133 85 74 da
2078 2124 67 97 I
2162 2125 121 95 har
2300 2121 107 92 faa
2424 2140 231 75 mange
2670 2117 231 95 Øyne,

1117 2240 223 79 burde
1379 2232 115 92 faa
1535 2223 369 101 almindelig
1945 2229 217 92 tvivle,
2207 2219 93 101 thi
2335 2220 119 80 ved
2479 2220 117 80 alle
2619 2217 283 94 Laugene

1114 2340 127 95 her
1284 2338 23 77 i
1348 2333 215 94 Byen
1608 2328 125 97 stal
1772 2322 70 105 I
1886 2326 205 80 baade
2130 2325 175 94 finde
2342 2317 257 97 dygtige
2620 2316 279 89 Mestere

1116 2459 97 74 og
1258 2436 259 97 dygtige
1552 2426 321 98 Svenne,
1908 2426 132 94 som
2072 2426 119 96 har
2216 2426 198 92 ftaaet
2437 2420 21 77 i
2499 2417 375 96 Krigstjene-

1121 2540 131 93 ste,
1321 2535 207 96 ffulde
1583 2552 169 59 være
1803 2529 375 98 Frimestere
2257 2543 79 74 og
2409 2516 187 99 ingen
2667 2520 235 76 anden.

1118 2636 177 101 Har
1358 2635 251 91 saadan
1664 2651 77 59 en
1802 2621 81 99 af
1930 2624 501 95 Uordentlighed
2488 2620 193 94 given
2736 2616 93 95 sig
2880 2616 21 78 i

1119 2744 131 71 den
1295 2734 299 94 Stand,
1633 2731 114 94 saa
1791 2747 169 62 troer
2005 2729 139 93 jeg,
2207 2742 71 62 ar
2331 2723 131 85 han
2503 2714 151 96 efter
2697 2736 73 58 en
2821 2736 91 70 14

1126 2832 199 87 Aars
1365 2831 292 102 Tjenese
1702 2833 123 93 har
1870 2825 277 95 forsonet
2193 2831 198 71 denne
2430 2811 342 102 Forseelse,
2817 2835 84 71 og

1122 2934 109 96 jeg
1272 2952 175 64 troer
1484 2933 149 90 ikke,
1676 2946 73 64 at
1794 2948 161 59 man
2000 2931 117 75 des
2156 2917 255 96 Aarsag
2454 2915 207 96 ffulde
2700 2927 207 80 nægte

1123 3036 169 93 ham
1337 3041 125 76 den
1503 3027 401 97 Belønning
1941 3043 75 62 at
2059 3018 261 100 fvrtiene
2357 3021 79 93 sit
2487 3007 215 89 Brød
2751 3014 151 76 med

1118 3136 137 93 sine
1298 3154 155 77 egne
1494 3131 323 99 Hænder.
1920 3118 281 89 Skulde
2240 3122 131 94 han
2408 3134 169 60 være
2612 3113 175 79 løbet
2830 3104 77 100 af

1113 3232 246 97 Læren,
1406 3238 140 73 eller
1588 3244 172 66 reent
1804 3231 92 75 ud
1936 3241 72 62 at
2049 3224 125 91 sige
2211 3237 123 61 var
2379 3216 133 94 han
2537 3234 77 58 en
2639 3209 265 101 Fuffer,

1109 3336 101 75 da
1251 3332 205 79 burde
1499 3329 133 90 har;
1671 3335 129 86 dog
1845 3344 75 72 ey
1966 3317 337 98 forbindes
2343 3316 74 80 til
2460 3311 166 96 først
2667 3328 72 64 at
2763 3311 110 94 giø-

1110 3450 73 65 re
1234 3427 537 101 Svennestykke,
1834 3424 95 92 thi
1984 3425 107 80 det
2144 3439 93 77 er,
2314 3412 257 100 ligesom
2626 3411 251 96 Mester-

2723 3509 161 96 styk-
