3074 4512
1171 469 102 72 44
1809 465 498 42 =====

1171 627 128 80 ikke
1337 639 154 68 ttent
1535 625 146 76 meb
1741 639 78 60 en
1861 617 190 96 fattig
2093 617 432 100 Begyndere;
2599 647 76 76 og
2717 633 200 78 denne

1168 721 446 97 Rugs-Talte
1651 719 204 94 ffulde
1893 735 166 62 være
2095 721 72 80 til
2191 723 466 96 Understøttelse
2697 725 100 96 for
2837 751 76 58 en

1171 823 194 94 fattig
1425 819 352 92 forulykket
1821 815 266 96 Mester.
2241 821 416 90 Mesteraaret
2705 849 60 58 er
2817 849 96 60 nu

1169 917 284 100 afffaffet
1505 923 124 74 ved
1687 923 76 76 de
1815 921 162 92 fleste
2017 917 246 98 Lauge,
2325 941 78 74 og
2457 921 94 94 jeg
2597 925 112 88 har
2749 929 160 94 viist,

1177 1025 178 84 hvad
1401 1025 110 74 der
1553 1015 204 98 følger
1797 1017 80 96 af
1907 1017 584 98 Mesterstykkerne,
2533 1027 100 76 det
2671 1041 118 62 var
2827 1033 84 74 da

1171 1123 104 76 vel
1315 1119 170 94 best,
1549 1137 172 62 reent
1777 1135 74 62 ar
1889 1115 256 98 afffaffe
2205 1125 102 74 der
2351 1125 188 92 med,
2593 1125 320 92 allerhelst,

1171 1225 88 76 da
1301 1223 102 78 der
1443 1217 124 80 ikke
1609 1239 64 58 er
1725 1235 58 62 er
1820 1217 430 93 Beviis-paa
2119 1237 132 74 paa
2293 1215 404 98 Konsterens
2741 1221 146 98 Fær-

1171 1319 256 96 dighed,
1465 1337 146 60 men
1655 1317 170 78 kuns
1865 1339 76 58 en
1965 1315 352 98 Vedtægt,
2359 1323 110 76 der
2509 1317 186 96 stiller
2735 1341 150 58 man-

1173 1439 118 76 gen
1335 1439 74 58 en
1455 1417 220 98 dygtig
1721 1417 334 94 Konstner
2101 1423 122 74 ved
2267 1423 74 76 de
2379 1415 318 98 fornødne
2733 1419 154 100 Hjel-

1167 1521 306 92 pemidler
1515 1519 70 78 til
1625 1519 22 78 i
1689 1515 372 112 Fremtiden
2105 1533 72 62 ar
2215 1535 214 80 gavne
2461 1515 268 86 Staten
2767 1527 140 76 med

1161 1619 100 94 fin
1301 1617 240 96 Konst.
1693 1615 220 100 Hvad
1971 1613 142 98 disse
2155 1615 222 100 Caster
2435 1637 324 78 angaaer,
2803 1625 104 90 da>

1157 1715 296 94 eftersom
1511 1717 236 96 enhver
1803 1713 400 98 Begyndere
2265 1713 122 82 ikke
2445 1715 126 80 kan
2625 1723 166 74 taale
2841 1735 68 66 ar

1161 1817 182 94 miste
1405 1813 110 92 saa
1557 1835 236 74 mange
1835 1813 284 100 Penge,
2165 1815 106 92 saa
2313 1833 122 64 var
2477 1819 102 78 der
2631 1815 122 80 ikke
2795 1839 82 56 an-

1155 1919 144 90 der,
1357 1921 120 74 end
1533 1929 72 64 at
1647 1911 320 94 afffrække
2013 1933 82 76 og
2139 1913 206 96 trykke
2403 1935 74 60 en
2517 1913 394 100 Begyndere

1155 2021 148 74 med
1345 2015 144 96 flige
1535 2011 310 100 Udgifter.
1993 2013 172 82 Med
2205 2031 58 64 et
2300 1994 192 114 Ord-:
2543 2015 98 96 jeg
2687 2015 224 94 holder

1151 2113 148 98 for,
1357 2133 76 62 ar
1473 2133 196 76 man,
1719 2111 104 96 for
1865 2129 70 64 ar
1995 2115 194 94 hielpe
2229 2113 410 96 Konstnerne
2693 2135 82 74 og
2833 2131 74 64 at

1153 2215 224 96 bringe
1415 2227 192 66 vores
1643 2213 540 98 Haandværkers
2221 2211 294 96 Arbeyde
2557 2215 70 78 til
2667 2211 240 94 samme

1149 2315 206 100 Priis
1403 2335 78 76 og
1525 2313 318 100 Godhed,
1883 2311 134 94 som
2061 2319 74 74 de
2179 2313 440 96 udenlandffe,
2659 2329 246 64 maatte

1149 2421 242 76 aldeles
1437 2411 252 100 afffaffe
1727 2417 118 76 alle
1883 2411 534 100 Forhindringer,
2471 2431 82 78 og
2593 2417 86 74 da
2711 2412 195 96 skule

1149 2537 160 58 man
1353 2513 126 94 see,
1521 2529 72 64 at
1637 2521 72 74 de
1745 2511 280 94 Danske
2067 2511 364 94 Konsterne
2471 2529 156 62 vare
2669 2511 230 96 ligesaa

1147 2613 508 100 opfindsomme,
1707 2615 228 94 flittige
1989 2633 80 74 og
2113 2609 602 98 eftertænksomme,
2769 2609 134 96 som

1145 2721 78 76 de
1293 2715 318 98 Franffe,
1681 2713 466 100 Hollænderne
2215 2733 80 74 og
2363 2711 532 96 Engelænderne.

1145 2815 280 98 Ligesom
1465 2813 332 96 Laugenes
1841 2811 150 84 Vel
2037 2833 80 76 og
2159 2811 312 88 Statens
2515 2811 124 78 bor
2691 2809 210 82 kunde

1140 2915 273 94 besaae
1455 2919 144 74 med
1673 2913 362 96 hinanden,
2107 2909 110 94 saa
2287 2911 120 78 bor
2467 2929 84 74 og
2617 2911 284 88 enhvers

1133 3013 304 86 Stands
1505 3017 122 78 ved
1679 3011 286 98 Laugene
2021 3013 244 92 bestaae
2327 3013 142 76 med
2511 3013 74 74 de
2629 3013 266 76 andres.

1133 3113 372 98 Mesternes
1547 3113 426 92 Monopolier
2019 3131 154 58 maa
2217 3107 120 78 ikke
2377 3127 168 60 være
2575 3103 294 86 Svenne-

1133 3225 122 68 nes
1299 3211 302 96 Velfært
1661 3213 374 94 hinderlige,
2083 3231 78 74 og
2209 3205 416 84 Svennenes
2661 3205 206 100 Privi-

1127 3315 188 90 legier
1383 3319 124 74 bør
1569 3311 266 94 hverken
1899 3311 174 88 stade
2131 3305 370 92 Mesternes
2563 3327 76 76 ey
2711 3307 182 96 heller

1127 3409 430 96 Drengenes.
1701 3407 112 84 En
1855 3407 260 84 Svend
2157 3405 210 82 kunde
2409 3405 258 98 virkelig
2709 3409 184 78 bedre

1129 3527 172 66 være
1345 3513 156 82 tient
1559 3515 146 80 med
1749 3513 120 80 den
1909 3509 290 96 Ugeløn,
2261 3503 136 100 som
2433 3507 136 98 han
2611 3527 92 62 nu
2749 3509 146 96 har,

2761 3609 120 78 end
