3108 4519
1262 460 90 65 14

1257 634 245 93 bruges
1559 627 127 86 hos
1750 631 82 68 os
1885 618 167 94 selv,
2113 633 81 76 og
2237 614 147 91 det,
2443 608 123 94 som
2625 614 63 78 vi
2727 613 195 96 havde

1261 752 315 87 tilovers,
1615 741 210 80 kunde
1867 740 334 76 anvendes
2243 730 68 80 til
2355 735 118 74 den
2512 728 383 99 fvrdeelagtig-

1264 874 87 88 ste
1400 861 257 93 Nytte,
1738 860 23 77 i
1810 855 209 101 Folge
2072 871 152 63 vore
2286 846 342 101 Fabrikers
2676 846 253 99 Debit;

1271 974 441 102 fornemmelig
1751 973 89 78 vil
1877 976 73 74 de
1985 962 417 97 udenlandffe
2429 958 297 100 Fabriker
2759 957 167 94 setteS

1268 1098 27 78 i
1338 1117 77 58 en
1454 1090 281 98 forlegen
1770 1085 327 99 Tilstand,
2137 1100 166 86 naar
2340 1085 77 76 de
2460 1098 71 75 ey
2572 1075 193 84 kunde
2796 1075 133 97 faae

1267 1236 129 63 vor
1441 1211 245 103 Jydffe
1726 1231 82 74 og
1855 1203 399 103 Holsteenffe
2293 1204 147 83 Uld.

1493 1354 473 107 Fornemmelig
2031 1351 129 81 kan
2225 1370 161 60 man
2447 1348 175 96 giore
2685 1348 91 96 sig
2843 1350 95 78 det

1268 1485 255 101 Haab,
1582 1497 73 62 at
1694 1497 151 61 vore
1884 1472 309 99 Fabriker
2234 1476 119 77 ved
2392 1466 333 97 Tiltagelse
2764 1465 71 93 af
2868 1490 71 58 en

1272 1624 196 61 meere
1521 1600 269 93 Debit,
1849 1596 207 80 kunde
2107 1596 189 77 inden
2339 1596 185 90 nogle
2565 1589 183 82 Aars
2789 1587 127 99 For-

1273 1730 112 82 lob
1431 1731 182 87 holde
1655 1719 304 103 Priserne
1997 1722 142 76 med
2185 1723 74 74 de
2299 1714 444 94 Udenlandffe.
2812 1711 137 85 Da

1272 1856 189 93 ingen
1502 1848 123 80 kan
1662 1861 203 80 negre,
1902 1859 73 63 at
2014 1841 107 99 her
2156 1839 19 76 i
2214 1837 283 83 Staden
2534 1857 87 72 og
2654 1834 288 99 Provin»

1269 1995 177 60 rerne
1525 1972 215 95 sindes
1819 1983 233 76 mange
2131 1964 243 91 duelige
2457 1955 501 101 Fabrikantere,

1272 2094 211 94 saavel
1522 2085 83 98 af
1646 2087 261 85 Klæde»
1944 2082 131 93 som
2130 2080 451 96 Toymagere,
2654 2082 109 76 der
2800 2079 155 77 intet

1268 2212 326 96 eftergiver
1620 2215 74 75 de
1712 2204 450 97 Udenlandffe,
2203 2205 23 76 i
2259 2199 367 101 Henseende
2654 2202 70 76 til
2741 2193 181 97 Wah-

1269 2349 187 71 renes
1499 2338 311 93 Bonitet,
1851 2330 133 94 som
2023 2328 123 81 ikke
2187 2347 65 60 er
2291 2324 331 81 ubekiendr
2663 2320 103 94 for
2805 2339 157 63 vore

1270 2458 703 89 Klæde-Kræmmere,
2030 2449 135 91 som
2204 2451 227 77 derved
2478 2447 213 77 driver
2734 2463 73 60 en
2850 2464 83 58 an-

1271 2576 177 97 seelig
1523 2576 275 97 Handel
1863 2566 85 97 af
1991 2563 437 94 indenlandffe
2485 2561 291 95 Wahre,
2877 2568 83 76 da

1271 2712 108 74 det
1423 2702 150 96 fiine
1616 2697 269 93 Klæde,
1928 2692 133 93 som
2108 2692 107 89 her
2254 2688 21 78 i
2314 2686 285 85 Staden
2648 2682 283 96 fabrigve-

1274 2834 155 83 res,
1484 2818 205 98 falder
1732 2815 122 82 ikke
1912 2818 222 91 dyrere
2184 2812 118 79 end
2368 2813 100 74 det
2522 2808 435 95 udenlandffe,

1273 2942 171 96 samt
1499 2956 71 64 ar
1609 2943 77 78 de
1721 2931 615 102 Ponce-Couleurer
2397 2947 81 75 og
2537 2932 73 73 de
2649 2924 311 99 Gronne,

1276 3073 149 75 med
1484 3066 177 98 fleere
1718 3058 299 95 Sorter,
2076 3074 95 60 ere
2230 3048 123 82 nok
2390 3047 107 94 saa
2538 3047 429 100 standhaftige

1273 3188 135 92 som
1455 3191 101 75 der
1595 3179 427 97 Fremmede;
2076 3193 142 61 men
2258 3192 106 58 om
2409 3171 97 95 jeg
2551 3167 207 83 kunde
2799 3169 163 97 have

1275 3325 194 76 noget
1535 3319 70 64 at
1663 3297 256 94 udsætte
1975 3314 136 75 paa
2163 3297 102 78 det
2307 3292 271 95 Klæde,
2621 3289 132 93 som
2801 3295 100 93 her
2939 3291 20 78 i

1270 3430 243 90 Landet
1596 3419 461 102 ßorarbeydes:
2138 3420 91 81 da
2308 3410 207 99 falder
2596 3417 105 81 der
2770 3430 189 79 grove

2788 3531 147 86 Kier
