3147 4575
1296 528 46 64 4

1528 692 236 82 Siden
1822 688 96 97 jeg
1974 705 64 64 er
2082 695 160 86 den,
2306 683 130 96 som
2478 688 94 96 for
2612 708 184 70 Meere
2850 696 116 88 end

1310 836 91 70 14
1432 810 147 82 Aar
1622 808 171 96 siden
1842 808 117 85 kar
2000 803 169 98 giver
2196 805 359 103 Anledning
2590 832 63 62 ar
2690 814 273 102 befordre

1297 936 76 74 de
1417 926 282 96 Dansse
1723 923 350 101 Fabrikers
2103 923 220 84 Debit
2363 947 126 76 paa
2521 928 240 100 Norge,
2805 938 154 94 hvor

1297 1052 78 72 de
1421 1036 226 102 forhen
1693 1046 184 94 ingen
1929 1045 224 96 havde.
2257 1041 214 86 Dette
2515 1050 111 76 mit
2655 1046 302 96 Øyemeed

1301 1170 122 94 har
1479 1162 98 98 jeg
1619 1154 102 104 for
1778 1158 249 99 saavidt
2067 1169 378 92 nogenledes
2499 1166 108 94 feet
2663 1186 68 62 at
2773 1170 192 80 kunde

1301 1286 158 96 ffee,
1523 1300 220 80 nagtet
1785 1290 118 75 alle
1947 1289 74 76 de
2065 1283 454 100 Hindringer,
2589 1280 126 100 som
2755 1296 212 74 derved

1301 1406 121 96 har
1479 1408 217 78 Modet
1753 1406 175 95 mig,
1993 1405 139 80 dem
2189 1403 97 96 jeg
2335 1419 89 65 nu
2469 1406 85 78 vil
2598 1395 340 105 foer-name-

1292 1527 169 94 siden
1294 1528 168 94 siden
1510 1524 98 94 jeg
1664 1524 220 78 derom
1942 1519 224 100 forhen
2228 1527 120 74 ved
2394 1519 288 99 Trykken
2730 1526 112 94 har
2880 1530 90 74 til#

1290 1638 382 98 kiendegivet
1710 1640 166 76 mine
1920 1635 280 92 Tanker.
2334 1637 290 99 Følgelig
2672 1642 190 90 haver
2900 1648 68 72 de

1286 1755 280 97 Dansse
1640 1752 308 100 Fabriker
2018 1757 118 78 ved
2202 1753 132 78 min
2392 1753 406 95 Begyndelse
2870 1748 98 102 fra

1284 1869 206 89 Aaret
1526 1886 182 78 1758
1744 1870 162 100 havt
1934 1885 234 82 mange
2186 1871 286 98 Tusinde
2492 1863 240 102 Skoe
2754 1866 218 92 Debit

1279 2014 136 78 paa
1456 1992 273 98 Norge,
1791 2012 78 75 og
1937 1999 116 74 end
2094 1991 199 82 Meere
2331 1988 204 82 kunde
2584 1998 161 90 have
2790 1998 177 90 havt,

1275 2134 170 62 uaar
1503 2118 72 76 de
1619 2106 246 100 Norsse
1907 2111 404 82 KiobMænd
2359 2113 120 90 har
2521 2114 232 78 kantet
2791 2104 178 104 faaet

1267 2245 78 77 de
1387 2236 220 96 øvrige
1653 2232 322 96 Wahrer,
2015 2233 136 94 som
2195 2241 74 76 de
2313 2233 118 100 har
2477 2230 358 106 forlanget,
2883 2258 80 82 og

1269 2358 188 94 tillige
1495 2356 238 78 dannet
1773 2350 150 101 ester
1965 2361 72 74 de
2079 2359 418 91 udenlandsse
2537 2362 18 76 i
2595 2358 370 98 Apprectur

1269 2491 82 73 og
1411 2466 396 96 Couleurer,
1869 2469 166 92 samt
2073 2471 380 96 Stykkerne
2515 2474 20 78 i
2585 2472 240 96 Lengde
2885 2492 76 76 og

1268 2585 282 97 Brede,
1616 2604 80 78 og
1744 2588 272 94 hvorom
2060 2581 108 98 sag
2214 2605 70 64 at
2330 2583 290 103 forholde
2664 2594 134 94 sig,
2864 2596 98 78 det

1268 2704 400 94 almindelige
1706 2698 632 105 Fabrike-Magazin
2374 2727 64 59 er
2480 2708 256 94 ubevist.

1484 2838 66 100 I
1596 2833 109 99 faa
1734 2840 302 83 Maader
2078 2843 182 96 synes
2302 2845 128 95 mig
2470 2860 72 64 at
2580 2834 122 90 bor
2742 2832 216 90 kaldes

1266 2988 76 64 en
1400 2964 100 76 vel
1534 2958 442 83 imemioneret
2018 2961 316 98 Patriot,
2400 2959 128 91 som
2584 2962 184 78 ellers
2818 2958 140 80 min

1266 3077 213 101 Herre
1522 3078 271 98 behager
1830 3097 69 62 at
1942 3071 193 104 spotte
2172 3085 139 72 med
2350 3079 17 76 i
2396 3071 219 103 Hans
2652 3076 301 96 prægtige

1263 3195 262 89 Tanker
1587 3212 108 64 om
1753 3198 118 78 den
1929 3195 394 100 Holsteensse
2387 3197 168 79 Ulds
2611 3192 338 96 Udførsel;

1259 3337 81 73 og
1401 3318 20 74 i
1493 3314 242 90 hvilken
1793 3312 282 83 Materie
2139 3313 100 96 jeg
2315 3313 130 96 heri
2501 3334 304 62 nærmere
2865 3312 90 82 vil

1259 3429 162 95 have
1483 3434 118 80 den
1643 3432 380 98 Fornøyelse
2067 3447 68 68 at
2187 3431 254 96 besvare
2485 3432 242 102 Ham,
2785 3450 162 64 naar

2849 3552 92 94 jeg
