3088 4533
1177 465 98 84 48
1801 473 514 37 ==*='

1175 645 108 76 det
1325 632 238 94 samme
1601 622 104 96 for
1729 644 76 58 en
1837 621 396 100 Philosoph,
2261 644 142 60 men
2425 622 100 98 for
2549 650 70 60 en
2641 628 254 104 Haand-

1179 732 399 88 værkskarl,
1641 728 111 76 der
1795 727 121 86 har
1955 739 59 62 et
2061 729 137 90 galt
2237 725 267 95 Begreb
2545 752 101 56 om
2681 736 241 91 TEren,

1178 857 70 58 er
1296 841 160 71 dette
1502 844 58 60 et
1596 822 220 98 sikkert
1872 823 262 80 Middel
2172 823 70 80 til
2278 840 72 62 at
2390 824 274 100 afværge
2698 824 200 103 Ægte-

1180 932 168 96 skab.
1456 922 346 88 Desuden
1862 923 314 96 Argus,
2236 923 108 92 saa
2390 946 62 58 er
2496 932 100 74 det
2630 930 116 78 ikke
2788 931 138 98 nok,

1182 1047 76 64 at
1296 1026 166 100 Folk
1502 1020 152 100 gifte
1694 1026 118 91 sig,
1854 1027 74 78 de
1966 1043 198 82 man,
2220 1025 20 76 i
2290 1024 172 98 Fald
2510 1030 72 76 de
2624 1026 118 98 stal
2774 1047 156 64 være

1182 1122 276 93 Staken
1498 1126 68 80 ril
1608 1122 252 98 Nytte,
1904 1121 162 98 have
2110 1129 180 74 deres
2352 1130 248 90 daglige
2660 1127 236 81 Udkom-

1184 1251 105 60 me
1312 1278 23 44 ,
1386 1224 113 100 faa
1542 1230 73 76 de
1670 1246 83 76 og
1810 1229 181 76 deres
2038 1221 217 86 Børn
2292 1224 21 78 i
2356 1230 101 74 det
2512 1230 259 90 ringeste
2816 1227 121 80 kan

1181 1348 172 61 være
1399 1322 264 96 befriede
1703 1326 106 92 fra
1851 1341 70 64 ar
1959 1325 176 80 betle.
2233 1323 142 97 Jeg
2423 1326 122 94 har
2601 1326 176 94 viist:
2843 1325 90 84 At

1179 1427 276 101 forhøye
1493 1424 532 84 Svennelønnen
2071 1429 102 76 der
2213 1447 62 56 er
2315 1442 70 62 ar
2421 1426 176 92 giøre
2623 1424 312 95 Arbeydec

1177 1539 242 90 dyrere.
1477 1524 274 88 Skulde
1765 1547 76 58 en
1865 1523 258 84 Svend
2149 1525 300 96 erhverve
2471 1544 188 76 mere,
2701 1543 232 62 manne

1181 1639 108 76 der
1302 1628 118 96 skee
1437 1626 472 100 vedFlinighed
1927 1629 120 74 ved
2065 1639 178 66 enten
2261 1640 70 62 ar
2351 1624 272 98 arbeyde
2641 1625 274 92 iStykre-

1185 1733 133 80 viis
1349 1734 139 76 eller
1517 1748 81 74 og
1619 1722 253 94 forenes
1897 1729 145 74 med
2059 1723 325 98 Mesteren
2407 1744 107 60 om
2531 1746 73 58 en
2623 1728 105 76 vis
2747 1724 191 99 Priis

1182 1829 110 96 for
1328 1846 58 64 et
1420 1830 120 94 vift
1578 1824 246 96 Slags
1856 1823 314 96 Arbeyde.
2252 1823 252 87 Denne
2536 1824 404 95 Beralnings

1182 1931 266 82 Maade
1490 1948 64 58 er
1594 1922 248 98 indført
1882 1927 22 76 i
1948 1921 302 100 Holland
2278 1944 78 76 og
2394 1922 382 99 Engeland;
2832 1931 102 76 der

1180 2033 128 80 kan
1354 2052 84 72 og
1482 2048 74 60 en
1600 2024 260 86 Svend
1906 2021 150 100 gifte
2094 2025 92 96 sig
2238 2030 170 76 uden
2468 2024 342 97 Vanære,
2868 2025 68 92 ja

1182 2135 138 90 han
1356 2130 124 78 kan
1522 2142 182 64 vente
1744 2141 72 64 ar
1850 2145 230 60 ernære
2136 2125 94 94 sig
2284 2144 78 78 og
2424 2126 94 94 sin
2560 2124 312 98 Familie,
2914 2125 22 80 i

1180 2231 117 96 sær
1340 2234 91 76 da
1478 2226 177 98 hans
1696 2224 199 84 Kone
1948 2247 81 72 og
2086 2221 215 88 Børn
2354 2222 121 82 kan
2526 2226 195 92 hielpe
2778 2223 157 86 ham

1185 2333 72 80 til
1297 2344 72 64 at
1415 2324 264 96 fornene
1719 2346 74 60 en
1841 2323 300 96 Skilling
2193 2328 174 90 med;
2423 2326 92 80 tbi
2555 2326 22 76 i
2619 2322 140 98 disse
2781 2321 158 86 Lam

1183 2437 80 76 de
1305 2434 140 74 lære
1487 2448 82 76 og
1617 2424 556 102 Fruentimmerne
2209 2439 72 66 at
2343 2422 308 98 arbeyde,
2703 2420 111 94 fat-3
2867 2439 70 68 ar

1183 2537 80 78 de
1303 2528 128 80 kan
1473 2524 268 96 fortiene
1797 2525 314 96 Brødet,
2173 2543 168 62 naar
2399 2530 74 74 de
2519 2524 122 80 ikke
2681 2530 260 89 længere

1187 2633 92 78 vil
1319 2630 176 80 tiene.
1603 2624 352 86 Saaledes
1997 2647 64 58 er
2105 2629 104 78 der
2245 2624 124 80 ikke
2411 2626 22 76 i
2471 2620 466 96 Dannemark.

1183 2731 609 98 Fruemimmernes
1849 2725 125 96 (jeg
2025 2729 161 80 taler
2231 2745 111 59 om
2395 2728 181 88 dem,
2655 2722 133 92 som
2865 2743 75 58 en

1182 2826 622 103 Haandværkskarl
1846 2825 124 80 kan
2002 2841 180 62 vente
2240 2827 92 91 sig
2392 2824 68 78 til
2510 2822 222 98 Kone)
2790 2821 118 84 Be-

1182 2926 344 103 skæftigelse
1607 2926 282 96 besaaer
1980 2925 20 78 i
2056 2921 542 95 Almindelighed,
2664 2918 274 94 foruden

1180 3025 584 101 Huus-Gjerning
1804 3027 20 76 i
1868 3041 72 62 at
1980 3021 212 96 spinde
2234 3045 72 56 en
2330 3040 162 74 grov
2526 3018 234 86 Traad
2804 3039 134 76 paa

1180 3151 80 58 en
1298 3126 158 84 Rok
1496 3148 80 76 og
1620 3126 98 94 sye
1764 3145 74 56 en
1876 3125 106 92 flet
2026 3119 244 98 Som,
2316 3140 78 72 og
2436 3124 232 76 derved
2728 3116 180 92 fortie-

1185 3239 120 70 nes
1344 3210 201 98 intet/
1624 3222 335 95 Aarsagen
2000 3241 65 62 er
2105 3245 140 70 nr.,
2282 3214 177 96 fordi
2502 3218 145 96 disse
2684 3218 221 100 Fruen-

1183 3329 288 80 timmere
1505 3326 64 90 jo
1609 3326 204 80 kunde
1857 3327 140 76 lære
2039 3339 80 74 og
2165 3319 208 94 havde
2411 3316 142 96 Lyst
2589 3320 70 78 til
2697 3338 70 62 at
2799 3325 138 74 lære

1175 3429 128 89 der;
1357 3444 146 60 men
1543 3422 170 96 fordi
1753 3428 108 75 der
1899 3439 64 60 er
2007 3421 210 92 ingen,
2243 3421 110 77 der
2377 3434 182 78 agter
2585 3422 98 76 det
2707 3416 192 96 fornø-

1177 3529 152 80 dent
1353 3542 70 62 at
1443 3530 144 76 lære
1609 3530 144 76 dem
1783 3526 116 77 det.
1953 3515 168 88 Der
2147 3517 120 98 har
2295 3534 196 68 været
2515 3516 312 98 Kmpple-
2851 3537 82 74 og

2703 3611 234 92 Strik-
