2923 4511
1715 428 96 74 59

140 619 226 92 sungen
398 614 242 98 haben,
696 623 136 69 und
866 614 166 79 keine
1062 619 484 94 Freymeisterey
1566 622 262 92 dastlbst

138 721 107 90 ist,
282 726 133 69 und
454 722 275 73 niemals
758 718 207 92 haben
1000 721 95 74 die
1122 721 255 77 Aemrec
1402 718 271 97 tüchtige
1694 734 137 68 und

133 816 376 94 arbeitsame
539 816 200 87 Leute,
779 826 212 68 weder
1013 820 130 89 hier
1175 820 154 94 noch
1359 834 166 77 dorr,
1549 843 250 72 gezwun-

133 939 118 70 gen
285 967 22 38 ,
413 913 502 98 Müßiggänger
963 938 70 70 zu
1085 933 254 65 werden
1397 923 202 76 wider
1653 927 178 85 ihren

133 1015 319 82 Willen?
501 1016 173 83 Wie
708 1014 520 94 augenscheinlich
1258 1022 72 88 ist
1366 1030 72 66 es
1480 1023 124 88 also
1644 1026 188 92 nicht,

134 1117 132 94 daß
300 1137 144 59 eure
472 1114 608 97 Beschuldigungen
1114 1120 442 94 ungegründet
1598 1121 162 99 seyn.

285 1313 182 85 Wir
497 1314 204 88 haben
733 1314 194 90 diesen
961 1314 280 85 Winter
1269 1336 70 74 zu
1375 1319 254 80 unseren
1647 1318 160 96 größ-

135 1429 101 66 ten
271 1415 355 94 Schmerze
663 1413 323 94 erfahren,
1031 1417 125 94 daß
1193 1427 105 67 der
1321 1418 207 97 Preiß
1561 1429 109 66 des
1689 1419 119 83 Ro-

138 1517 182 76 ckens
348 1528 134 66 und
518 1527 266 66 anderer
828 1514 438 82 Lebensmittel
1320 1540 158 72 ganz
1530 1520 306 90 unerhört

134 1617 323 94 gestiegen.
570 1615 163 84 Der
774 1613 246 83 Bauer
1054 1625 129 70 und
1220 1616 393 88 Kaufmann
1648 1631 157 83 dage-

135 1733 196 76 gegen
361 1714 114 94 hat
507 1725 206 68 weder
731 1713 282 93 Schuhe
1035 1719 154 88 noch
1223 1734 226 62 andere
1469 1717 336 94 Nochwen-

133 1813 324 96 digkeiten,
485 1820 94 71 die
599 1835 64 56 er
683 1833 130 59 von
841 1822 118 68 den
985 1812 628 101 Handwerksmann
1637 1823 164 75 brau-

134 1917 170 88 chet,
380 1922 334 87 deswegen
762 1916 248 96 theurer
1054 1919 294 95 bezahlen
1390 1917 276 100 müssen,
1720 1928 114 74 als

130 2015 258 94 vorher.

281 2211 258 87 Wann
571 2223 72 70 es
677 2212 234 90 endlich
941 2213 190 96 wahr
1167 2215 108 93 ist,
1333 2216 162 91 daß,
1557 2217 126 80 wie
1729 2216 102 94 ihr

135 2317 251 91 wollet,
415 2334 151 58 man
617 2319 149 76 viele
799 2314 587 96 HandwerkSieute
1415 2331 183 64 unter
1633 2327 195 69 denen

136 2409 298 98 Höckern
466 2424 132 67 und
632 2414 474 94 Lediggängern
1138 2417 228 90 findet,
1422 2436 260 59 warum
1714 2418 116 90 hat

136 2509 181 90 unser
376 2514 343 91 bisheriger
782 2513 367 95 Magistrat
1214 2514 373 94 dergleichen
1644 2515 187 81 Leme

137 2607 286 97 Bürger
451 2621 294 82 werden,
799 2622 134 68 und
965 2612 186 84 solche
1167 2611 552 99 Nahrungswege
1737 2636 64 58 er-

135 2707 240 94 greifen
427 2708 234 99 lassen,
731 2715 92 77 die
877 2724 116 66 den
1039 2713 234 80 Staat
1327 2719 504 75 untermimren?

135 2807 317 84 Warum
504 2812 114 88 hat
678 2833 154 57 man
872 2816 80 90 sie
990 2815 162 80 nicht
1192 2812 184 78 lieber
1416 2817 414 92 angehalten,

136 2909 178 92 ihren
346 2916 304 74 erlernten
680 2911 384 96 Handwerk
1084 2911 444 95 nachzugehen,
1560 2925 132 67 und
1708 2918 122 92 sich

132 3009 191 76 darin
372 3006 511 98 perfectioniren,
940 3013 127 94 baß
1110 3015 77 94 sie
1240 3011 247 90 darauf
1524 3033 71 74 zu
1642 3015 189 82 seiner

133 3105 138 98 Zeit
307 3107 98 97 ihr
431 3108 450 98 Bürgerrecht
915 3113 330 93 gewinnen
1277 3114 238 79 konten.
1619 3115 214 78 Allein

135 3209 133 88 hier
299 3209 73 93 ist
403 3212 149 92 euch
589 3221 127 68 das
747 3209 427 98 Meisterstück
1211 3215 91 75 im
1331 3210 243 97 Wege.
1623 3213 209 87 Was

138 3309 76 90 ist
242 3317 124 69 das
398 3310 468 95 Meisterstück,
920 3310 208 97 fraget
1158 3313 118 94 ihr.
1380 3312 134 98 Ich
1544 3335 254 61 antwor-

138 3421 95 84 te,
280 3417 69 75 es
390 3412 71 98 ist
502 3409 259 102 dasselbe
818 3414 167 100 hier,
1036 3423 153 72 was
1234 3422 71 74 es
1334 3414 63 82 in
1440 3414 241 87 Berlin
1728 3420 97 90 ist,

1711 3538 112 62 wo
