3034 4606
1779 507 108 98 17

165 709 158 68 vore
369 691 442 102 Fornemmes
865 717 84 76 og
993 697 220 96 Riges
1253 695 412 104 Cabinemr;
1741 700 141 91 vid-.

163 841 150 76 xgZ.
361 821 66 74 6.
585 813 68 98 I
717 821 76 74 de
847 813 194 98 første
1095 835 106 64 tør
1241 817 98 100 jeg
1382 821 314 94 gaae-ind
1587 823 110 82 ind
1737 827 146 80 med

165 937 186 96 dem;
405 957 150 58 men
597 937 20 78 i
659 941 74 78 de
775 937 182 98 sidste
1003 937 166 102 have
1199 937 132 88 De
1371 943 276 96 maaffee
1683 945 202 96 større

163 1055 298 100 Adgang
519 1065 122 76 end
697 1057 118 98 jeg.
973 1057 398 98 Angaaende
1413 1049 474 118 Jsenboderne^

165 1185 92 78 da
317 1199 192 62 maae
545 1179 102 98 jeg
691 1179 254 96 spørge:
1019 1179 178 96 hvad
1259 1179 316 86 Caracrer
1611 1183 102 98 jeg
1757 1185 126 98 stal

165 1313 148 90 give
343 1305 228 96 Dem,
597 1301 134 94 som
769 1305 212 80 kalder
1005 1301 236 98 Argus
1279 1305 308 92 stokblind
1605 1311 18 72 1
1665 1304 185 83 Maa-

161 1429 128 97 skee
329 1427 134 88 De
507 1429 122 96 har
665 1425 242 86 Deres
955 1423 220 100 Syn;
1253 1447 148 58 men
1445 1425 120 96 seer
1605 1423 106 98 for
1755 1449 98 60 me-

163 1565 104 82 get
325 1551 312 98 igiennem
705 1547 320 100 Fingrene
1075 1549 22 78 i
1153 1547 144 98 visse
1355 1547 202 86 Dele.
1713 1547 170 102 Har

167 1669 138 86 De
343 1667 126 82 ikke
511 1671 22 76 i
571 1663 448 102 Jsenboderne
1075 1665 112 94 seer
1229 1663 324 98 noget-af
1585 1677 194 70 vores
1823 1689 28 58 e-

165 1811 106 82 get
327 1791 338 98 Arbeyde,
725 1813 82 74 og
871 1791 120 96 har
1049 1787 132 88 De
1221 1811 72 76 ey
1341 1787 112 94 seer
1487 1789 112 94 saa
1635 1809 244 82 meget,

163 1915 70 78 vi
277 1933 176 62 reent
495 1913 210 82 kunde
745 1919 312 74 undvære
1099 1919 94 74 alt
1233 1917 102 78 det
1377 1913 422 98 Fremmede,
1853 1941 26 82 ;

153 2033 142 100 fald
341 2055 122 60 vor
507 2055 150 76 egen
701 2033 334 100 Fabriqve
1073 2033 140 80 blev
1257 2033 326 100 retffassen
1607 2035 240 94 sourine-

155 2163 148 78 ret?
371 2155 154 86 Vel
565 2165 122 72 an!
763 2155 110 93 faa
915 2155 252 96 foretag
1207 2155 202 88 Dem
1453 2177 58 60 et
1567 2177 116 76 nyt
1725 2159 120 84 Be-

159 2279 114 98 søg
325 2301 134 76 paa
513 2285 74 74 de
631 2275 328 98 Græder,
1023 2299 148 58 men
1215 2299 162 76 gaae
1419 2285 110 76 der
1571 2281 120 98 hen
1735 2281 136 94 som

159 2425 80 60 en
285 2401 278 94 upartiff
599 2399 230 82 Mand
851 2453 22 44 ,
915 2421 82 74 og
1039 2405 108 74 lad
1193 2399 166 80 blive
1404 2400 267 90 hjemme
1713 2403 128 86 De-

163 2531 112 72 res
317 2517 264 98 afsagde
620 2516 412 97 Beslutning
1099 2539 108 58 om
1249 2517 330 98 Laugenes
1623 2525 222 84 Under-

159 2665 198 76 gang.
462 2639 191 82 Kjøb
689 2639 200 88 Dem
927 2657 58 64 et
1023 2659 122 74 par
1191 2637 256 88 Briller
1483 2645 22 76 i
1529 2651 120 74 den
1677 2643 196 102 første

157 2763 334 100 Jsenbved
537 2785 82 72 og
654 2759 88 95 see
783 2767 122 74 ved
947 2759 204 100 Hjelp
1199 2761 80 96 af
1315 2769 146 74 dem
1501 2763 280 98 Alleting
1808 2768 31 76 si-

156 2889 292 92 giennem
531 2883 194 96 spørg
769 2905 108 58 om
907 2889 108 74 der
1045 2905 70 74 ey
1141 2883 214 96 findes
1381 2905 236 76 mange
1643 2885 204 98 Styk-

157 3005 102 82 ker
293 3005 70 96 ja
401 3007 262 94 utallige
707 3003 80 92 af
815 3003 490 98 Jægersborgs
1345 3003 370 100 Fabriqve,
1785 3029 84 78 og

157 3145 112 62 om
325 3147 72 72 ey
455 3131 94 74 alt
613 3125 210 80 kunde
867 3125 248 80 komme
1165 3123 268 96 derfra?
1487 3125 184 82 Mon
1713 3147 158 60 vore

159 3243 274 96 Speyle
471 3267 92 58 ere
603 3243 444 100 forfærdigede
1083 3247 20 78 i
1129 3245 370 96 Engelland
1525 3253 142 76 eller
1691 3247 148 100 Hol-

157 3371 160 78 land
385 3383 82 76 og
525 3385 154 60 mon
735 3371 74 76 de
871 3387 70 76 ey
985 3387 96 60 ere
1121 3371 160 88 godt
1321 3361 348 102 Arbeyde?
1723 3365 110 84 An-

159 3495 290 94 gaaende
495 3493 78 82 de
611 3489 428 102 Fornemmes
1085 3485 402 104 Cabinetter,
1529 3497 86 80 da
1653 3511 66 64 er
1759 3499 104 76 det

939 3609 92 88 B
1731 3613 132 100 just
