3194 4517
1371 466 85 71 82

1364 647 692 106 werksgewohnheiren
2084 655 136 72 und
2250 645 410 103 Gebruache,
2710 654 182 96 geben
2914 660 116 83 da»-

1364 778 74 76 zu
1482 760 96 76 die
1622 753 304 98 geringste
1968 747 366 99 Anleirung.

1514 952 238 93 Einige
1820 951 292 92 Gesellen
2170 946 280 100 gewisser
2522 948 252 86 Aemrer
2838 956 200 98 haben

1366 1064 124 72 den
1538 1052 358 99 Gebrauch
1944 1059 116 72 alle
2098 1049 290 82 Monate
2420 1052 312 96 einmahl,
2784 1070 126 66 und
2938 1064 106 77 diS

1370 1178 89 56 an
1494 1156 195 77 einem
1724 1155 295 92 Montag
2048 1151 435 98 Nachmittag
2526 1154 113 94 sich
2676 1174 69 74 zu
2778 1158 235 90 versam-

1369 1262 148 82 len,
1579 1265 136 72 und
1763 1257 98 94 lhr
1905 1255 390 94 Ladengeld,
2369 1254 264 94 welches
2685 1276 104 72 zur
2829 1258 186 81 Unter-

1369 1356 280 98 stützung
1675 1367 110 70 der
1819 1353 312 84 Kranken
2161 1354 340 95 gewidmet
2527 1356 110 96 ist,
2685 1376 72 72 zu
2801 1364 244 90 erlegen.

1369 1456 166 96 Bey
1573 1467 240 72 andern
1845 1455 324 100 geschiehet
2201 1454 198 92 dieses
2431 1474 122 60 nur
2583 1460 118 76 alle
2731 1454 314 87 Quartal.

1369 1558 312 93 Sowohl
1727 1561 94 76 die
1871 1555 506 93 Amts-Artikel,
2431 1562 106 74 als
2555 1576 142 60 eure
2731 1556 314 96 sogenamr

1371 1656 434 97 Gebräuche,
1861 1655 316 98 bedrohen
2233 1656 374 96 diejenigen,
2663 1658 62 90 so
2769 1678 128 58 von
2935 1662 86 77 die-

1371 1760 90 96 ser
1503 1761 302 95 Freyheit
1851 1761 172 76 einen
2065 1755 268 96 falschen
2381 1756 366 98 Gebrauch
2783 1756 264 98 machen,

1369 1864 125 76 mit
1529 1859 273 92 Strafe.
1871 1859 165 82 Eine
2069 1877 219 60 neuere
2327 1856 463 96 Verordnung
2819 1854 205 98 schrän-

1370 1962 94 78 ket
1508 1959 158 96 diese
1712 1957 436 100 Bestraffung
2202 1965 108 71 der
2350 1958 266 82 Aemrer
2662 1962 166 90 nicht
2872 1960 178 79 allein

1366 2066 138 88 ein,
1560 2058 262 94 sondern
1856 2061 144 90 hebt
2024 2063 80 110 sie
2136 2055 276 96 gänzlich
2440 2056 152 96 auf,
2662 2060 194 96 daher
2892 2058 138 81 kom-

1366 2182 150 60 men
1542 2162 98 77 die
1668 2155 606 96 Ausschweifungen
2302 2166 108 72 der
2442 2158 322 92 Gesellen,
2820 2160 92 76 die
2934 2177 124 77 gar

1368 2262 176 84 wohl
1590 2257 360 98 begreifen,
2026 2257 128 92 daß
2196 2259 96 76 ein
2336 2258 268 94 Meister
2650 2260 128 88 ihre
2824 2258 232 98 Fehler

1370 2362 186 78 lieber
1590 2358 376 97 übersiehet,
2022 2377 188 60 wenn
2238 2377 62 59 er
2328 2360 78 88 sie
2438 2356 322 98 benökhigt
2794 2360 106 92 ist,
2946 2363 108 76 als

1368 2462 132 92 Daß
1518 2480 62 56 er
1606 2463 218 90 beyde,
1860 2459 134 94 ihm
2022 2465 134 70 und
2184 2459 118 91 sich
2332 2460 204 94 selbst,
2590 2456 462 94 Versäumnis

1368 2564 123 78 mir
1534 2559 239 90 Laufen
1822 2577 119 62 vor
2002 2567 145 70 dem
2188 2554 513 103 Policeymeister
2770 2558 251 91 verursa-

1371 2662 148 88 chet.
1631 2659 252 90 Dieses
1921 2657 230 82 würde
2195 2661 146 91 euch
2385 2660 238 94 bewuft
2649 2656 174 96 seyn,
2871 2678 182 59 wenn

1369 2762 104 88 ihr
1503 2762 98 79 ein
1629 2761 672 96 Handswerksmann
2319 2758 240 100 wäret;
2605 2766 132 72 und
2755 2778 184 58 wenn
2959 2760 94 95 ihr

1371 2862 104 78 ein
1501 2862 278 98 Patriot
1809 2873 150 68 oder
2003 2859 436 82 Starsmann
2485 2858 242 90 wäret,
2781 2858 58 86 so
2879 2858 146 81 wür-

1369 2972 106 72 det
1507 2966 98 90 ihr
1631 2961 310 94 einsehen,
1993 2961 128 94 daß
2153 2963 98 76 ein
2281 2960 406 92 monatlicher
2719 2956 336 97 Beyrrag,

1371 3086 76 74 zu
1473 3065 474 98 Unterhaltung
1981 3061 260 78 kranker
2275 3058 394 94 Mitbrüver,
2709 3062 126 72 eine
2853 3056 178 98 christ-

1373 3168 154 88 liche
1555 3177 134 68 und
1721 3163 252 94 löbliche
2005 3163 336 93 Ordnung
2373 3164 128 88 sey,
2551 3164 132 84 die,
2731 3180 204 58 wann
2973 3142 80 113 sie

1371 3266 171 94 nicht
1587 3265 207 94 wäre,
1847 3259 211 92 unsere
2105 3260 369 97 Hospitäler
2527 3258 323 92 anfüllen,
2921 3271 131 68 und

1370 3376 120 68 den
1514 3368 232 81 Staat
1762 3369 126 74 eine
1920 3385 152 56 neue
2102 3361 240 82 Bürde
2382 3362 404 96 verursachen
2804 3356 246 84 würde.

1370 3470 150 86 Und
1542 3485 246 86 meynek
1806 3467 98 102 ihr
1930 3477 186 90 denn,
2148 3463 126 100 daß
2302 3466 94 86 die
2412 3464 290 100 Gesellen
2730 3468 64 82 in
2812 3459 242 103 Frank-
