3081 4610
233 696 168 102 frem
459 720 86 78 og
611 699 282 104 tilbage,
959 712 146 78 med
1153 726 82 76 og
1275 706 220 97 imod,
1539 709 20 82 i
1599 727 106 64 een
1759 704 210 108 Sag,

247 834 204 74 allene
519 826 108 98 for
693 847 74 62 at
833 837 188 91 dreye
1079 834 122 76 alle
1265 826 180 103 Ting
1513 827 152 102 efter
1727 831 246 91 Deres

242 946 280 88 Villie?
602 947 222 88 Ellers
866 971 192 63 maae
1096 952 100 96 jeg
1250 952 160 96 sige:
1464 973 74 64 at
1574 955 132 86 De
1764 972 208 82 meget

238 1074 344 97 vrangelig
668 1073 268 96 anfører
1012 1074 564 99 Saltzbvrgernes
1644 1077 326 101 Exempel.

232 1198 150 100 Jeg
442 1218 194 61 maae
692 1197 260 98 spørge:
1034 1200 190 96 hvem
1264 1216 158 65 vare
1462 1201 186 86 De?
1726 1202 122 82 ikke
1892 1222 78 58 en

242 1322 317 84 Sværm
622 1319 437 97 Landløbere,
1133 1342 148 58 men
1350 1327 247 92 duelige
1655 1343 84 77 og
1803 1328 166 90 gode

233 1444 342 99 Borgere,
619 1445 134 94 som
797 1467 74 60 en
913 1443 464 102 fordømmelig
1425 1449 358 96 Religions
1823 1448 114 98 In-

233 1578 320 78 tolerance
593 1573 318 94 udjagede
951 1568 82 100 af
1065 1576 128 92 sine
1233 1596 154 76 egne
1431 1573 256 96 Lande,
1735 1595 80 75 og
1861 1574 70 78 be-

230 1698 214 96 rigede
502 1703 204 76 andre
744 1703 196 92 med;
1019 1704 101 80 det
1160 1720 126 60 var
1332 1715 56 64 et
1433 1697 201 100 Folk,
1707 1697 133 93 som
1882 1718 78 62 en

236 1818 374 92 hveranden
644 1819 392 97 skarpsindig
1064 1820 294 97 Regent,
1400 1817 280 100 foruden
1704 1819 240 103 Preus-

234 1940 130 94 sen,
408 1946 146 74 med
602 1939 120 94 kys
754 1939 264 100 Haand
1064 1944 206 82 burde
1310 1946 346 93 imodtage-
1738 1942 222 84 Kort:

234 2080 111 60 om
388 2068 199 73 allene
618 2061 333 96 Laugenes
976 2062 393 95 Ophævelse
1394 2063 345 84 udlukkede
1766 2064 161 98 frem-

225 2188 220 90 mede,
501 2202 126 61 var
679 2183 66 96 jo
805 2191 122 74 den
973 2184 290 98 Skade,
1319 2183 156 98 efter
1515 2185 240 86 Deres
1799 2208 156 76 egne

223 2304 398 101 Pcincipiis,
647 2313 130 92 stor
825 2311 140 81 nok.
1071 2308 186 100 Ney,
1301 2315 138 76 min
1465 2311 252 98 Herre!
1765 2312 158 94 hver-

227 2430 115 80 ken
383 2430 329 98 Laugenes
757 2433 397 98 Ophævelse
1213 2442 141 76 eller
1401 2435 425 95 Vedblivelse
1883 2454 65 64 er

230 2552 570 101 Hovedaarsagen
848 2559 152 98 her;
1088 2564 176 94 hvad
1322 2558 136 95 som
1502 2559 124 96 skal
1664 2561 284 83 indlokke

226 2678 250 94 duelige
528 2676 420 103 Fremmede,
1008 2704 64 58 er
1134 2706 76 56 en
1266 2688 80 77 let
1404 2683 392 85 Levemaade
1864 2708 82 76 og

224 2806 182 90 ringe
462 2796 308 101 Afgivter
816 2821 79 76 og
938 2808 164 90 gode
1128 2798 430 103 Afsætninger
1598 2807 20 78 i
1662 2823 58 60 et
1746 2804 202 90 Land.

223 2920 178 84 Men
441 2940 170 63 troer
655 2921 134 88 De
831 2929 138 91 vel,
1017 2944 72 62 at
1133 2924 470 101 Fodevahrers
1647 2927 270 97 Nedsæt-

223 3044 138 92 telse
413 3066 82 74 og
541 3042 342 87 Skatters
927 3047 398 101 Forringelse
1381 3051 124 80 kan
1545 3053 370 95 tilveyebrin-

223 3176 116 84 ges
401 3170 122 74 ved
573 3167 334 98 Laugenes
967 3168 426 102 Ophævelse,
1463 3179 84 74 da
1591 3173 210 85 beviis
1859 3190 86 72 os

222 3284 164 98 først
442 3294 120 73 den
600 3291 426 97 Muelighed,
1096 3316 82 76 og
1240 3302 92 74 tal
1394 3295 108 92 saa
1570 3305 144 76 med
1772 3324 170 66 merr

220 3410 296 84 Grund!
568 3409 64 98 I
674 3411 172 100 Fald
874 3413 132 87 De
1050 3424 180 76 ellers
1278 3420 183 97 skule
1504 3439 158 84 troe,
1704 3444 72 64 at
1818 3450 86 64 vo-

218 3556 70 62 re
334 3556 152 78 egne
526 3534 174 87 bleve
744 3541 288 101 hiemme,
1076 3568 170 62 naar
1274 3548 290 101 Laugene
1608 3551 176 86 bleve
1824 3578 84 74 op-

1012 3643 65 87 C
1818 3662 129 92 hæ-
