3081 4610
1807 519 101 94 zr

205 706 200 95 finde,
447 720 74 66 at
563 709 106 80 det
709 704 496 99 opfindsomme,
1245 712 104 76 det
1385 708 216 101 vittige
1623 711 254 101 Franke-

194 828 150 97 rig,
406 830 70 76 vi
532 824 118 97 saa
706 830 210 94 gierne
954 830 20 78 i
1020 835 118 74 alle
1184 826 182 99 Bug
1424 828 342 104 efteraber,
1824 863 84 76 og

197 946 154 88 hvis
391 951 310 84 Modens
733 950 518 101 Særsindighed
1297 976 64 59 er
1407 959 190 93 halve
1629 959 284 102 Europa

194 1092 78 60 en
330 1071 132 86 Lov
494 1122 36 52 -f
608 1077 204 94 haver
874 1075 162 92 havt
1088 1079 116 94 lige
1274 1076 328 95 saadanne
1660 1087 254 89 sindede

193 1181 506 111 Stammen-O
779 1198 134 97 som
967 1196 172 101 De,
1211 1196 154 98 efter
1427 1204 154 100 hvis
1635 1207 280 101 Project

192 1316 296 101 Laugene
534 1343 256 78 engang
834 1325 172 79 bleve
1048 1325 334 95 omstødte.
1486 1328 198 102 Men,
1734 1336 178 94 hvad

193 1440 144 83 blev
385 1443 356 103 Frugten?
819 1445 238 88 Deres
1103 1444 344 102 Anden-de,
1507 1450 134 94 som
1683 1454 230 107 forhen

192 1566 216 98 havde
464 1585 196 64 værer
724 1566 140 99 søgt
906 1564 80 98 af
1022 1568 424 102 Fremmede,
1512 1581 400 102 declinerede,

189 1714 84 74 og
317 1693 150 80 kom
505 1708 173 65 reent
717 1692 22 78 i
781 1688 488 102 Decandence;
1325 1719 194 77 men,
1565 1705 344 94 hvorledes

186 1818 150 82 kom
382 1823 102 76 det
526 1822 22 74 i
590 1819 98 96 sin
728 1816 240 98 forrige
1010 1814 282 87 Værd?
1346 1819 140 98 Jo!
1534 1832 102 77 det
1680 1836 90 76 vil
1806 1835 102 96 jeg

185 1936 270 100 fortælle
511 1936 240 87 Dem:
859 1937 190 83 Man
1119 1957 247 65 maatte
1439 1948 164 94 tgien
1671 1974 242 76 oprette

186 2064 328 95 Laugene,
576 2083 80 74 og
720 2069 146 74 med
932 2068 186 76 deres
1164 2061 382 106 Opretning
1590 2073 146 83 kom
1780 2078 100 85 Ar-

185 2190 224 96 beydet
451 2190 72 78 til
567 2187 100 96 sin
709 2184 272 100 Høyde.
1139 2185 192 85 Seer
1371 2189 134 87 De
1553 2195 146 103 her,
1769 2211 146 79 min

186 2312 248 102 Herre!
504 2328 58 65 et
608 2309 254 87 Beviis
920 2331 170 78 paa,
1148 2330 72 64 at
1260 2312 290 102 Laugene
1606 2319 298 101 befordre

191 2456 84 76 og
331 2451 74 76 ey
467 2432 226 98 hindre
745 2430 406 96 Konsternes
1207 2434 232 100 Vext;
1519 2460 214 66 mener
1773 2446 136 89 De

188 2582 74 74 ey
308 2573 72 64 at
410 2553 432 103 Frankeriges
868 2553 454 88 Starsmænd
1366 2581 96 61 ere
1504 2565 230 96 ligesaa
1774 2572 94 85 klo-

193 2706 114 78 ge,
367 2681 136 94 som
543 2680 180 98 De,
795 2704 82 73 og
929 2702 170 63 troer
1139 2683 130 89 De
1311 2693 142 93 vel,
1507 2711 74 62 at
1619 2699 76 78 de
1739 2700 183 110 have,

184 2821 272 81 oprettet
496 2804 164 95 igien
732 2812 74 75 de
874 2827 284 82 eengang
1226 2810 396 106 kuldkastede
1686 2822 217 107 Laug,

185 2930 154 98 hvis
395 2933 76 75 de
529 2947 74 76 ey
669 2927 214 99 havde
943 2951 198 64 været
1199 2952 294 81 tvungne
1537 2948 226 96 dertil,
1821 2975 83 80 og

186 3048 370 95 Arbeydets
584 3047 608 102 Fuldkommenhed
1224 3060 212 94 havde
1470 3069 266 97 udæstet
1762 3078 144 79 det?

191 3167 342 103 Hvorfore
557 3173 120 96 har
715 3174 134 89 De
873 3197 74 75 ey
975 3185 118 73 talt
1119 3197 192 79 noget
1337 3203 108 61 om
1471 3192 200 80 denne
1695 3192 206 101 Sag,

180 3312 82 72 og
304 3286 298 101 hvorfore
646 3309 180 83 tager
860 3293 132 89 De
1034 3317 72 78 ey
1134 3299 356 103 Frankerig
1536 3313 68 76 til
1632 3311 262 102 Model,

179 3414 216 92 saavel
452 3412 135 92 som
643 3415 386 105 Engeland,
1099 3431 88 75 da
1245 3434 126 93 dog
1443 3438 120 76 den
1621 3439 278 100 Franste

181 3528 267 89 Nation
479 3534 197 86 bliver
704 3540 388 103 berømmet,
1132 3569 80 79 og
1254 3556 162 80 dens
1460 3552 406 105 Opfindsom-

1768 3662 119 97 hed
