3222 4662
2690 0 140 168 JL

1542 709 246 90 Wenn
1870 705 220 91 unsere
2160 700 418 98 Freymeister
2650 703 149 96 nach
2884 703 193 94 diesen

1391 816 476 90 Grundregeln
1945 806 338 94 gehandelt
2345 801 262 92 hakten,
2701 804 56 87 so
2813 804 262 81 würden

1396 926 82 90 sie
1524 920 96 74 die
1670 909 352 94 Obrigkeit
2068 903 166 89 nicht
2290 903 120 76 mit
2458 898 176 97 ihren
2690 900 386 102 lügenhaften

1391 1015 454 94 Suppliquen
1903 1009 58 98 so
2009 1004 224 94 häufig
2282 997 409 98 überlaufen,
2735 1012 126 68 und
2891 1014 184 70 denen

1390 1114 312 87 Aemrern
1794 1112 96 80 die
1959 1106 225 89 Mühe
2264 1103 274 92 ersparet
2617 1104 261 92 haben,
2954 1105 126 90 ihre

1394 1214 385 94 Erklärung
1831 1206 250 92 darauf
2111 1225 70 74 zu
2211 1204 232 94 geben,
2491 1212 164 70 denn
2687 1201 150 90 diese
2867 1199 216 94 mögen

1394 1341 140 59 nun
1582 1310 348 98 partheisch
1974 1318 148 69 oder
2162 1301 478 96 unparrheisch,
2698 1305 188 85 wahr
2938 1309 140 70 oder

1391 1418 290 94 unwahr
1716 1415 183 97 seyu,
1954 1411 59 93 so
2053 1409 170 80 wird
2288 1410 209 78 damit
2553 1404 314 97 gleichviel
2931 1411 120 72 aus-

1383 1523 321 103 gerichrer.

1541 1715 191 88 Wer
1765 1707 165 97 sollte
1975 1718 133 72 aus
2157 1713 145 73 dem
2343 1712 155 72 was
2539 1706 185 86 unser
2771 1701 303 102 polikifchr

1390 1817 647 104 Handwerksmann
2082 1807 125 93 auf
2256 1818 109 68 der
2412 1812 147 74 6ren
2606 1809 205 81 Seite
2862 1807 191 93 ansüh-

1391 1943 129 72 ret,
1595 1919 179 100 wohl
1817 1924 245 71 anders
2111 1908 347 98 urkheilen,
2525 1915 107 71 als
2683 1907 129 96 daß
2865 1928 65 60 er
2987 1911 91 74 ein

1388 2018 535 98 Bürgermeister
1956 2010 219 95 wäre,
2230 2009 147 79 weil
2406 2026 63 62 er
2504 2011 95 76 die
2634 2000 445 103 Erklärungen

1389 2134 117 70 der
1545 2123 263 81 Aemter
1855 2116 59 91 so
1953 2131 209 75 genau
2209 2102 265 86 kennet?
2527 2110 267 94 welches
2837 2125 243 75 genaue

1382 2219 423 93 Erkännmiß
1832 2236 65 58 er
1934 2225 143 70 dem
2118 2211 233 89 Argus
2380 2209 61 89 so
2484 2206 133 93 sehr
2658 2205 423 96 anwünschet.

1379 2325 145 97 Ich
1551 2319 285 90 wünsche
1879 2323 305 85 dagegen,
2225 2309 127 94 daß
2391 2326 63 62 er
2489 2309 97 76 ein
2623 2305 431 97 Handwerks-

1388 2432 161 72 oder
1592 2422 101 76 ein
1744 2396 675 102 Amts-Äeitermann
2452 2403 267 97 würde,
2772 2418 135 67 und
2948 2413 133 74 das

1379 2527 223 89 vorige
1645 2520 237 89 Leben,
1973 2526 134 66 und
2167 2512 98 74 die
2321 2507 448 96 Tauglichkeit
2815 2506 230 93 derjeni-

1382 2643 145 79 gen,
1556 2621 224 90 welche
1806 2611 418 103 Freymeister
2246 2628 70 74 zu
2334 2620 254 69 werden
2615 2587 242 113 suchen,
2880 2604 60 94 so
2974 2625 70 74 ge-

1375 2747 140 57 nau
1563 2713 597 99 kennen'möchten,
2229 2718 106 72 als
2393 2710 170 78 eines
2619 2711 172 87 jeden
2849 2706 196 82 Amts-

1376 2824 426 86 Aelrermann
1830 2818 96 78 die
1956 2837 130 55 von
2119 2793 199 112 seinen
2362 2811 164 81 Amt
2574 2809 252 90 kennet,
2880 2807 192 90 dieses

1377 2928 120 78 mit
1529 2935 110 67 der
1689 2913 408 101 lügenhaften
2143 2911 386 94 Ansuchung
2573 2908 380 91 conftriren,
3009 2909 60 88 so

1374 3026 232 82 würde
1652 3044 62 59 er
1756 3020 338 89 erkennen,
2134 3014 130 90 daß
2296 3025 70 66 es
2402 3016 196 76 einem
2633 3008 405 92 Bürgermei-

1373 3128 122 100 ster
1535 3130 150 77 eben
1742 3123 59 92 so
1850 3120 205 89 fremd
2111 3116 412 79 Vorkommen
2561 3108 224 84 würde
2828 3109 211 79 Aeüer-

1370 3250 208 62 mann
1608 3246 72 74 zu
1709 3219 161 97 seyu,
1894 3229 102 68 als
2030 3218 174 78 einen
2225 3215 629 97 Handwerksmann
2867 3206 171 87 Bür-

1367 3328 396 96 germeister,
1817 3329 134 71 und
1978 3318 129 91 daß
2141 3329 68 65 es
2255 3326 168 69 einen
2452 3316 231 90 jungen
2714 3312 345 91 Menschen

1362 3433 282 91 weniger
1677 3425 217 88 Kunst
1929 3419 73 97 ist
2021 3419 269 99 Meister
2319 3421 381 93 zujwerden,
2739 3419 109 77 als
2883 3412 147 87 Mei-

1362 3532 119 96 ster
1510 3549 71 76 zu
1620 3527 269 86 bleiben-

2929 3606 129 95 Ein
