<?xml version="1.0" encoding="utf-8"?>
<alto xmlns="http://www.loc.gov/standards/alto/ns-v3#" xmlns:xs="http://www.w3.org/2001/XMLSchema-instance" xmlns:xlink="http://www.w3.org/1999/xlink">
	<Description>
		<MeasurementUnit>pixel</MeasurementUnit>
		<sourceImageInformation>
			<fileName>130017168348_1_007_013_043.tif</fileName>
		</sourceImageInformation>
		<OCRProcessing ID="OCR1">
			<ocrProcessingStep>
				<processingDateTime>2018-09-13</processingDateTime>
				<processingAgency>Zissor AS</processingAgency>
				<processingStepSettings>Combined OCR</processingStepSettings>
				<processingSoftware>
					<softwareCreator>Zissor AS</softwareCreator>
					<softwareName>ContentOCR-11; ContentOCR-Tesseract</softwareName>
					<softwareVersion>2.0.2; 2.0.0</softwareVersion>
					<applicationDescription>OCR Component for Zissor Content System</applicationDescription>
				</processingSoftware>
			</ocrProcessingStep>
		</OCRProcessing>
	</Description>
	<Styles>
		<TextStyle ID="STYLE1" FONTFAMILY="Arial" FONTSIZE="11" FONTSTYLE=""/>
		<TextStyle ID="STYLE2" FONTFAMILY="Arial" FONTSIZE="10.5" FONTSTYLE=""/>
		<TextStyle ID="STYLE3" FONTFAMILY="Arial" FONTSIZE="12" FONTSTYLE=""/>
		<TextStyle ID="STYLE4" FONTFAMILY="Arial" FONTSIZE="11" FONTSTYLE="bold"/>
	</Styles>
	<Layout>
		<Page ID="PAGE535" HEIGHT="4610" WIDTH="3081" PHYSICAL_IMG_NR="535" PROCESSING="OCR1" PC="0.78">
			<TopMargin HEIGHT="474" WIDTH="3081" HPOS="0" VPOS="0"/>
			<LeftMargin HEIGHT="3169" WIDTH="203" HPOS="0" VPOS="474"/>
			<RightMargin HEIGHT="3169" WIDTH="1096" HPOS="1985" VPOS="474"/>
			<BottomMargin HEIGHT="965" WIDTH="3081" HPOS="0" VPOS="3645"/>
			<PrintSpace ID="PRINTSPACE1" HEIGHT="3169" WIDTH="1780" HPOS="204" VPOS="475">
				<ComposedBlock xs:type="ComposedBlockType" ID="ARTICLE107699" HEIGHT="3169" WIDTH="1780" HPOS="204" VPOS="475" xlink:type="simple">
					<TextBlock xs:type="TextBlockType" ID="ZONE1123839" HEIGHT="71" WIDTH="92" HPOS="1864" VPOS="475" xlink:type="simple">
						<TextLine ID="LINE1" HEIGHT="71" WIDTH="92" HPOS="1864" VPOS="475">
							<String ID="STRING1" STYLEREFS="STYLE1" HEIGHT="71" WIDTH="92" HPOS="1864" VPOS="475" CONTENT="43" WC="0.29" LANG="nob"/>
						</TextLine>
					</TextBlock>
					<TextBlock xs:type="TextBlockType" ID="ZONE1123840" HEIGHT="211" WIDTH="1760" HPOS="206" VPOS="629" xlink:type="simple">
						<TextLine ID="LINE2" HEIGHT="109" WIDTH="1724" HPOS="216" VPOS="631">
							<String ID="STRING2" STYLEREFS="STYLE2" HEIGHT="94" WIDTH="324" HPOS="216" VPOS="635" CONTENT="afskrække" WC="0.68" LANG="dan"/>
							<SP ID="SP1" WIDTH="34" HPOS="540" VPOS="635"/>
							<String ID="STRING3" STYLEREFS="STYLE2" HEIGHT="102" WIDTH="362" HPOS="574" VPOS="638" CONTENT="Flittighed" WC="0.56" LANG="dan"/>
							<SP ID="SP2" WIDTH="42" HPOS="936" VPOS="638"/>
							<String ID="STRING4" STYLEREFS="STYLE2" HEIGHT="76" WIDTH="82" HPOS="978" VPOS="662" CONTENT="og" WC="0.69" LANG="dan"/>
							<SP ID="SP3" WIDTH="42" HPOS="1060" VPOS="662"/>
							<String ID="STRING5" STYLEREFS="STYLE2" HEIGHT="100" WIDTH="174" HPOS="1102" VPOS="636" CONTENT="fylde" WC="0.68" LANG="dan"/>
							<SP ID="SP4" WIDTH="68" HPOS="1276" VPOS="636"/>
							<String ID="STRING6" STYLEREFS="STYLE2" HEIGHT="88" WIDTH="268" HPOS="1344" VPOS="633" CONTENT="Staten" WC="0.56" LANG="dan"/>
							<SP ID="SP5" WIDTH="50" HPOS="1612" VPOS="633"/>
							<String ID="STRING7" STYLEREFS="STYLE2" HEIGHT="78" WIDTH="144" HPOS="1662" VPOS="641" CONTENT="med" WC="0.75" LANG="dan"/>
							<SP ID="SP6" WIDTH="60" HPOS="1806" VPOS="641"/>
							<String ID="STRING8" STYLEREFS="STYLE2" HEIGHT="89" WIDTH="74" HPOS="1866" VPOS="631" CONTENT="Le" SUBS_TYPE="HypPart1" SUBS_CONTENT="Lediggiengere." WC="0.65" LANG="dan"/>
							<HYP CONTENT="-"/>
						</TextLine>
						<TextLine ID="LINE3" HEIGHT="95" WIDTH="416" HPOS="206" VPOS="743">
							<String ID="STRING9" STYLEREFS="STYLE2" HEIGHT="95" WIDTH="416" HPOS="206" VPOS="743" CONTENT="diggiengere." SUBS_TYPE="HypPart2" SUBS_CONTENT="Lediggiengere." WC="0.6" LANG="dan"/>
						</TextLine>
					</TextBlock>
					<TextBlock xs:type="TextBlockType" ID="ZONE1123841" HEIGHT="2811" WIDTH="1780" HPOS="204" VPOS="833" xlink:type="simple">
						<TextLine ID="LINE4" HEIGHT="102" WIDTH="1530" HPOS="446" VPOS="835">
							<String ID="STRING10" STYLEREFS="STYLE2" HEIGHT="97" WIDTH="101" HPOS="446" VPOS="839" CONTENT="Af" WC="0.5" LANG="dan"/>
							<SP ID="SP7" WIDTH="49" HPOS="547" VPOS="839"/>
							<String ID="STRING11" STYLEREFS="STYLE2" HEIGHT="74" WIDTH="93" HPOS="596" VPOS="848" CONTENT="alt" WC="0.8" LANG="dan"/>
							<SP ID="SP8" WIDTH="45" HPOS="689" VPOS="848"/>
							<String ID="STRING12" STYLEREFS="STYLE2" HEIGHT="76" WIDTH="159" HPOS="734" VPOS="848" CONTENT="dette" WC="0.8" LANG="dan"/>
							<SP ID="SP9" WIDTH="41" HPOS="893" VPOS="848"/>
							<String ID="STRING13" STYLEREFS="STYLE2" HEIGHT="78" WIDTH="125" HPOS="934" VPOS="842" CONTENT="kan" WC="1" LANG="dan"/>
							<SP ID="SP10" WIDTH="39" HPOS="1059" VPOS="842"/>
							<String ID="STRING14" STYLEREFS="STYLE2" HEIGHT="63" WIDTH="159" HPOS="1098" VPOS="860" CONTENT="man" WC="1" LANG="dan"/>
							<SP ID="SP11" WIDTH="43" HPOS="1257" VPOS="860"/>
							<String ID="STRING15" STYLEREFS="STYLE2" HEIGHT="98" WIDTH="117" HPOS="1300" VPOS="837" CONTENT="see," WC="0.77" LANG="dan"/>
							<SP ID="SP12" WIDTH="57" HPOS="1417" VPOS="837"/>
							<String ID="STRING16" STYLEREFS="STYLE2" HEIGHT="64" WIDTH="71" HPOS="1474" VPOS="855" CONTENT="at" WC="1" LANG="dan"/>
							<SP ID="SP13" WIDTH="37" HPOS="1545" VPOS="855"/>
							<String ID="STRING17" STYLEREFS="STYLE2" HEIGHT="80" WIDTH="73" HPOS="1582" VPOS="841" CONTENT="de" WC="0.66" LANG="deu"/>
							<SP ID="SP14" WIDTH="41" HPOS="1655" VPOS="841"/>
							<String ID="STRING18" STYLEREFS="STYLE2" HEIGHT="102" WIDTH="280" HPOS="1696" VPOS="835" CONTENT="Patriot" WC="0.73" LANG="deu"/>
						</TextLine>
						<TextLine ID="LINE5" HEIGHT="100" WIDTH="1758" HPOS="209" VPOS="939">
							<String ID="STRING19" STYLEREFS="STYLE2" HEIGHT="78" WIDTH="136" HPOS="209" VPOS="959" CONTENT="ter," WC="0.6" LANG="dan"/>
							<SP ID="SP15" WIDTH="46" HPOS="345" VPOS="959"/>
							<String ID="STRING20" STYLEREFS="STYLE2" HEIGHT="94" WIDTH="134" HPOS="391" VPOS="939" CONTENT="som" WC="0.96" LANG="dan"/>
							<SP ID="SP16" WIDTH="46" HPOS="525" VPOS="939"/>
							<String ID="STRING21" STYLEREFS="STYLE2" HEIGHT="94" WIDTH="296" HPOS="571" VPOS="942" CONTENT="hidindtil" WC="0.53" LANG="dan"/>
							<SP ID="SP17" WIDTH="40" HPOS="867" VPOS="942"/>
							<String ID="STRING22" STYLEREFS="STYLE2" HEIGHT="90" WIDTH="186" HPOS="907" VPOS="944" CONTENT="have," WC="0.67" LANG="dan"/>
							<SP ID="SP18" WIDTH="46" HPOS="1093" VPOS="944"/>
							<String ID="STRING23" STYLEREFS="STYLE2" HEIGHT="92" WIDTH="134" HPOS="1139" VPOS="942" CONTENT="som" WC="0.58" LANG="dan"/>
							<SP ID="SP19" WIDTH="40" HPOS="1273" VPOS="942"/>
							<String ID="STRING24" STYLEREFS="STYLE2" HEIGHT="98" WIDTH="240" HPOS="1313" VPOS="941" CONTENT="Jsige," WC="0.77" LANG="dan"/>
							<SP ID="SP20" WIDTH="39" HPOS="1553" VPOS="941"/>
							<String ID="STRING25" STYLEREFS="STYLE3" HEIGHT="92" WIDTH="375" HPOS="1592" VPOS="939" CONTENT="raaber-aa" SUBS_TYPE="HypPart1" SUBS_CONTENT="raaber-aa:de" WC="0.77" LANG="dan"/>
							<HYP CONTENT="-"/>
						</TextLine>
						<TextLine ID="LINE6" HEIGHT="101" WIDTH="1765" HPOS="206" VPOS="1037">
							<String ID="STRING26" STYLEREFS="STYLE3" HEIGHT="80" WIDTH="83" HPOS="206" VPOS="1047" CONTENT=":de" SUBS_TYPE="HypPart2" SUBS_CONTENT="raaber-aa:de" WC="0.88" LANG="dan"/>
							<SP ID="SP21" WIDTH="-82" HPOS="289" VPOS="1047"/>
							<String ID="STRING27" STYLEREFS="STYLE2" HEIGHT="74" WIDTH="82" HPOS="207" VPOS="1049" CONTENT="de" WC="0.65" LANG="dan"/>
							<SP ID="SP22" WIDTH="64" HPOS="289" VPOS="1049"/>
							<String ID="STRING28" STYLEREFS="STYLE2" HEIGHT="100" WIDTH="438" HPOS="353" VPOS="1037" CONTENT="forefaldende" WC="0.72" LANG="dan"/>
							<SP ID="SP23" WIDTH="88" HPOS="791" VPOS="1037"/>
							<String ID="STRING29" STYLEREFS="STYLE2" HEIGHT="98" WIDTH="292" HPOS="879" VPOS="1040" CONTENT="Udgifter" WC="0.62" LANG="dan"/>
							<SP ID="SP24" WIDTH="92" HPOS="1171" VPOS="1040"/>
							<String ID="STRING30" STYLEREFS="STYLE2" HEIGHT="76" WIDTH="122" HPOS="1263" VPOS="1047" CONTENT="ved" WC="0.72" LANG="dan"/>
							<SP ID="SP25" WIDTH="64" HPOS="1385" VPOS="1047"/>
							<String ID="STRING31" STYLEREFS="STYLE2" HEIGHT="97" WIDTH="522" HPOS="1449" VPOS="1039" CONTENT="Mesterstykker," WC="0.6" LANG="dan"/>
						</TextLine>
						<TextLine ID="LINE7" HEIGHT="104" WIDTH="1770" HPOS="207" VPOS="1136">
							<String ID="STRING32" STYLEREFS="STYLE2" HEIGHT="82" WIDTH="134" HPOS="207" VPOS="1141" CONTENT="ikke" WC="0.78" LANG="dan"/>
							<SP ID="SP26" WIDTH="62" HPOS="341" VPOS="1141"/>
							<String ID="STRING33" STYLEREFS="STYLE2" HEIGHT="98" WIDTH="170" HPOS="403" VPOS="1141" CONTENT="have" WC="0.79" LANG="dan"/>
							<SP ID="SP27" WIDTH="33" HPOS="573" VPOS="1141"/>
							<String ID="STRING34" STYLEREFS="STYLE3" HEIGHT="80" WIDTH="220" HPOS="606" VPOS="1141" CONTENT="raabe" WC="0.86" LANG="dan"/>
							<SP ID="SP28" WIDTH="49" HPOS="826" VPOS="1141"/>
							<String ID="STRING35" STYLEREFS="STYLE2" HEIGHT="74" WIDTH="172" HPOS="875" VPOS="1150" CONTENT="uden" WC="0.75" LANG="dan"/>
							<SP ID="SP29" WIDTH="39" HPOS="1047" VPOS="1150"/>
							<String ID="STRING36" STYLEREFS="STYLE3" HEIGHT="98" WIDTH="275" HPOS="1086" VPOS="1136" CONTENT="Aarsag" WC="0.85" LANG="dan"/>
							<SP ID="SP30" WIDTH="158" HPOS="1361" VPOS="1136"/>
							<String ID="STRING37" STYLEREFS="STYLE2" HEIGHT="82" WIDTH="258" HPOS="1519" VPOS="1139" CONTENT="Sandt" WC="0.63" LANG="dan"/>
							<SP ID="SP31" WIDTH="40" HPOS="1777" VPOS="1139"/>
							<String ID="STRING38" STYLEREFS="STYLE2" HEIGHT="97" WIDTH="160" HPOS="1817" VPOS="1143" CONTENT="siger" WC="0.56" LANG="dan"/>
						</TextLine>
						<TextLine ID="LINE8" HEIGHT="100" WIDTH="1740" HPOS="209" VPOS="1239">
							<String ID="STRING39" STYLEREFS="STYLE2" HEIGHT="98" WIDTH="72" HPOS="209" VPOS="1241" CONTENT="I" WC="1" LANG="dan"/>
							<SP ID="SP32" WIDTH="44" HPOS="281" VPOS="1241"/>
							<String ID="STRING40" STYLEREFS="STYLE2" HEIGHT="94" WIDTH="270" HPOS="325" VPOS="1244" CONTENT="endelig," WC="0.75" LANG="dan"/>
							<SP ID="SP33" WIDTH="48" HPOS="595" VPOS="1244"/>
							<String ID="STRING41" STYLEREFS="STYLE2" HEIGHT="72" WIDTH="246" HPOS="643" VPOS="1246" CONTENT="endeel" WC="0.4" LANG="dan"/>
							<SP ID="SP34" WIDTH="44" HPOS="889" VPOS="1246"/>
							<String ID="STRING42" STYLEREFS="STYLE2" HEIGHT="98" WIDTH="356" HPOS="933" VPOS="1240" CONTENT="Udgifter" WC="0.47" LANG="dan"/>
							<SP ID="SP35" WIDTH="42" HPOS="1289" VPOS="1240"/>
							<String ID="STRING43" STYLEREFS="STYLE2" HEIGHT="68" WIDTH="164" HPOS="1331" VPOS="1247" CONTENT="med" WC="0.53" LANG="dan"/>
							<SP ID="SP36" WIDTH="44" HPOS="1495" VPOS="1247"/>
							<String ID="STRING44" STYLEREFS="STYLE2" HEIGHT="80" WIDTH="410" HPOS="1539" VPOS="1239" CONTENT="Trakrerin" SUBS_TYPE="HypPart1" SUBS_CONTENT="Trakreringer," WC="0.45" LANG="dan"/>
							<HYP CONTENT="-"/>
						</TextLine>
						<TextLine ID="LINE9" HEIGHT="102" WIDTH="1772" HPOS="211" VPOS="1338">
							<String ID="STRING45" STYLEREFS="STYLE2" HEIGHT="80" WIDTH="162" HPOS="211" VPOS="1359" CONTENT="ger," SUBS_TYPE="HypPart2" SUBS_CONTENT="Trakreringer," WC="0.33" LANG="dan"/>
							<SP ID="SP37" WIDTH="50" HPOS="373" VPOS="1359"/>
							<String ID="STRING46" STYLEREFS="STYLE2" HEIGHT="88" WIDTH="190" HPOS="423" VPOS="1341" CONTENT="samt" WC="0.46" LANG="dan"/>
							<SP ID="SP38" WIDTH="44" HPOS="613" VPOS="1341"/>
							<String ID="STRING47" STYLEREFS="STYLE2" HEIGHT="92" WIDTH="424" HPOS="657" VPOS="1340" CONTENT="Gkikaner," WC="0.38" LANG="dan"/>
							<SP ID="SP39" WIDTH="44" HPOS="1081" VPOS="1340"/>
							<String ID="STRING48" STYLEREFS="STYLE2" HEIGHT="94" WIDTH="246" HPOS="1125" VPOS="1338" CONTENT="ffulde" WC="0.51" LANG="dan"/>
							<SP ID="SP40" WIDTH="46" HPOS="1371" VPOS="1338"/>
							<String ID="STRING49" STYLEREFS="STYLE2" HEIGHT="88" WIDTH="360" HPOS="1417" VPOS="1339" CONTENT="hemmes." WC="0.69" LANG="nob"/>
							<SP ID="SP41" WIDTH="90" HPOS="1777" VPOS="1339"/>
							<String ID="STRING50" STYLEREFS="STYLE2" HEIGHT="101" WIDTH="116" HPOS="1867" VPOS="1339" CONTENT="Ja" WC="0.95" LANG="dan"/>
						</TextLine>
						<TextLine ID="LINE10" HEIGHT="106" WIDTH="1762" HPOS="215" VPOS="1433">
							<String ID="STRING51" STYLEREFS="STYLE2" HEIGHT="94" WIDTH="124" HPOS="215" VPOS="1441" CONTENT="vist" WC="0.56" LANG="dan"/>
							<SP ID="SP42" WIDTH="44" HPOS="339" VPOS="1441"/>
							<String ID="STRING52" STYLEREFS="STYLE2" HEIGHT="98" WIDTH="206" HPOS="383" VPOS="1437" CONTENT="ffulde" WC="0.76" LANG="dan"/>
							<SP ID="SP43" WIDTH="38" HPOS="589" VPOS="1437"/>
							<String ID="STRING53" STYLEREFS="STYLE2" HEIGHT="78" WIDTH="76" HPOS="627" VPOS="1444" CONTENT="de" WC="0.67" LANG="dan"/>
							<SP ID="SP44" WIDTH="40" HPOS="703" VPOS="1444"/>
							<String ID="STRING54" STYLEREFS="STYLE2" HEIGHT="96" WIDTH="332" HPOS="743" VPOS="1440" CONTENT="hemmes," WC="0.78" LANG="nob"/>
							<SP ID="SP45" WIDTH="42" HPOS="1075" VPOS="1440"/>
							<String ID="STRING55" STYLEREFS="STYLE2" HEIGHT="106" WIDTH="320" HPOS="1117" VPOS="1433" CONTENT="Argus!" WC="0.46" LANG="dan"/>
							<SP ID="SP46" WIDTH="78" HPOS="1437" VPOS="1433"/>
							<String ID="STRING56" STYLEREFS="STYLE2" HEIGHT="70" WIDTH="148" HPOS="1515" VPOS="1459" CONTENT="men" WC="0.99" LANG="dan"/>
							<SP ID="SP47" WIDTH="38" HPOS="1663" VPOS="1459"/>
							<String ID="STRING57" STYLEREFS="STYLE2" HEIGHT="98" WIDTH="276" HPOS="1701" VPOS="1439" CONTENT="hverken" WC="0.88" LANG="dan"/>
						</TextLine>
						<TextLine ID="LINE11" HEIGHT="108" WIDTH="1765" HPOS="213" VPOS="1533">
							<String ID="STRING58" STYLEREFS="STYLE2" HEIGHT="98" WIDTH="69" HPOS="213" VPOS="1537" CONTENT="I" WC="1" LANG="dan"/>
							<SP ID="SP48" WIDTH="47" HPOS="282" VPOS="1537"/>
							<String ID="STRING59" STYLEREFS="STYLE2" HEIGHT="76" WIDTH="141" HPOS="329" VPOS="1543" CONTENT="eller" WC="0.94" LANG="dan"/>
							<SP ID="SP49" WIDTH="53" HPOS="470" VPOS="1543"/>
							<String ID="STRING60" STYLEREFS="STYLE2" HEIGHT="94" WIDTH="99" HPOS="523" VPOS="1542" CONTENT="jeg" WC="0.64" LANG="dan"/>
							<SP ID="SP50" WIDTH="30" HPOS="622" VPOS="1542"/>
							<String ID="STRING61" STYLEREFS="STYLE3" HEIGHT="94" WIDTH="148" HPOS="652" VPOS="1537" CONTENT="skal" WC="0.86" LANG="dan"/>
							<SP ID="SP51" WIDTH="97" HPOS="800" VPOS="1537"/>
							<String ID="STRING62" STYLEREFS="STYLE3" HEIGHT="108" WIDTH="110" HPOS="897" VPOS="1533" CONTENT="saa" WC="0.89" LANG="dan"/>
							<SP ID="SP52" WIDTH="62" HPOS="1007" VPOS="1533"/>
							<String ID="STRING63" STYLEREFS="STYLE2" HEIGHT="93" WIDTH="195" HPOS="1069" VPOS="1544" CONTENT="længe" WC="1" LANG="dan"/>
							<SP ID="SP53" WIDTH="41" HPOS="1264" VPOS="1544"/>
							<String ID="STRING64" STYLEREFS="STYLE2" HEIGHT="98" WIDTH="287" HPOS="1305" VPOS="1539" CONTENT="Laugene" WC="0.86" LANG="nob"/>
							<SP ID="SP54" WIDTH="43" HPOS="1592" VPOS="1539"/>
							<String ID="STRING65" STYLEREFS="STYLE2" HEIGHT="91" WIDTH="343" HPOS="1635" VPOS="1545" CONTENT="vedvarer," WC="0.71" LANG="dan"/>
						</TextLine>
						<TextLine ID="LINE12" HEIGHT="100" WIDTH="1768" HPOS="212" VPOS="1638">
							<String ID="STRING66" STYLEREFS="STYLE2" HEIGHT="72" WIDTH="148" HPOS="212" VPOS="1645" CONTENT="med" WC="0.71" LANG="dan"/>
							<SP ID="SP55" WIDTH="64" HPOS="360" VPOS="1645"/>
							<String ID="STRING67" STYLEREFS="STYLE2" HEIGHT="68" WIDTH="196" HPOS="424" VPOS="1652" CONTENT="vores" WC="0.82" LANG="dan"/>
							<SP ID="SP56" WIDTH="62" HPOS="620" VPOS="1652"/>
							<String ID="STRING68" STYLEREFS="STYLE2" HEIGHT="100" WIDTH="160" HPOS="682" VPOS="1638" CONTENT="Pen" WC="0.8" LANG="dan"/>
							<SP ID="SP57" WIDTH="58" HPOS="842" VPOS="1638"/>
							<String ID="STRING69" STYLEREFS="STYLE2" HEIGHT="78" WIDTH="210" HPOS="900" VPOS="1642" CONTENT="kunde" WC="0.89" LANG="dan"/>
							<SP ID="SP58" WIDTH="62" HPOS="1110" VPOS="1642"/>
							<String ID="STRING70" STYLEREFS="STYLE2" HEIGHT="99" WIDTH="246" HPOS="1172" VPOS="1638" CONTENT="hemme" WC="0.82" LANG="deu"/>
							<SP ID="SP59" WIDTH="56" HPOS="1418" VPOS="1638"/>
							<String ID="STRING71" STYLEREFS="STYLE2" HEIGHT="76" WIDTH="166" HPOS="1474" VPOS="1645" CONTENT="dem." WC="0.79" LANG="dan"/>
							<SP ID="SP60" WIDTH="196" HPOS="1640" VPOS="1645"/>
							<String ID="STRING72" STYLEREFS="STYLE2" HEIGHT="82" WIDTH="144" HPOS="1836" VPOS="1641" CONTENT="Læs" WC="0.81" LANG="dan"/>
						</TextLine>
						<TextLine ID="LINE13" HEIGHT="102" WIDTH="1766" HPOS="210" VPOS="1735">
							<String ID="STRING73" STYLEREFS="STYLE2" HEIGHT="102" WIDTH="502" HPOS="210" VPOS="1735" CONTENT="Forordningen" WC="0.72" LANG="dan"/>
							<SP ID="SP61" WIDTH="52" HPOS="712" VPOS="1735"/>
							<String ID="STRING74" STYLEREFS="STYLE2" HEIGHT="98" WIDTH="82" HPOS="764" VPOS="1736" CONTENT="af" WC="1" LANG="dan"/>
							<SP ID="SP62" WIDTH="40" HPOS="846" VPOS="1736"/>
							<String ID="STRING75" STYLEREFS="STYLE2" HEIGHT="72" WIDTH="36" HPOS="886" VPOS="1762" CONTENT="z" WC="0.22" LANG="dan"/>
							<SP ID="SP63" WIDTH="46" HPOS="922" VPOS="1762"/>
							<String ID="STRING76" STYLEREFS="STYLE2" HEIGHT="80" WIDTH="246" HPOS="968" VPOS="1740" CONTENT="Marti!" WC="0.62" LANG="dan"/>
							<SP ID="SP64" WIDTH="50" HPOS="1214" VPOS="1740"/>
							<String ID="STRING77" STYLEREFS="STYLE2" HEIGHT="92" WIDTH="230" HPOS="1264" VPOS="1745" CONTENT="1756," WC="0.77" LANG="dan"/>
							<SP ID="SP65" WIDTH="62" HPOS="1494" VPOS="1745"/>
							<String ID="STRING78" STYLEREFS="STYLE2" HEIGHT="76" WIDTH="108" HPOS="1556" VPOS="1745" CONTENT="der" WC="0.59" LANG="dan"/>
							<SP ID="SP66" WIDTH="54" HPOS="1664" VPOS="1745"/>
							<String ID="STRING79" STYLEREFS="STYLE2" HEIGHT="96" WIDTH="258" HPOS="1718" VPOS="1739" CONTENT="bestem»" WC="0.68" LANG="dan"/>
						</TextLine>
						<TextLine ID="LINE14" HEIGHT="101" WIDTH="1766" HPOS="212" VPOS="1836">
							<String ID="STRING80" STYLEREFS="STYLE2" HEIGHT="62" WIDTH="140" HPOS="212" VPOS="1859" CONTENT="mer" WC="0.77" LANG="dan"/>
							<SP ID="SP67" WIDTH="62" HPOS="352" VPOS="1859"/>
							<String ID="STRING81" STYLEREFS="STYLE2" HEIGHT="96" WIDTH="368" HPOS="414" VPOS="1836" CONTENT="Udgifterne" WC="0.84" LANG="dan"/>
							<SP ID="SP68" WIDTH="66" HPOS="782" VPOS="1836"/>
							<String ID="STRING82" STYLEREFS="STYLE2" HEIGHT="80" WIDTH="122" HPOS="848" VPOS="1842" CONTENT="ved" WC="0.85" LANG="dan"/>
							<SP ID="SP69" WIDTH="62" HPOS="970" VPOS="1842"/>
							<String ID="STRING83" STYLEREFS="STYLE2" HEIGHT="97" WIDTH="410" HPOS="1032" VPOS="1838" CONTENT="Drengenes" WC="0.86" LANG="dan"/>
							<SP ID="SP70" WIDTH="54" HPOS="1442" VPOS="1838"/>
							<String ID="STRING84" STYLEREFS="STYLE2" HEIGHT="98" WIDTH="482" HPOS="1496" VPOS="1839" CONTENT="Løskyndigelse" WC="0.81" LANG="dan"/>
						</TextLine>
						<TextLine ID="LINE15" HEIGHT="108" WIDTH="1768" HPOS="206" VPOS="1933">
							<String ID="STRING85" STYLEREFS="STYLE3" HEIGHT="74" WIDTH="89" HPOS="206" VPOS="1959" CONTENT="Og" WC="0.73" LANG="dan"/>
							<SP ID="SP71" WIDTH="57" HPOS="295" VPOS="1959"/>
							<String ID="STRING86" STYLEREFS="STYLE2" HEIGHT="86" WIDTH="416" HPOS="352" VPOS="1933" CONTENT="Svennenes" WC="0.93" LANG="nob"/>
							<SP ID="SP72" WIDTH="60" HPOS="768" VPOS="1933"/>
							<String ID="STRING87" STYLEREFS="STYLE2" HEIGHT="96" WIDTH="524" HPOS="828" VPOS="1938" CONTENT="Mesterstykker," WC="0.77" LANG="dan"/>
							<SP ID="SP73" WIDTH="54" HPOS="1352" VPOS="1938"/>
							<String ID="STRING88" STYLEREFS="STYLE2" HEIGHT="96" WIDTH="116" HPOS="1406" VPOS="1937" CONTENT="saa" WC="0.9" LANG="nob"/>
							<SP ID="SP74" WIDTH="52" HPOS="1522" VPOS="1937"/>
							<String ID="STRING89" STYLEREFS="STYLE3" HEIGHT="101" WIDTH="123" HPOS="1574" VPOS="1940" CONTENT="skal" WC="0.83" LANG="dan"/>
							<SP ID="SP75" WIDTH="39" HPOS="1697" VPOS="1940"/>
							<String ID="STRING90" STYLEREFS="STYLE2" HEIGHT="98" WIDTH="70" HPOS="1736" VPOS="1939" CONTENT="I" WC="1" LANG="dan"/>
							<SP ID="SP76" WIDTH="58" HPOS="1806" VPOS="1939"/>
							<String ID="STRING91" STYLEREFS="STYLE2" HEIGHT="97" WIDTH="110" HPOS="1864" VPOS="1939" CONTENT="see," WC="0.75" LANG="dan"/>
						</TextLine>
						<TextLine ID="LINE16" HEIGHT="105" WIDTH="1766" HPOS="210" VPOS="2033">
							<String ID="STRING92" STYLEREFS="STYLE2" HEIGHT="64" WIDTH="74" HPOS="210" VPOS="2055" CONTENT="at" WC="0.8" LANG="dan"/>
							<SP ID="SP77" WIDTH="60" HPOS="284" VPOS="2055"/>
							<String ID="STRING93" STYLEREFS="STYLE2" HEIGHT="96" WIDTH="146" HPOS="344" VPOS="2033" CONTENT="disse" WC="0.72" LANG="dan"/>
							<SP ID="SP78" WIDTH="60" HPOS="490" VPOS="2033"/>
							<String ID="STRING94" STYLEREFS="STYLE2" HEIGHT="98" WIDTH="296" HPOS="550" VPOS="2034" CONTENT="Udgifter" WC="0.83" LANG="dan"/>
							<SP ID="SP79" WIDTH="56" HPOS="846" VPOS="2034"/>
							<String ID="STRING95" STYLEREFS="STYLE2" HEIGHT="62" WIDTH="96" HPOS="902" VPOS="2058" CONTENT="ere" WC="0.86" LANG="dan"/>
							<SP ID="SP80" WIDTH="56" HPOS="998" VPOS="2058"/>
							<String ID="STRING96" STYLEREFS="STYLE2" HEIGHT="97" WIDTH="352" HPOS="1054" VPOS="2040" CONTENT="strængelig" WC="0.71" LANG="dan"/>
							<SP ID="SP81" WIDTH="62" HPOS="1406" VPOS="2040"/>
							<String ID="STRING97" STYLEREFS="STYLE2" HEIGHT="100" WIDTH="362" HPOS="1468" VPOS="2035" CONTENT="forbudne," WC="0.72" LANG="dan"/>
							<SP ID="SP82" WIDTH="62" HPOS="1830" VPOS="2035"/>
							<String ID="STRING98" STYLEREFS="STYLE2" HEIGHT="76" WIDTH="84" HPOS="1892" VPOS="2062" CONTENT="og" WC="0.58" LANG="dan"/>
						</TextLine>
						<TextLine ID="LINE17" HEIGHT="104" WIDTH="1772" HPOS="206" VPOS="2133">
							<String ID="STRING99" STYLEREFS="STYLE2" HEIGHT="88" WIDTH="136" HPOS="206" VPOS="2143" CONTENT="dog" WC="0.48" LANG="dan"/>
							<SP ID="SP83" WIDTH="60" HPOS="342" VPOS="2143"/>
							<String ID="STRING100" STYLEREFS="STYLE2" HEIGHT="100" WIDTH="472" HPOS="402" VPOS="2133" CONTENT="haandchæves" WC="0.78" LANG="dan"/>
							<SP ID="SP84" WIDTH="54" HPOS="874" VPOS="2133"/>
							<String ID="STRING101" STYLEREFS="STYLE2" HEIGHT="76" WIDTH="82" HPOS="928" VPOS="2158" CONTENT="og" WC="0.88" LANG="dan"/>
							<SP ID="SP85" WIDTH="52" HPOS="1010" VPOS="2158"/>
							<String ID="STRING102" STYLEREFS="STYLE2" HEIGHT="75" WIDTH="262" HPOS="1062" VPOS="2144" CONTENT="udøves" WC="0.77" LANG="dan"/>
							<SP ID="SP86" WIDTH="56" HPOS="1324" VPOS="2144"/>
							<String ID="STRING103" STYLEREFS="STYLE2" HEIGHT="76" WIDTH="76" HPOS="1380" VPOS="2145" CONTENT="de" WC="0.67" LANG="dan"/>
							<SP ID="SP87" WIDTH="54" HPOS="1456" VPOS="2145"/>
							<String ID="STRING104" STYLEREFS="STYLE2" HEIGHT="74" WIDTH="144" HPOS="1510" VPOS="2145" CONTENT="med" WC="0.84" LANG="dan"/>
							<SP ID="SP88" WIDTH="42" HPOS="1654" VPOS="2145"/>
							<String ID="STRING105" STYLEREFS="STYLE2" HEIGHT="98" WIDTH="282" HPOS="1696" VPOS="2139" CONTENT="Haard»" WC="0.56" LANG="dan"/>
						</TextLine>
						<TextLine ID="LINE18" HEIGHT="104" WIDTH="1767" HPOS="206" VPOS="2233">
							<String ID="STRING106" STYLEREFS="STYLE2" HEIGHT="88" WIDTH="165" HPOS="206" VPOS="2241" CONTENT="hed," WC="0.7" LANG="dan"/>
							<SP ID="SP89" WIDTH="73" HPOS="371" VPOS="2241"/>
							<String ID="STRING107" STYLEREFS="STYLE2" HEIGHT="96" WIDTH="105" HPOS="444" VPOS="2233" CONTENT="ja!" WC="0.81" LANG="dan"/>
							<SP ID="SP90" WIDTH="81" HPOS="549" VPOS="2233"/>
							<String ID="STRING108" STYLEREFS="STYLE2" HEIGHT="100" WIDTH="435" HPOS="630" VPOS="2234" CONTENT="Øvrigheden" WC="0.79" LANG="dan"/>
							<SP ID="SP91" WIDTH="77" HPOS="1065" VPOS="2234"/>
							<String ID="STRING109" STYLEREFS="STYLE2" HEIGHT="100" WIDTH="123" HPOS="1142" VPOS="2236" CONTENT="har" WC="0.59" LANG="dan"/>
							<SP ID="SP92" WIDTH="77" HPOS="1265" VPOS="2236"/>
							<String ID="STRING110" STYLEREFS="STYLE2" HEIGHT="92" WIDTH="205" HPOS="1342" VPOS="2245" CONTENT="endog" WC="0.74" LANG="dan"/>
							<SP ID="SP93" WIDTH="79" HPOS="1547" VPOS="2245"/>
							<String ID="STRING111" STYLEREFS="STYLE2" HEIGHT="74" WIDTH="119" HPOS="1626" VPOS="2245" CONTENT="ved" WC="0.86" LANG="dan"/>
							<SP ID="SP94" WIDTH="81" HPOS="1745" VPOS="2245"/>
							<String ID="STRING112" STYLEREFS="STYLE2" HEIGHT="98" WIDTH="147" HPOS="1826" VPOS="2238" CONTENT="visse" WC="0.99" LANG="dan"/>
						</TextLine>
						<TextLine ID="LINE19" HEIGHT="104" WIDTH="1768" HPOS="209" VPOS="2335">
							<String ID="STRING113" STYLEREFS="STYLE2" HEIGHT="92" WIDTH="224" HPOS="209" VPOS="2337" CONTENT="Laugs" WC="0.72" LANG="dan"/>
							<SP ID="SP95" WIDTH="22" HPOS="433" VPOS="2337"/>
							<String ID="STRING114" STYLEREFS="STYLE2" HEIGHT="98" WIDTH="522" HPOS="455" VPOS="2336" CONTENT="»Mesterstykker" WC="0.74" LANG="dan"/>
							<SP ID="SP96" WIDTH="50" HPOS="977" VPOS="2336"/>
							<String ID="STRING115" STYLEREFS="STYLE2" HEIGHT="78" WIDTH="170" HPOS="1027" VPOS="2344" CONTENT="ladet" WC="0.76" LANG="dan"/>
							<SP ID="SP97" WIDTH="58" HPOS="1197" VPOS="2344"/>
							<String ID="STRING116" STYLEREFS="STYLE2" HEIGHT="64" WIDTH="58" HPOS="1255" VPOS="2357" CONTENT="et" WC="0.87" LANG="dan"/>
							<SP ID="SP98" WIDTH="42" HPOS="1313" VPOS="2357"/>
							<String ID="STRING117" STYLEREFS="STYLE2" HEIGHT="100" WIDTH="162" HPOS="1355" VPOS="2339" CONTENT="Par" WC="0.63" LANG="dan"/>
							<SP ID="SP99" WIDTH="52" HPOS="1517" VPOS="2339"/>
							<String ID="STRING118" STYLEREFS="STYLE2" HEIGHT="96" WIDTH="84" HPOS="1569" VPOS="2335" CONTENT="af" WC="0.74" LANG="dan"/>
							<SP ID="SP100" WIDTH="34" HPOS="1653" VPOS="2335"/>
							<String ID="STRING119" STYLEREFS="STYLE2" HEIGHT="86" WIDTH="290" HPOS="1687" VPOS="2337" CONTENT="Rettens" WC="0.82" LANG="dan"/>
						</TextLine>
						<TextLine ID="LINE20" HEIGHT="98" WIDTH="1764" HPOS="211" VPOS="2435">
							<String ID="STRING120" STYLEREFS="STYLE2" HEIGHT="86" WIDTH="378" HPOS="211" VPOS="2435" CONTENT="Betiemere" WC="0.67" LANG="dan"/>
							<SP ID="SP101" WIDTH="62" HPOS="589" VPOS="2435"/>
							<String ID="STRING121" STYLEREFS="STYLE2" HEIGHT="62" WIDTH="168" HPOS="651" VPOS="2454" CONTENT="være" WC="0.74" LANG="dan"/>
							<SP ID="SP102" WIDTH="66" HPOS="819" VPOS="2454"/>
							<String ID="STRING122" STYLEREFS="STYLE2" HEIGHT="75" WIDTH="448" HPOS="885" VPOS="2445" CONTENT="overværende" WC="0.82" LANG="dan"/>
							<SP ID="SP103" WIDTH="68" HPOS="1333" VPOS="2445"/>
							<String ID="STRING123" STYLEREFS="STYLE2" HEIGHT="94" WIDTH="104" HPOS="1401" VPOS="2437" CONTENT="for" WC="0.49" LANG="dan"/>
							<SP ID="SP104" WIDTH="64" HPOS="1505" VPOS="2437"/>
							<String ID="STRING124" STYLEREFS="STYLE2" HEIGHT="64" WIDTH="74" HPOS="1569" VPOS="2455" CONTENT="at" WC="0.64" LANG="dan"/>
							<SP ID="SP105" WIDTH="72" HPOS="1643" VPOS="2455"/>
							<String ID="STRING125" STYLEREFS="STYLE2" HEIGHT="98" WIDTH="260" HPOS="1715" VPOS="2435" CONTENT="opfylde" WC="0.69" LANG="dan"/>
						</TextLine>
						<TextLine ID="LINE21" HEIGHT="101" WIDTH="1762" HPOS="213" VPOS="2534">
							<String ID="STRING126" STYLEREFS="STYLE2" HEIGHT="96" WIDTH="434" HPOS="213" VPOS="2535" CONTENT="Lovgiverens" WC="0.84" LANG="dan"/>
							<SP ID="SP106" WIDTH="36" HPOS="647" VPOS="2535"/>
							<String ID="STRING127" STYLEREFS="STYLE2" HEIGHT="100" WIDTH="328" HPOS="683" VPOS="2534" CONTENT="Hensigt," WC="0.59" LANG="dan"/>
							<SP ID="SP107" WIDTH="42" HPOS="1011" VPOS="2534"/>
							<String ID="STRING128" STYLEREFS="STYLE2" HEIGHT="76" WIDTH="82" HPOS="1053" VPOS="2558" CONTENT="og" WC="0.61" LANG="dan"/>
							<SP ID="SP108" WIDTH="40" HPOS="1135" VPOS="2558"/>
							<String ID="STRING129" STYLEREFS="STYLE2" HEIGHT="87" WIDTH="128" HPOS="1175" VPOS="2548" CONTENT="dog" WC="0.44" LANG="dan"/>
							<SP ID="SP109" WIDTH="46" HPOS="1303" VPOS="2548"/>
							<String ID="STRING130" STYLEREFS="STYLE2" HEIGHT="92" WIDTH="122" HPOS="1349" VPOS="2539" CONTENT="har" WC="0.69" LANG="dan"/>
							<SP ID="SP110" WIDTH="44" HPOS="1471" VPOS="2539"/>
							<String ID="STRING131" STYLEREFS="STYLE2" HEIGHT="78" WIDTH="106" HPOS="1515" VPOS="2543" CONTENT="det" WC="0.54" LANG="dan"/>
							<SP ID="SP111" WIDTH="36" HPOS="1621" VPOS="2543"/>
							<String ID="STRING132" STYLEREFS="STYLE2" HEIGHT="82" WIDTH="124" HPOS="1657" VPOS="2537" CONTENT="ikke" WC="1" LANG="dan"/>
							<SP ID="SP112" WIDTH="38" HPOS="1781" VPOS="2537"/>
							<String ID="STRING133" STYLEREFS="STYLE2" HEIGHT="77" WIDTH="156" HPOS="1819" VPOS="2541" CONTENT="kun»" WC="0.96" LANG="dan"/>
						</TextLine>
						<TextLine ID="LINE22" HEIGHT="103" WIDTH="1758" HPOS="213" VPOS="2634">
							<String ID="STRING134" STYLEREFS="STYLE2" HEIGHT="82" WIDTH="108" HPOS="213" VPOS="2641" CONTENT="det" WC="0.74" LANG="dan"/>
							<SP ID="SP113" WIDTH="42" HPOS="321" VPOS="2641"/>
							<String ID="STRING135" STYLEREFS="STYLE2" HEIGHT="95" WIDTH="218" HPOS="363" VPOS="2635" CONTENT="hielpe." WC="0.91" LANG="dan"/>
							<SP ID="SP114" WIDTH="140" HPOS="581" VPOS="2635"/>
							<String ID="STRING136" STYLEREFS="STYLE2" HEIGHT="98" WIDTH="220" HPOS="721" VPOS="2634" CONTENT="Hvad" WC="0.78" LANG="dan"/>
							<SP ID="SP115" WIDTH="42" HPOS="941" VPOS="2634"/>
							<String ID="STRING137" STYLEREFS="STYLE2" HEIGHT="78" WIDTH="176" HPOS="983" VPOS="2654" CONTENT="nytte" WC="0.7" LANG="dan"/>
							<SP ID="SP116" WIDTH="40" HPOS="1159" VPOS="2654"/>
							<String ID="STRING138" STYLEREFS="STYLE2" HEIGHT="96" WIDTH="160" HPOS="1199" VPOS="2641" CONTENT="gode" WC="0.53" LANG="dan"/>
							<SP ID="SP117" WIDTH="44" HPOS="1359" VPOS="2641"/>
							<String ID="STRING139" STYLEREFS="STYLE2" HEIGHT="86" WIDTH="164" HPOS="1403" VPOS="2635" CONTENT="Love" WC="0.65" LANG="dan"/>
							<SP ID="SP118" WIDTH="40" HPOS="1567" VPOS="2635"/>
							<String ID="STRING140" STYLEREFS="STYLE2" HEIGHT="80" WIDTH="22" HPOS="1607" VPOS="2639" CONTENT="i" WC="0.88" LANG="dan"/>
							<SP ID="SP119" WIDTH="40" HPOS="1629" VPOS="2639"/>
							<String ID="STRING141" STYLEREFS="STYLE2" HEIGHT="64" WIDTH="56" HPOS="1669" VPOS="2653" CONTENT="et" WC="0.96" LANG="dan"/>
							<SP ID="SP120" WIDTH="42" HPOS="1725" VPOS="2653"/>
							<String ID="STRING142" STYLEREFS="STYLE2" HEIGHT="97" WIDTH="204" HPOS="1767" VPOS="2637" CONTENT="Land," WC="0.77" LANG="dan"/>
						</TextLine>
						<TextLine ID="LINE23" HEIGHT="103" WIDTH="1760" HPOS="217" VPOS="2732">
							<String ID="STRING143" STYLEREFS="STYLE2" HEIGHT="62" WIDTH="172" HPOS="217" VPOS="2755" CONTENT="naar" WC="0.71" LANG="dan"/>
							<SP ID="SP121" WIDTH="52" HPOS="389" VPOS="2755"/>
							<String ID="STRING144" STYLEREFS="STYLE2" HEIGHT="76" WIDTH="76" HPOS="441" VPOS="2739" CONTENT="de" WC="0.68" LANG="dan"/>
							<SP ID="SP122" WIDTH="52" HPOS="517" VPOS="2739"/>
							<String ID="STRING145" STYLEREFS="STYLE2" HEIGHT="82" WIDTH="126" HPOS="569" VPOS="2734" CONTENT="ikke" WC="1" LANG="dan"/>
							<SP ID="SP123" WIDTH="58" HPOS="695" VPOS="2734"/>
							<String ID="STRING146" STYLEREFS="STYLE2" HEIGHT="80" WIDTH="164" HPOS="753" VPOS="2736" CONTENT="blive" WC="0.77" LANG="dan"/>
							<SP ID="SP124" WIDTH="58" HPOS="917" VPOS="2736"/>
							<String ID="STRING147" STYLEREFS="STYLE2" HEIGHT="100" WIDTH="414" HPOS="975" VPOS="2732" CONTENT="efterlevede?" WC="0.87" LANG="dan"/>
							<SP ID="SP125" WIDTH="84" HPOS="1389" VPOS="2732"/>
							<String ID="STRING148" STYLEREFS="STYLE2" HEIGHT="96" WIDTH="110" HPOS="1473" VPOS="2739" CONTENT="her" WC="0.79" LANG="dan"/>
							<SP ID="SP126" WIDTH="52" HPOS="1583" VPOS="2739"/>
							<String ID="STRING149" STYLEREFS="STYLE2" HEIGHT="78" WIDTH="128" HPOS="1635" VPOS="2739" CONTENT="kan" WC="1" LANG="dan"/>
							<SP ID="SP127" WIDTH="54" HPOS="1763" VPOS="2739"/>
							<String ID="STRING150" STYLEREFS="STYLE2" HEIGHT="59" WIDTH="160" HPOS="1817" VPOS="2759" CONTENT="man" WC="0.86" LANG="dan"/>
						</TextLine>
						<TextLine ID="LINE24" HEIGHT="105" WIDTH="1766" HPOS="213" VPOS="2830">
							<String ID="STRING151" STYLEREFS="STYLE2" HEIGHT="98" WIDTH="130" HPOS="213" VPOS="2837" CONTENT="sige" WC="0.68" LANG="dan"/>
							<SP ID="SP128" WIDTH="62" HPOS="343" VPOS="2837"/>
							<String ID="STRING152" STYLEREFS="STYLE2" HEIGHT="91" WIDTH="146" HPOS="405" VPOS="2839" CONTENT="det," WC="0.83" LANG="dan"/>
							<SP ID="SP129" WIDTH="64" HPOS="551" VPOS="2839"/>
							<String ID="STRING153" STYLEREFS="STYLE2" HEIGHT="92" WIDTH="138" HPOS="615" VPOS="2834" CONTENT="som" WC="0.6" LANG="dan"/>
							<SP ID="SP130" WIDTH="58" HPOS="753" VPOS="2834"/>
							<String ID="STRING154" STYLEREFS="STYLE2" HEIGHT="102" WIDTH="68" HPOS="811" VPOS="2830" CONTENT="I" WC="1" LANG="dan"/>
							<SP ID="SP131" WIDTH="54" HPOS="879" VPOS="2830"/>
							<String ID="STRING155" STYLEREFS="STYLE2" HEIGHT="78" WIDTH="22" HPOS="933" VPOS="2838" CONTENT="i" WC="0.89" LANG="dan"/>
							<SP ID="SP132" WIDTH="62" HPOS="955" VPOS="2838"/>
							<String ID="STRING156" STYLEREFS="STYLE2" HEIGHT="84" WIDTH="220" HPOS="1017" VPOS="2836" CONTENT="Eders" WC="0.85" LANG="dan"/>
							<SP ID="SP133" WIDTH="58" HPOS="1237" VPOS="2836"/>
							<String ID="STRING157" STYLEREFS="STYLE2" HEIGHT="84" WIDTH="142" HPOS="1295" VPOS="2835" CONTENT="No." WC="0.56" LANG="dan"/>
							<SP ID="SP134" WIDTH="52" HPOS="1437" VPOS="2835"/>
							<String ID="STRING158" STYLEREFS="STYLE3" HEIGHT="49" WIDTH="79" HPOS="1489" VPOS="2862" CONTENT="11" WC="0.86" LANG="dan"/>
							<SP ID="SP135" WIDTH="77" HPOS="1568" VPOS="2862"/>
							<String ID="STRING159" STYLEREFS="STYLE2" HEIGHT="94" WIDTH="160" HPOS="1645" VPOS="2841" CONTENT="siger" WC="0.79" LANG="dan"/>
							<SP ID="SP136" WIDTH="62" HPOS="1805" VPOS="2841"/>
							<String ID="STRING160" STYLEREFS="STYLE2" HEIGHT="61" WIDTH="112" HPOS="1867" VPOS="2861" CONTENT="out" WC="0.22" LANG="dan"/>
						</TextLine>
						<TextLine ID="LINE25" HEIGHT="106" WIDTH="1733" HPOS="213" VPOS="2933">
							<String ID="STRING161" STYLEREFS="STYLE2" HEIGHT="102" WIDTH="691" HPOS="213" VPOS="2933" CONTENT="Herreds-Fogden," WC="0.77" LANG="dan"/>
							<SP ID="SP137" WIDTH="67" HPOS="904" VPOS="2933"/>
							<String ID="STRING162" STYLEREFS="STYLE2" HEIGHT="78" WIDTH="19" HPOS="971" VPOS="2940" CONTENT="i" WC="1" LANG="dan"/>
							<SP ID="SP138" WIDTH="41" HPOS="990" VPOS="2940"/>
							<String ID="STRING163" STYLEREFS="STYLE2" HEIGHT="99" WIDTH="369" HPOS="1031" VPOS="2936" CONTENT="Anledning" WC="0.81" LANG="dan"/>
							<SP ID="SP139" WIDTH="55" HPOS="1400" VPOS="2936"/>
							<String ID="STRING164" STYLEREFS="STYLE2" HEIGHT="100" WIDTH="79" HPOS="1455" VPOS="2933" CONTENT="af" WC="1" LANG="dan"/>
							<SP ID="SP140" WIDTH="39" HPOS="1534" VPOS="2933"/>
							<String ID="STRING165" STYLEREFS="STYLE2" HEIGHT="102" WIDTH="373" HPOS="1573" VPOS="2937" CONTENT="Forordnin" SUBS_TYPE="HypPart1" SUBS_CONTENT="Forordningerne:" WC="0.8" LANG="dan"/>
							<HYP CONTENT="-"/>
						</TextLine>
						<TextLine ID="LINE26" HEIGHT="100" WIDTH="1752" HPOS="220" VPOS="3034">
							<String ID="STRING166" STYLEREFS="STYLE2" HEIGHT="72" WIDTH="216" HPOS="220" VPOS="3057" CONTENT="gerne:" SUBS_TYPE="HypPart2" SUBS_CONTENT="Forordningerne:" WC="0.86" LANG="dan"/>
							<SP ID="SP141" WIDTH="74" HPOS="436" VPOS="3057"/>
							<String ID="STRING167" STYLEREFS="STYLE4" HEIGHT="100" WIDTH="148" HPOS="510" VPOS="3034" CONTENT="Lig" WC="0.84" LANG="dan"/>
							<SP ID="SP142" WIDTH="42" HPOS="658" VPOS="3034"/>
							<String ID="STRING168" STYLEREFS="STYLE4" HEIGHT="72" WIDTH="108" HPOS="700" VPOS="3042" CONTENT="du" WC="0.32" LANG="dan"/>
							<SP ID="SP143" WIDTH="42" HPOS="808" VPOS="3042"/>
							<String ID="STRING169" STYLEREFS="STYLE4" HEIGHT="80" WIDTH="168" HPOS="850" VPOS="3044" CONTENT="der," WC="0.52" LANG="dan"/>
							<SP ID="SP144" WIDTH="54" HPOS="1018" VPOS="3044"/>
							<String ID="STRING170" STYLEREFS="STYLE4" HEIGHT="76" WIDTH="96" HPOS="1072" VPOS="3040" CONTENT="ril" WC="0.47" LANG="dan"/>
							<SP ID="SP145" WIDTH="42" HPOS="1168" VPOS="3040"/>
							<String ID="STRING171" STYLEREFS="STYLE2" HEIGHT="64" WIDTH="106" HPOS="1210" VPOS="3049" CONTENT="du" WC="0.28" LANG="dan"/>
							<SP ID="SP146" WIDTH="45" HPOS="1316" VPOS="3049"/>
							<String ID="STRING172" STYLEREFS="STYLE3" HEIGHT="92" WIDTH="147" HPOS="1361" VPOS="3037" CONTENT="skal" WC="0.85" LANG="dan"/>
							<SP ID="SP147" WIDTH="46" HPOS="1508" VPOS="3037"/>
							<String ID="STRING173" STYLEREFS="STYLE4" HEIGHT="86" WIDTH="418" HPOS="1554" VPOS="3041" CONTENT="efterleves." WC="0.74" LANG="dan"/>
						</TextLine>
						<TextLine ID="LINE27" HEIGHT="108" WIDTH="1754" HPOS="218" VPOS="3132">
							<String ID="STRING174" STYLEREFS="STYLE2" HEIGHT="100" WIDTH="68" HPOS="218" VPOS="3133" CONTENT="I" WC="1" LANG="dan"/>
							<SP ID="SP148" WIDTH="42" HPOS="286" VPOS="3133"/>
							<String ID="STRING175" STYLEREFS="STYLE2" HEIGHT="94" WIDTH="154" HPOS="328" VPOS="3137" CONTENT="siger" WC="0.75" LANG="dan"/>
							<SP ID="SP149" WIDTH="38" HPOS="482" VPOS="3137"/>
							<String ID="STRING176" STYLEREFS="STYLE2" HEIGHT="80" WIDTH="242" HPOS="520" VPOS="3138" CONTENT="videre:" WC="0.66" LANG="dan"/>
							<SP ID="SP150" WIDTH="100" HPOS="762" VPOS="3138"/>
							<String ID="STRING177" STYLEREFS="STYLE2" HEIGHT="102" WIDTH="514" HPOS="862" VPOS="3132" CONTENT="Mester-Aaret" WC="0.61" LANG="dan"/>
							<SP ID="SP151" WIDTH="38" HPOS="1376" VPOS="3132"/>
							<String ID="STRING178" STYLEREFS="STYLE2" HEIGHT="96" WIDTH="206" HPOS="1414" VPOS="3137" CONTENT="ffulde" WC="0.63" LANG="dan"/>
							<SP ID="SP152" WIDTH="36" HPOS="1620" VPOS="3137"/>
							<String ID="STRING179" STYLEREFS="STYLE2" HEIGHT="105" WIDTH="316" HPOS="1656" VPOS="3135" CONTENT="afffaffes." WC="0.83" LANG="dan"/>
						</TextLine>
						<TextLine ID="LINE28" HEIGHT="106" WIDTH="1754" HPOS="220" VPOS="3233">
							<String ID="STRING180" STYLEREFS="STYLE2" HEIGHT="99" WIDTH="470" HPOS="220" VPOS="3233" CONTENT="Mesterstykket" WC="0.73" LANG="dan"/>
							<SP ID="SP153" WIDTH="36" HPOS="690" VPOS="3233"/>
							<String ID="STRING181" STYLEREFS="STYLE2" HEIGHT="98" WIDTH="206" HPOS="726" VPOS="3236" CONTENT="ffulde" WC="0.67" LANG="dan"/>
							<SP ID="SP154" WIDTH="38" HPOS="932" VPOS="3236"/>
							<String ID="STRING182" STYLEREFS="STYLE3" HEIGHT="96" WIDTH="284" HPOS="970" VPOS="3239" CONTENT="upartisk" WC="0.87" LANG="dan"/>
							<SP ID="SP155" WIDTH="38" HPOS="1254" VPOS="3239"/>
							<String ID="STRING183" STYLEREFS="STYLE2" HEIGHT="98" WIDTH="404" HPOS="1292" VPOS="3237" CONTENT="bedømmes," WC="0.79" LANG="dan"/>
							<SP ID="SP156" WIDTH="42" HPOS="1696" VPOS="3237"/>
							<String ID="STRING184" STYLEREFS="STYLE2" HEIGHT="78" WIDTH="82" HPOS="1738" VPOS="3261" CONTENT="og" WC="0.53" LANG="dan"/>
							<SP ID="SP157" WIDTH="40" HPOS="1820" VPOS="3261"/>
							<String ID="STRING185" STYLEREFS="STYLE2" HEIGHT="95" WIDTH="114" HPOS="1860" VPOS="3241" CONTENT="saa" WC="1" LANG="dan"/>
						</TextLine>
						<TextLine ID="LINE29" HEIGHT="107" WIDTH="1750" HPOS="220" VPOS="3333">
							<String ID="STRING186" STYLEREFS="STYLE2" HEIGHT="96" WIDTH="208" HPOS="220" VPOS="3333" CONTENT="ffulde" WC="0.68" LANG="dan"/>
							<SP ID="SP158" WIDTH="58" HPOS="428" VPOS="3333"/>
							<String ID="STRING187" STYLEREFS="STYLE2" HEIGHT="81" WIDTH="108" HPOS="486" VPOS="3339" CONTENT="der" WC="0.54" LANG="dan"/>
							<SP ID="SP159" WIDTH="52" HPOS="594" VPOS="3339"/>
							<String ID="STRING188" STYLEREFS="STYLE2" HEIGHT="96" WIDTH="182" HPOS="646" VPOS="3338" CONTENT="gives" WC="0.67" LANG="dan"/>
							<SP ID="SP160" WIDTH="64" HPOS="828" VPOS="3338"/>
							<String ID="STRING189" STYLEREFS="STYLE2" HEIGHT="60" WIDTH="78" HPOS="892" VPOS="3360" CONTENT="en" WC="1" LANG="dan"/>
							<SP ID="SP161" WIDTH="58" HPOS="970" VPOS="3360"/>
							<String ID="STRING190" STYLEREFS="STYLE2" HEIGHT="80" WIDTH="112" HPOS="1028" VPOS="3340" CONTENT="vis" WC="0.94" LANG="dan"/>
							<SP ID="SP162" WIDTH="60" HPOS="1140" VPOS="3340"/>
							<String ID="STRING191" STYLEREFS="STYLE2" HEIGHT="86" WIDTH="330" HPOS="1200" VPOS="3339" CONTENT="Summa" WC="0.74" LANG="dan"/>
							<SP ID="SP163" WIDTH="68" HPOS="1530" VPOS="3339"/>
							<String ID="STRING192" STYLEREFS="STYLE2" HEIGHT="78" WIDTH="72" HPOS="1598" VPOS="3343" CONTENT="til" WC="0.8" LANG="dan"/>
							<SP ID="SP164" WIDTH="52" HPOS="1670" VPOS="3343"/>
							<String ID="STRING193" STYLEREFS="STYLE2" HEIGHT="101" WIDTH="248" HPOS="1722" VPOS="3339" CONTENT="Längs»" WC="0.82" LANG="deu"/>
						</TextLine>
						<TextLine ID="LINE30" HEIGHT="108" WIDTH="1752" HPOS="218" VPOS="3429">
							<String ID="STRING194" STYLEREFS="STYLE2" HEIGHT="102" WIDTH="262" HPOS="218" VPOS="3429" CONTENT="Cassen." WC="0.89" LANG="dan"/>
							<SP ID="SP165" WIDTH="150" HPOS="480" VPOS="3429"/>
							<String ID="STRING195" STYLEREFS="STYLE2" HEIGHT="84" WIDTH="246" HPOS="630" VPOS="3438" CONTENT="Kunde" WC="0.78" LANG="dan"/>
							<SP ID="SP166" WIDTH="40" HPOS="876" VPOS="3438"/>
							<String ID="STRING196" STYLEREFS="STYLE2" HEIGHT="58" WIDTH="76" HPOS="916" VPOS="3462" CONTENT="en" WC="1" LANG="dan"/>
							<SP ID="SP167" WIDTH="46" HPOS="992" VPOS="3462"/>
							<String ID="STRING197" STYLEREFS="STYLE2" HEIGHT="86" WIDTH="264" HPOS="1038" VPOS="3438" CONTENT="Svend" WC="0.82" LANG="dan"/>
							<SP ID="SP168" WIDTH="40" HPOS="1302" VPOS="3438"/>
							<String ID="STRING198" STYLEREFS="STYLE2" HEIGHT="80" WIDTH="122" HPOS="1342" VPOS="3443" CONTENT="ikke" WC="0.85" LANG="dan"/>
							<SP ID="SP169" WIDTH="40" HPOS="1464" VPOS="3443"/>
							<String ID="STRING199" STYLEREFS="STYLE2" HEIGHT="92" WIDTH="142" HPOS="1504" VPOS="3443" CONTENT="give" WC="0.81" LANG="dan"/>
							<SP ID="SP170" WIDTH="40" HPOS="1646" VPOS="3443"/>
							<String ID="STRING200" STYLEREFS="STYLE2" HEIGHT="92" WIDTH="140" HPOS="1686" VPOS="3445" CONTENT="det," WC="0.69" LANG="dan"/>
							<SP ID="SP171" WIDTH="56" HPOS="1826" VPOS="3445"/>
							<String ID="STRING201" STYLEREFS="STYLE2" HEIGHT="77" WIDTH="88" HPOS="1882" VPOS="3447" CONTENT="da" WC="0.69" LANG="dan"/>
						</TextLine>
						<TextLine ID="LINE31" HEIGHT="120" WIDTH="1752" HPOS="222" VPOS="3523">
							<String ID="STRING202" STYLEREFS="STYLE2" HEIGHT="88" WIDTH="210" HPOS="222" VPOS="3533" CONTENT="ffulde" WC="0.54" LANG="dan"/>
							<SP ID="SP172" WIDTH="42" HPOS="432" VPOS="3533"/>
							<String ID="STRING203" STYLEREFS="STYLE2" HEIGHT="105" WIDTH="130" HPOS="474" VPOS="3533" CONTENT="han" WC="0.79" LANG="dan"/>
							<SP ID="SP173" WIDTH="42" HPOS="604" VPOS="3533"/>
							<String ID="STRING204" STYLEREFS="STYLE2" HEIGHT="84" WIDTH="120" HPOS="646" VPOS="3538" CONTENT="ikke" WC="0.89" LANG="dan"/>
							<SP ID="SP174" WIDTH="38" HPOS="766" VPOS="3538"/>
							<String ID="STRING205" STYLEREFS="STYLE2" HEIGHT="88" WIDTH="276" HPOS="804" VPOS="3554" CONTENT="antages" WC="0.83" LANG="dan"/>
							<SP ID="SP175" WIDTH="40" HPOS="1080" VPOS="3554"/>
							<String ID="STRING206" STYLEREFS="STYLE4" HEIGHT="80" WIDTH="20" HPOS="1120" VPOS="3542" CONTENT="i" WC="0.84" LANG="dan"/>
							<SP ID="SP176" WIDTH="46" HPOS="1140" VPOS="3542"/>
							<String ID="STRING207" STYLEREFS="STYLE2" HEIGHT="103" WIDTH="264" HPOS="1186" VPOS="3540" CONTENT="Lauget," WC="0.7" LANG="deu"/>
							<SP ID="SP177" WIDTH="40" HPOS="1450" VPOS="3540"/>
							<String ID="STRING208" STYLEREFS="STYLE2" HEIGHT="116" WIDTH="172" HPOS="1490" VPOS="3523" CONTENT="fordi" WC="0.32" LANG="dan"/>
							<SP ID="SP178" WIDTH="42" HPOS="1662" VPOS="3523"/>
							<String ID="STRING209" STYLEREFS="STYLE2" HEIGHT="82" WIDTH="104" HPOS="1704" VPOS="3547" CONTENT="det" WC="0.51" LANG="dan"/>
							<SP ID="SP179" WIDTH="38" HPOS="1808" VPOS="3547"/>
							<String ID="STRING210" STYLEREFS="STYLE2" HEIGHT="62" WIDTH="128" HPOS="1846" VPOS="3562" CONTENT="var" WC="0.69" LANG="dan"/>
						</TextLine>
					</TextBlock>
				</ComposedBlock>
			</PrintSpace>
		</Page>
	</Layout>
</alto>
