3078 4526
239 578 176 96 melfe
453 598 82 80 oz
575 598 136 76 paa
757 584 102 75 det
926 576 361 99 smaa-har
1169 577 120 100 har
1343 578 76 78 de
1467 584 192 88 længe
1715 573 124 82 nok
1889 571 108 96 for

217 685 426 93 Mængdens
687 678 242 95 Skyld
973 699 198 76 neppe
1211 679 162 90 havt
1397 674 480 82 Marerialierne
1901 675 72 80 be-

238 790 138 77 talt.
482 778 222 102 Hvad
744 780 122 95 skal
908 799 158 58 man
1110 777 178 92 svare
1332 798 74 58 en
1448 776 270 94 Mand,
1764 782 110 73 der
1898 773 72 80 be-

236 887 194 78 tiener
472 886 94 94 sig
606 878 80 96 af
706 878 324 92 saadanne
1050 875 322 94 Beviser:
1404 873 197 94 Paa
1638 884 122 68 der
1794 875 204 90 smaa

232 984 354 90 Arbeyde
654 980 142 90 har
860 987 84 68 de
1018 981 238 94 længe
1318 976 144 76 nok
1508 976 122 90 for
1680 974 288 99 Mæng-

232 1091 192 68 dens
456 1080 264 94 Skyld
760 1100 238 73 neppe
1032 1075 190 102 havt
1256 1076 596 78 Marerialierne
1882 1073 84 76 be-

230 1184 209 92 talt;
492 1178 67 98 I
620 1180 200 80 burde
878 1183 125 90 dog
1066 1177 164 98 have
1296 1174 138 96 sagt
1484 1186 125 84 os,
1664 1174 176 98 hvad
1898 1177 106 76 det

231 1299 130 61 var
405 1278 102 94 for
567 1276 458 102 Professioner.
1173 1273 136 100 Thi
1367 1278 120 76 ved
1543 1276 136 78 min
1735 1271 258 100 Profes-

231 1379 140 94 sion
417 1400 80 72 og
533 1398 232 74 mange
807 1379 198 76 andre
1047 1379 176 86 fleere
1265 1375 122 95 har
1429 1394 158 58 man
1651 1374 128 92 best
1833 1371 142 98 For-

233 1484 136 75 deel
431 1474 82 98 af
555 1484 100 74 det
695 1476 182 90 smaa
931 1473 336 96 Arbeyde;
1337 1472 278 84 Skulde
1671 1476 104 74 det
1835 1471 170 96 have

231 1577 202 83 Sted
509 1580 118 76 ved
673 1579 184 90 nogle
897 1569 464 118 Professioner,
1413 1570 108 94 saa
1561 1570 208 82 kunde
1811 1575 76 76 de
1925 1589 65 71 to

233 1680 300 76 overlade
573 1672 276 94 saadant
907 1673 70 78 til
1029 1669 488 100 Friemesterne,
1571 1670 96 98 thi
1707 1686 72 62 ar
1805 1673 74 74 de
1923 1669 52 90 si-

230 1781 126 76 den
406 1826 26 46 ,
472 1794 166 60 naar
700 1772 366 95 Mesternes
1122 1769 158 90 Tall
1346 1770 142 80 blev
1554 1770 282 94 bestæmt
1910 1787 86 72 og

230 1881 204 76 denne
460 1874 330 94 Mængde
844 1871 356 94 ophorede,
1258 1871 206 93 ffulde
1516 1868 324 96 indhænte
1898 1871 74 74 de-

228 1984 110 73 res
384 1976 236 94 længe
646 1972 148 76 nok
826 1971 208 96 havde
1060 1967 288 99 Skade,
1388 1976 104 74 det
1538 1968 138 80 blev
1724 1972 128 89 dog
1896 1969 104 74 vel

228 2075 192 93 ingen
456 2070 274 100 Fordeel
784 2070 104 93 for
914 2069 268 96 Landet,
1212 2071 68 92 ja
1324 2068 96 96 jeg
1454 2086 108 62 ror
1606 2070 124 94 sige
1770 2085 74 74 ey
1874 2063 98 98 hel-

228 2177 90 78 ler
358 2170 102 96 for
498 2176 142 76 dem
692 2168 120 94 selv
832 2183 23 82 ;
910 2167 92 96 thi
1042 2169 64 78 vi
1144 2167 122 98 har
1310 2172 298 76 desverre
1652 2162 348 100 Exempler

229 2270 164 94 nok,
463 2288 74 64 at
605 2290 160 60 man
825 2269 20 78 i
903 2267 452 90 Kiobenhavn
1399 2264 270 96 hverken
1709 2267 290 92 mangle.

235 2371 146 95 Lyst
419 2376 138 74 eller
599 2370 180 82 Mod
821 2367 70 80 til
931 2385 70 62 at
1023 2365 284 98 indsnige
1343 2364 344 96 fremmede
1709 2362 288 97 Vahre,

218 2477 385 86 naar-man
445 2490 158 60 man
637 2474 120 74 ved
829 2465 240 92 samme
1119 2465 130 82 kun
1303 2464 124 80 kan
1481 2468 164 94 have
1701 2484 78 60 en
1831 2467 168 76 liden

231 2569 298 99 Fordeel.
629 2566 68 100 I
731 2564 346 83 Sandhed
1123 2581 70 64 at
1231 2561 274 100 forhoye
1557 2562 410 84 Svennelon-

235 2690 126 59 nen
419 2690 64 58 er
541 2684 74 64 at
671 2668 174 98 giøre
897 2663 328 98 Arbeydet
1279 2671 264 89 dyrere,
1599 2668 104 76 det
1755 2684 64 58 er
1877 2665 126 76 den

236 2769 166 96 høye
442 2766 456 95 Svenneløn,
944 2765 134 94 som
1122 2763 118 100 har
1282 2762 274 98 standset
1578 2780 156 62 vore
1762 2759 210 102 Fabri-

228 2869 144 80 kers
414 2866 422 100 Fremgang,
882 2887 80 76 og
1008 2869 104 78 det
1152 2885 64 60 er
1256 2869 144 91 den,
1440 2862 136 96 som
1636 2884 62 60 er
1756 2865 250 78 tildeels

217 2964 379 108 Aarsag-til
526 2968 112 98 til,
682 2984 72 64 at
796 2965 66 80 vi
906 2967 22 76 i
970 2979 152 66 vort
1162 2962 482 99 Haandværks
1702 2962 304 95 Arbeyde

234 3087 76 73 ey
352 3088 252 76 engang
648 3066 126 82 kan
820 3065 186 98 holde
1048 3063 202 100 Priis
1296 3068 146 78 med
1494 3064 512 98 Hamborgerne

236 3171 142 75 eller
432 3166 390 96 Lybekkerne.
970 3163 98 86 At
1120 3165 290 97 Laugene
1466 3164 124 80 ikke
1648 3184 98 60 ere
1802 3165 22 78 i
1880 3167 126 76 den

235 3265 376 95 Velstand,
659 3266 132 92 som
829 3269 72 78 de
943 3285 158 60 vare
1139 3263 110 98 for
1289 3290 98 50 20
1411 3264 144 84 Aar
1601 3264 196 98 siden,
1841 3263 168 94 siger

231 3365 72 97 I
343 3370 242 86 videre,
629 3386 64 60 er
729 3365 400 98 oyensynligt
1185 3365 160 95 nok,
1409 3370 88 76 da
1549 3368 108 76 der
1721 3362 124 82 ikke
1903 3379 102 62 ere

233 3465 118 98 saa
389 3484 234 82 mange
659 3464 288 91 Svenne
987 3473 122 76 ved
1153 3471 146 81 dem
1339 3486 94 64 nu
1485 3462 134 100 som
1661 3468 122 82 den
1823 3459 182 96 Tid;

1039 3565 66 92 C
1147 3589 36 76 3
1811 3559 204 104 følge-
