3042 4605
1781 478 115 84 47

1781 478 115 84 47

1781 478 115 84 47

1781 478 115 84 47

172 655 187 97 efter
402 654 591 100 profeffionerrs
1046 659 557 99 Beskaffenhed.
1730 664 169 84 Min

169 777 458 100 barmhjertige
679 780 318 100 Patriot!
1073 780 205 85 Som
1359 782 225 100 forhen
1649 794 245 87 græder

172 923 156 64 over
376 922 72 63 at
490 905 458 83 Lære-Aarene
990 928 96 58 ere
1130 902 104 99 for
1260 925 272 77 mange,
1576 909 166 90 hvor
1772 912 126 80 kan

170 1023 135 87 De
347 1031 146 76 med
537 1041 58 64 et
642 1026 167 79 blive
852 1027 111 92 saa
1006 1027 365 96 tyranniff,
1451 1044 72 65 at
1570 1027 333 98 bestemme

167 1147 383 83 Svennene
635 1168 75 58 en
783 1148 107 93 saa
963 1153 151 91 lang
1219 1147 183 99 Ad,
1469 1148 135 96 som
1687 1159 73 77 de
1827 1154 85 103 af

166 1279 148 74 dem
398 1270 304 99 forhadte
776 1272 182 99 Lang
1058 1294 72 74 ey
1230 1296 258 76 engang
1562 1282 342 96 paabyrde

166 1389 259 87 Dem?
484 1395 173 80 Men
716 1396 177 86 hvad
954 1393 123 99 stal
1136 1390 239 89 Deres
1434 1398 465 99 Bestemmelse

169 1513 171 83 blive
381 1536 81 77 og
505 1513 241 86 Deres
789 1537 121 76 nye
933 1516 415 95 projecterede
1391 1518 269 103 Orden,
1701 1544 195 62 maae

168 1647 126 74 den
374 1638 124 81 ikke
574 1638 196 100 ogsaa
844 1642 334 90 indeholde
1260 1663 76 60 en
1432 1642 242 87 Orden
1752 1654 146 79 eller

168 1757 307 99 Tvang?
530 1757 229 97 Altsaa
802 1761 199 83 bliver
1063 1768 104 77 det
1209 1763 66 96 jo
1339 1769 104 79 det
1505 1764 242 95 samme
1787 1790 76 58 en-

171 1899 105 64 ten
339 1904 161 59 man
553 1884 423 96 indffrænkes
1043 1886 89 98 as
1179 1907 57 62 et
1291 1889 179 99 Laug
1533 1891 163 98 (som
1763 1898 125 88 har

164 2027 240 77 mange
450 2007 332 100 Fordeele)
828 2017 144 74 eller
1012 2032 162 60 man
1222 2015 260 95 tvinges
1516 2023 172 74 uden
1712 2018 188 103 Laug

163 2131 180 94 (som
391 2132 122 92 har
551 2155 236 77 mange
829 2141 162 76 onde
1061 2136 272 101 Følger)
1395 2140 294 97 kandffee
1751 2148 144 75 min

169 2255 257 98 Herre!
479 2253 133 88 De
647 2260 91 78 vil
783 2278 167 63 være
991 2258 569 102 Ordens-Mester
1605 2271 121 77 ved
1769 2270 123 76 alle

168 2375 548 99 Haandværker,
760 2401 82 74 og
890 2379 286 96 saaledes
1222 2385 20 78 i
1282 2389 184 76 deres
1522 2407 140 58 eene
1714 2384 150 102 Per-

169 2485 112 96 son
323 2491 354 97 paatvinge
717 2504 80 68 os
839 2501 120 74 den
999 2494 300 99 Despot,
1341 2498 136 92 som
1521 2497 132 88 De
1675 2499 218 81 kalder

167 2607 555 86 Oldermændene
799 2610 153 99 for?
1023 2616 161 86 Det
1255 2621 293 97 vigtigste
1589 2627 19 74 i
1649 2621 247 85 Deres

177 2718 464 113 dreie-Skrift
380 2730 244 100 Skrift
664 2758 64 58 er
772 2742 118 79 den
944 2741 182 95 sidste
1170 2739 232 101 Side,
1448 2744 166 96 hvor
1636 2743 132 89 De
1794 2764 70 64 ta-

169 2859 88 74 ler
303 2876 108 58 om
459 2875 76 58 en
579 2853 180 87 Real
833 2855 262 99 Skole,
1149 2865 108 90 gid
1319 2864 66 76 vi
1445 2864 212 94 havde
1723 2872 174 93 den,

171 2977 105 98 gid
343 2978 69 82 vi
475 2979 213 94 havde
761 3002 75 61 en
909 2985 19 76 i
1003 2980 493 104 Dannemark,
1573 3005 59 64 et
1689 3009 125 79 par
1871 2994 29 85 i

174 3097 278 100 Norge,
520 3123 82 74 og
658 3126 78 60 en
768 3108 20 78 i
832 3105 697 102 Fyrstendømmerne,
1584 3113 136 94 (thi
1758 3114 136 88 De

171 3223 138 78 min
351 3222 236 98 Herre!
631 3226 120 94 seer
811 3235 200 75 allene
1061 3236 20 74 i
1125 3228 244 89 Deres
1429 3234 274 102 Project
1757 3262 134 72 paa

177 3343 437 99 Residenten)
651 3352 511 96 Indkomsterne
1191 3359 185 82 dertil
1403 3362 143 79 ville
1575 3369 123 90 dog
1723 3366 165 87 blive

176 3466 350 100 vanskelige
566 3485 70 67 at
676 3472 305 106 udfinde;
1024 3476 94 100 thi
1162 3499 109 64 om
1312 3499 159 65 man
1495 3476 169 90 reent
1690 3483 178 83 bort-

1773 3624 116 81 tog

2730 3103 97 75 il
