3021 4662
983 497 434 40 ---"«""«W»,
1783 483 96 84 r§

335 689 136 94 Ein
555 691 270 102 gleiches
915 691 266 100 verrärh
1257 693 182 88 unser
1497 689 386 98 masquirker

173 791 642 106 Handwerksmann
849 791 126 98 auf
1001 807 106 66 der
1127 815 150 70 ?len
1297 793 236 96 Seile,
1589 805 86 68 da
1693 817 62 60 er
1773 797 106 90 sei«

171 921 122 58 neu
315 901 196 82 Stiel
541 895 372 84 verändert.
965 895 108 92 In
1089 891 392 98 Wahrheit,
1497 911 188 62 wenn
1703 917 62 58 er
1785 899 98 76 die

169 999 474 96 Kunststücken
673 1007 136 68 und
833 993 356 98 Geschöpfe
1223 995 184 90 seiner
1441 987 264 102 Hände,
1759 999 124 78 mit

163 1103 158 78 eben
355 1113 110 68 der
505 1097 416 98 Leichtigkeit,
979 1115 130 58 eine
1151 1105 200 68 andre
1373 1089 376 102 Wendung
1787 1121 68 72 ge-

167 1203 124 78 ben
325 1201 168 90 kan,
545 1207 108 72 als
693 1197 154 92 seine
891 1197 204 96 Feder
1129 1207 116 66 den
1285 1195 196 82 Stiel
1513 1197 370 94 verändert,

163 1303 66 90 so
283 1305 322 76 verdiente
649 1321 64 56 er
755 1297 178 94 schon
981 1289 448 98 Amtsmeister
1473 1311 72 80 zu
1601 1307 286 86 werden,

163 1419 194 64 wenn
385 1423 64 58 er
481 1401 162 86 auch
675 1399 124 92 jetzt
827 1417 126 60 nur
995 1415 120 60 vor
1149 1399 176 76 einen
1357 1397 276 98 Fuscher
1667 1401 188 94 gehal-

161 1519 106 62 ten
307 1505 194 76 wird.
607 1499 102 84 Er
741 1485 174 108 gehet
959 1519 130 56 nun
1119 1513 104 76 zur
1257 1495 438 102 Hauptsache,
1739 1509 138 72 und

161 1601 398 96 untersuchet
579 1605 94 74 die
695 1595 308 94 Gründe,
1035 1599 228 94 welche
1283 1599 234 94 Argus
1537 1597 334 100 anführet,

157 1721 194 60 wenn
395 1695 192 96 dieser
619 1697 308 100 nehmlich
961 1697 172 92 sagt:
1205 1697 240 98 "Daß
1517 1715 192 64 wenn
1771 1707 100 74 die

161 1801 320 82 "Aemter
533 1797 398 98 aufgehoben
979 1795 306 98 würden,
1359 1799 62 92 so
1457 1793 274 88 würden
1779 1805 98 76 die

157 1901 256 82 "vielen
463 1903 292 82 Arbeiter
799 1917 118 76 gut
967 1895 202 100 Kauf
1219 1901 226 94 geben,
1501 1907 96 74 die
1643 1903 232 82 Arbeit

153 1997 284 86 "würde
469 2003 156 78 aber
657 1999 160 94 auch
861 1999 118 78 viel
1009 1999 314 92 schlechter
1371 1999 214 92 seyn."
1689 2003 152 84 Die-

153 2101 98 94 ses
267 2103 364 94 Argument
649 2099 408 96 umzustossen
1085 2103 170 76 wird
1287 2111 104 68 der
1409 2101 460 100 Wahlspruch

155 2213 134 70 aus
339 2213 146 68 dem
551 2199 446 98 patriotischen
1039 2193 362 104 Zuschauer
1461 2201 408 100 angeführet.

151 2301 36 40 "
205 2303 184 94 Daß
421 2305 96 78 die
545 2303 250 94 Menge
829 2313 110 66 der
959 2301 296 82 Arbeiter
1295 2317 126 62 uns
1463 2281 168 114 nicht
1669 2309 194 76 allein

151 2399 172 96 "gm
363 2399 224 94 Kauf,
667 2403 266 90 sondern
993 2399 158 100 auch
1191 2421 148 78 gme
1383 2401 278 102 Wahre
1720 2424 111 63 ver-

151 2496 665 101 YscasenkwedecV
519 2501 298 80 würde."

307 2601 450 96 Ohnerachm
811 2595 90 102 ich
945 2607 130 72 das
1123 2593 224 90 Werk
1405 2609 116 74 des
1563 2605 270 96 patrioti-

151 2699 176 98 schen
359 2699 404 100 Zuschauers
809 2697 168 96 nicht
1021 2703 264 92 gelesen,
1359 2701 56 92 so
1453 2709 232 90 glaube
1729 2707 138 92 ichS

151 2801 130 94 auf
303 2811 128 72 das
471 2801 226 84 Wort
739 2801 226 90 unsers
1009 2801 356 98 politischen
1399 2803 434 96 Handwerks-

153 2913 282 72 mannes
485 2921 164 78 ganz
695 2921 220 76 gerne,
973 2903 128 94 daß
1167 2925 60 54 er
1287 2913 128 68 das
1469 2903 228 92 Wohl
1745 2917 120 70 des

153 3005 284 82 Staats
481 3023 120 60 vor
649 3001 234 96 Augen
955 3001 234 98 gehabt
1237 3001 194 100 habe;
1489 2983 376 122 gleichwohl

153 3103 160 88 darf
345 3103 90 98 ich
461 3107 130 78 mir
623 3119 306 80 getrauen
961 3121 72 76 zu
1069 3103 220 94 sagen,
1345 3105 130 94 daß
1521 3127 66 58 er
1623 3109 64 76 in
1723 3109 106 80 An-

155 3203 236 96 sehung
453 3215 108 68 der
615 3201 252 98 Künste
925 3215 138 68 und
1107 3201 456 100 Handwerker
1605 3207 150 80 eben
1801 3207 64 92 so

157 3307 126 76 mit
347 3303 434 96 Vorurcheile
855 3305 482 94 eingenommen
1417 3305 278 96 gewesen
1757 3315 110 74 als

157 3403 228 100 dieser,
443 3405 264 94 welches
739 3407 92 92 ich
873 3415 134 70 aus
1053 3417 140 66 dem
1239 3417 156 72 was
1439 3405 190 102 folget
1667 3409 166 84 Gele-

157 3505 252 100 genheit
441 3505 206 100 haben
683 3517 208 74 werde
935 3525 74 78 zu
1045 3503 304 90 erörtern.
