3170 4610
1263 717 248 94 deviser
1555 719 160 76 den?
1771 715 112 91 sier
1923 712 176 80 intet!
2153 730 170 63 naar
2363 711 138 80 min
2543 713 228 101 Herre,
2813 722 128 96 hav-

1265 848 80 76 de
1405 853 200 64 været
1663 836 320 95 upartisk,
2057 834 184 98 stulle
2297 833 134 88 De
2491 835 162 98 have
2689 840 288 98 hosfoyet

1264 984 80 58 en
1388 958 270 91 Tabelle
1694 979 154 61 over
1874 958 518 100 Fsdevahrenes
2417 957 223 100 Priser
2668 962 96 96 for
2796 988 178 71 1727

1274 1112 90 74 og
1416 1105 218 74 1770,
1696 1105 80 76 og
1836 1090 88 74 da
1984 1084 184 94 stulle
2222 1081 132 86 De
2396 1083 130 80 deri
2572 1084 162 96 have
2770 1084 214 90 funder

1270 1216 130 76 den
1440 1207 192 94 sande
1676 1205 304 99 Aarsag,
2026 1207 308 97 hvorfore
2376 1205 372 99 Forstiellen
2772 1210 18 76 i
2816 1206 146 99 Reg-

1277 1334 242 93 ningen
1573 1351 64 58 er
1702 1329 155 95 saa,
1916 1330 279 96 Arrig,
2248 1327 133 96 som
2420 1327 133 86 De
2596 1330 207 82 kalder
2848 1336 137 95 den;

1279 1450 162 98 ifald
1487 1449 132 90 De
1663 1449 212 94 havde
1917 1454 138 90 lagr
2095 1448 68 80 ril
2195 1471 74 58 en
2299 1447 268 92 Tabelle
2595 1470 150 64 over
2774 1451 192 84 Skar-

1277 1577 175 86 terne
1511 1599 84 74 og
1653 1574 376 98 Udgifterne
2085 1578 22 78 i
2167 1583 74 74 de
2295 1577 244 94 samme
2575 1580 186 96 Aar,
2823 1582 166 90 stulle

1269 1704 135 86 De
1463 1707 81 76 ler
1597 1701 167 92 have
1801 1700 229 94 funder
2081 1699 191 99 Facit
2317 1703 21 78 i
2381 1701 241 86 Deres
2669 1702 323 97 Regning,

1278 1848 88 74 og
1428 1831 88 76 da
1574 1827 146 76 ville
1770 1821 240 87 Deres
2056 1826 128 86 hele
2232 1823 428 103 Forundring
2712 1834 80 74 ler
2832 1828 138 79 bort-

1276 1950 178 96 falde
1478 1999 22 42 ,
1558 1965 80 74 og
1685 1942 112 94 faa
1844 1946 182 96 stulle
2068 1944 130 87 De
2238 1953 144 78 med
2422 1945 238 88 Deres
2702 1966 102 62 roe
2848 1948 122 97 Øy-

1280 2090 125 75 ne,
1454 2073 171 76 uden
1668 2065 311 91 Briller,
2040 2068 161 98 have
2242 2069 155 96 seer,
2462 2087 71 64 ar
2574 2094 73 74 ey
2690 2074 311 94 Laugene,

1281 2214 152 58 men
1473 2187 326 92 Tidernes
1843 2192 166 92 flette
2067 2192 650 97 Omstændigheder,
2779 2200 222 74 volder

1285 2314 246 98 Penge
1577 2311 332 97 Mangel,
1953 2334 80 74 og
2083 2314 166 96 hvor
2293 2319 108 74 der
2439 2335 70 72 ey
2551 2334 62 60 er
2661 2314 232 98 Penge
2933 2331 72 64 ar

1285 2439 185 82 kiobe
1519 2435 141 98 for,
1703 2437 125 81 kan
1862 2427 825 107 intet-·Arbeydesafsættes,
2055 2436 299 97 Arbeyde
2381 2435 307 101 afsættes,
2731 2462 79 76 og
2841 2442 163 86 hvor

1284 2566 198 95 ingen
1544 2561 366 101 Afsætning
1968 2584 104 76 er,
2138 2564 124 81 kan
2310 2585 70 74 ey
2426 2563 368 99 Arbeydere
2838 2576 166 91 leve,

1286 2692 260 79 mindre
1596 2695 182 75 deres
1822 2688 210 84 Antal
2076 2684 284 103 forøges.
2476 2687 64 98 I
2584 2692 214 96 øvrigt
2822 2714 104 58 om
2956 2713 54 64 er

1292 2808 309 99 Arbeyde
1642 2831 123 60 var
1814 2814 115 78 lidt
1970 2818 221 90 dyrere
2234 2817 107 96 her
2384 2819 119 72 end
2532 2815 123 93 hos
2680 2832 149 62 vore
2858 2814 123 83 Na-

1289 2938 182 97 boer,
1521 2939 134 92 som
1699 2945 74 74 de
1817 2962 150 74 pag.
1999 2946 100 86 46
2139 2942 164 95 siger
2343 2959 108 58 om
2487 2937 232 101 Harre,
2761 2958 122 62 var
2911 2946 102 77 der

1289 3062 196 97 ingen
1533 3067 260 89 under,
1847 3064 96 94 thi
1999 3062 314 97 saalænge
2373 3083 120 60 vor
2545 3065 124 83 Uld
2711 3058 300 101 udføres,

1289 3200 100 78 jog
1423 3183 390 102 Fremmede
1853 3186 124 78 kan
2019 3186 180 80 kiøbe
2247 3193 118 76 den
2405 3187 248 95 ringere
2687 3192 120 78 end
2851 3186 130 82 Lan-

1286 3314 150 74 dets
1500 3307 260 98 Børn,
1822 3332 64 60 er
1940 3310 396 99 Regningen
2394 3317 80 74 ler
2542 3312 188 96 giorr.
2840 3310 170 85 Men

1288 3424 140 98 Hr.
1494 3427 316 98 Patriot!
1882 3430 134 86 De
2074 3441 194 74 maa'e
2324 3439 100 74 vel
2480 3455 74 75 ey
2618 3434 166 98 have
2838 3432 172 80 kiøbt

1292 3568 238 81 mange
1576 3553 246 101 Harre,
1860 3558 176 98 siden
2078 3558 136 89 De
2256 3564 97 80 ere
2382 3559 112 96 saa
2516 3562 318 84 uvidende
2864 3558 124 82 ban-

2945 3685 74 76 de
