3135 4610
1935 474 90 77 r?

247 652 107 68 tør
395 637 127 100 sige
559 633 117 96 siet
715 636 193 98 ingen
951 633 81 98 af
1065 657 157 63 vore
1261 640 131 98 rige
1433 660 79 77 og
1559 637 247 100 honette
1833 636 195 86 Bor»

246 749 232 90 geres;
536 744 146 75 med
724 740 254 79 mindre
1022 755 70 64 ar
1138 745 102 77 det
1288 760 62 60 er
1394 745 220 92 nogle,
1678 737 134 95 som
1862 742 168 94 have

244 859 200 62 været
486 837 114 94 saa
648 840 402 95 vanvittige,
1096 855 70 64 at
1206 846 76 74 de
1318 856 180 64 enten
1534 839 122 82 ikke
1686 839 166 95 have
1870 840 128 83 kun-

246 946 105 76 det
394 947 143 76 lært
578 955 73 67 at
692 940 193 90 skrive
932 961 75 58 en
1048 937 163 85 Linie
1252 946 141 76 eller
1438 938 354 98 saameget
1590 956 203 82 meget
1818 938 203 99 Latin,

245 1038 140 96 som
431 1049 112 74 der
585 1018 360 114 udsordres
1005 1037 82 90 af
1135 1061 74 59 en
1249 1042 120 94 riig
1413 1040 276 83 Mands
1731 1040 182 86 Søn
1957 1049 68 76 kil

245 1158 78 62 at
363 1142 170 81 blive
565 1139 342 85 Student.
1011 1139 258 88 Denne
1303 1140 472 98 Anmærkning
1813 1164 62 58 er
1911 1144 124 77 ikke

246 1238 272 99 anført,
580 1239 172 96 fordi
792 1240 330 82 Almuens
1166 1237 216 89 Børn
1440 1241 206 94 ffulde
1688 1242 344 85 lidelukkes

246 1340 112 94 fra
398 1340 618 101 Haandværkerne,
1062 1361 118 75 ney
1224 1346 422 92 ingenlunde,
1706 1362 150 62 men
1898 1344 130 83 kun

246 1438 105 96 for
414 1459 71 64 ar
540 1439 161 101 vise,
770 1444 177 94 hvad
1002 1461 159 58 man
1218 1442 123 80 kan
1388 1461 183 64 vente
1612 1445 93 97 sig
1748 1442 79 96 af
1860 1452 161 73 dem.

243 1540 172 86 Der
459 1541 124 80 kan
625 1559 166 63 være
831 1562 234 75 mange
1103 1539 250 87 Genier
1397 1542 208 81 iblant
1647 1551 188 91 dem,
1891 1544 138 92 som

241 1642 130 83 ikke
415 1647 198 76 allene
653 1642 206 80 kunde
901 1658 168 67 være
1113 1641 532 101 Fædrenelandet
1689 1646 72 80 til
1811 1644 218 100 Zirat,

243 1762 151 62 men
435 1747 205 91 endog
677 1744 69 80 til
775 1740 233 98 Nytte.
1115 1743 173 83 Men
1331 1746 339 94 hvorledes
1711 1746 207 96 ffulde
1955 1756 75 73 de

248 1843 260 83 udvikle
548 1845 112 95 sig.
762 1840 132 86 De
940 1851 258 88 mangle
1242 1848 118 78 den
1400 1840 320 98 fornødne
1742 1846 254 90 Opdra-

242 1938 193 102 gelse,
480 1947 292 92 hvorved
810 1948 182 77 deres
1018 1943 330 100 Forstand
1388 1944 120 81 ikke
1548 1967 64 60 er
1654 1952 207 92 oplyst
1904 1949 126 80 nok

245 2046 76 76 til
359 2061 70 62 at
467 2043 210 81 kunde
723 2044 562 100 igiennemcrænge
1339 2050 104 78 der
1487 2045 282 97 Mørke,
1835 2048 192 96 hvori

245 2140 516 100 Fordommene,
813 2147 474 92 understøttede
1331 2142 80 102 af
1445 2147 582 98 Laugsamklerne,

241 2243 277 81 indvikle
559 2249 181 76 deres
787 2240 187 96 sande
1019 2245 325 98 Fordeele.
1491 2245 187 82 Man
1741 2248 287 96 betragte

248 2348 188 76 deres
474 2343 280 83 Læretid.
886 2342 132 89 De
1058 2341 106 98 fra
1202 2340 634 103 Opfostringshuset
1872 2356 156 77 ende

250 2448 124 76 den
414 2445 24 78 i
476 2449 182 74 deres
702 2468 86 68 25
800 2448 74 76 de
910 2445 190 96 Aar;
1160 2451 74 77 de
1268 2444 106 98 fra
1402 2444 506 106 Waysenhusec
1942 2449 68 96 ef-

252 2558 95 64 ter
396 2551 41 66 6
464 2545 73 78 til
564 2563 49 70 7
640 2542 183 94 Aar,
866 2542 133 92 som
1034 2542 219 94 altsaa
1282 2548 199 80 bliver
1520 2553 19 72 i
1578 2555 185 75 deres
1780 2548 249 85 Alders

233 2666 108 52 .2i
391 2649 138 74 eller
571 2648 178 76 22de
783 2640 194 103 Aar;
1043 2651 76 76 de
1157 2654 202 76 andre
1399 2645 80 98 af
1525 2653 122 76 den
1689 2656 180 90 ringe
1913 2652 88 85 Al-

249 2762 154 61 mue
447 2743 122 90 har
613 2744 234 94 næsten
887 2742 242 95 samme
1169 2746 278 86 Læretid.
1553 2747 69 98 I
1663 2749 248 92 saadan
1953 2776 76 55 en

252 2848 156 91 lang
447 2841 138 90 Tid
624 2843 206 95 ffulde
872 2850 112 75 der
1028 2851 124 92 dog
1198 2854 104 76 vel
1346 2846 206 83 kunde
1594 2857 182 73 læres
1820 2871 208 75 noget.

246 2940 414 103 Erfarenhed
704 2944 162 96 siger
910 2943 200 100 Ney:
1188 2946 208 86 Naar
1426 2948 336 83 Læretiden
1800 2974 64 58 er
1902 2952 100 94 for-

250 3044 65 88 bi
336 3094 19 46 ,
402 3051 85 74 da
534 3065 61 60 er
640 3048 105 78 det
780 3042 189 103 først,
1014 3065 71 62 at
1126 3053 111 77 der
1266 3050 119 96 ffal
1416 3050 325 95 begyndes
1770 3070 71 62 ar
1866 3060 159 75 lære.

255 3142 136 97 Thi
429 3143 70 98 I
535 3165 156 61 maa
735 3150 192 93 vide,
993 3169 82 72 og
1117 3153 20 74 i
1179 3148 460 101 Betragtning
1697 3150 80 100 af
1805 3148 226 90 Eders

257 3244 214 98 skarpe
509 3245 182 95 Syn
735 3246 200 83 burde
979 3243 72 102 I
1093 3253 166 90 have
1301 3248 118 96 seer
1475 3273 82 74 og
1597 3251 140 101 sagt
1777 3266 82 68 os
1899 3260 128 93 det,

251 3360 73 64 at
365 3343 747 102 Laugsforfarningerne,
1161 3347 279 97 foruden
1482 3369 72 62 at
1597 3359 73 76 de
1704 3356 144 96 give
1871 3356 125 83 Me-

246 3446 202 88 sterne
488 3449 124 76 den
654 3444 236 104 Frihed
932 3467 72 62 ar
1042 3469 238 79 antage
1332 3452 348 99 Arbeyde,
1736 3454 110 96 saa
1888 3460 148 98 give

246 3550 80 82 de
378 3549 152 80 dem
588 3567 81 79 og
738 3548 152 98 efter
930 3551 574 99 Mesterstykkenes
1546 3553 485 103 Forfærdigede

1875 3640 36 18 “

1875 3640 36 18 “
1953 3680 78 61 en
