3082 4578
1786 492 94 72 29

127 647 250 92 somhed
433 651 172 80 vilde
659 655 270 98 gandste
993 658 120 94 vift
1155 656 152 97 stille
1351 659 140 77 dem
1535 661 118 78 ved
1695 661 184 78 deres

123 747 283 101 Friehed.
513 751 173 82 Men
735 758 337 88 hvorledes
1115 778 61 59 er
1217 761 99 74 det
1367 758 281 97 mueligt,
1675 775 71 63 at
1777 758 89 100 I,

120 847 126 92 som
292 870 76 60 en
408 850 470 99 Starsmand,
928 855 206 83 kunde
1170 854 166 101 færre
1376 866 78 70 os
1484 857 178 100 disses
1696 857 154 99 Ind-

122 952 315 92 retninger
474 957 69 74 ril
598 951 237 84 Model
880 961 169 75 uden
1106 974 71 63 at
1232 957 139 94 give
1420 968 79 68 os
1564 965 175 75 deres
1778 986 71 54 en-

117 1045 230 101 foldige
421 1048 264 85 Sæder
741 1074 80 75 og
873 1062 304 90 tarvelige
1231 1053 384 86 Levemaade
1671 1061 184 97 tillige-

114 1155 140 75 med
343 1154 181 77 deres
591 1151 621 100 Regieringsform?
1277 1155 69 98 I
1399 1156 145 96 disse
1595 1157 287 87 Stæder

112 1267 64 62 er
218 1255 110 75 der
380 1249 268 99 hverken
694 1252 410 100 Hyrekudste
1162 1261 142 74 eller
1362 1254 520 100 Haarstiærere,

118 1347 267 98 hverken
432 1349 319 97 Skuespil
795 1359 138 76 eller
980 1353 257 87 Baller.
1342 1355 165 89 Der
1563 1379 196 76 gaaer
1805 1386 76 56 en

111 1445 702 101 Håndværksmester
853 1457 142 77 med
1035 1456 78 88 sit
1167 1452 410 100 Skiødstind
1621 1455 104 98 for
1771 1484 108 56 om

110 1547 406 100 Hverdagen
560 1573 80 75 og
700 1552 120 86 har
876 1575 74 58 en
1012 1552 606 102 Hædersklædning
1656 1561 70 80 til
1768 1582 108 58 om

112 1647 435 102 Søndagen,
596 1649 135 95 som
776 1652 119 97 har
938 1670 193 64 været
1172 1659 245 95 arvelig
1458 1660 19 76 i
1524 1658 171 89 hans
1742 1660 107 100 Fa-

107 1749 166 81 milie
317 1752 172 96 siden
565 1757 118 74 den
731 1776 90 68 30
865 1753 186 82 Aars
1091 1752 222 97 Kriig.
1417 1756 214 100 Hans
1677 1759 200 85 Kone

105 1869 193 76 gaaer
381 1857 141 76 med
597 1870 55 60 er
707 1850 287 84 Lærreds
1073 1852 353 102 Forklæde,
1469 1878 73 61 en
1587 1857 285 101 Stoffes

104 1947 320 101 Kamusse
464 1971 80 74 og
584 1947 202 87 Silke
832 1951 186 101 Hue,
1068 1954 122 96 stal
1236 1957 134 94 hun
1396 1964 88 76 ud
1512 1979 108 58 om
1646 1959 196 100 Hver-

106 2053 245 92 dagen,
400 2049 341 92 indsvøber
806 2053 135 94 hun
998 2056 93 94 sig
1134 2056 17 76 i
1196 2057 75 90 sit
1332 2053 391 99 Regnklæde
1786 2084 81 72 og

103 2149 66 80 til
215 2145 390 100 Søndagen
649 2150 120 96 har
819 2153 136 92 hun
1013 2176 76 56 en
1143 2150 612 106 Hædersklædning
1797 2168 39 70 li-

100 2270 13 43 1
349 2248 235 88 hendes
631 2250 249 85 Mand.
999 2250 239 88 Deres
1299 2253 313 84 Mobilier
1657 2281 95 59 ere
1793 2256 81 94 af

104 2347 236 92 samme
366 2347 488 101 Bestaffenhed.
960 2351 186 85 Man
1168 2353 208 96 finder
1432 2376 72 72 ey
1552 2361 124 86 hos
1720 2367 144 73 dem

72 2445 475 100 'Dammastes
600 2456 137 76 eller
796 2451 267 97 Sirhes
1102 2450 289 102 Senge,
1452 2454 215 85 Stole
1725 2468 138 72 eller

99 2547 394 96 Kanopeer,
543 2553 184 93 langt
767 2557 248 76 mindre
1057 2550 326 85 Comoder
1441 2562 138 73 eller
1625 2557 234 100 Favne

99 2653 185 91 lange
331 2646 281 99 Speyle.
659 2646 235 88 Deres
917 2649 383 86 Levemaade
1326 2657 196 89 ligner
1568 2663 74 74 de
1684 2681 154 74 gam-

100 2753 54 74 le
210 2745 442 99 Spartaners
696 2746 469 102 Tarvelighed,
1220 2773 76 58 en
1338 2751 138 87 Ret
1528 2754 327 102 Bønner,

99 2847 256 95 Lendftr
395 2855 140 74 eller
575 2845 380 99 Iordæbler
989 2856 264 92 udgiore
1279 2859 178 75 deres
1483 2852 380 104 sædvanlige

103 2945 399 100 Maaltider,
545 2955 96 75 alt
681 2958 161 73 dette
885 2950 151 96 skeer
1077 2950 123 83 ikke
1241 2949 170 98 fordi
1449 2960 73 76 de
1577 2979 95 60 ere
1733 2980 97 60 me-

102 3067 62 60 re
202 3048 226 96 dydige
484 3053 122 77 end
668 3052 104 94 vi,
830 3071 146 60 men
1036 3048 170 98 fordi
1262 3059 74 74 de
1396 3063 258 90 mangle
1682 3055 146 86 ce-

99 3147 335 104 r"ingsveye
476 3149 69 80 til
586 3166 73 64 at
704 3148 291 94 forbedre
1032 3158 183 77 deres
1256 3151 319 99 Tilstand.
1682 3157 175 85 Med

97 3263 56 64 et
189 3247 178 85 Ord:
419 3249 136 100 For
579 3266 70 64 at
673 3248 206 85 kunne
905 3257 130 77 leve
1061 3274 154 60 maa
1241 3261 112 76 der
1379 3262 118 76 den
1525 3278 110 61 ene
1659 3253 168 93 Bor-

105 3367 107 74 ger
247 3348 205 97 hjelpe
489 3353 117 78 den
649 3356 209 77 anden
901 3353 69 80 til
1011 3370 71 64 at
1121 3352 263 86 fortiene
1443 3378 81 76 og
1585 3355 269 98 fortære.

100 3445 204 85 Naar
344 3468 74 61 en
460 3445 80 96 af
572 3455 140 77 dem
752 3452 272 99 brygger
1064 3452 172 99 011,
1288 3455 254 99 hænger
1584 3461 132 96 han
1778 3484 78 60 en

100 3545 245 103 Stang
404 3555 143 78 med
602 3571 73 61 en
726 3550 427 104 Høvelspaan
1198 3563 93 80 ud
1331 3580 94 75 og
1460 3560 167 100 srax
1672 3559 145 83 kom-

1709 3683 136 63 mer
