3086 4486
1282 469 49 75 6

1292 667 161 99 store
1504 654 347 98 (Kummer
1906 672 127 83 kan
2093 690 166 66 være
2313 685 302 79 anvendte
2657 683 73 96 af
2766 682 160 93 Ved-

1290 787 409 97 kommende,
1786 781 129 100 som
1990 811 121 63 var
2174 795 233 83 betroet
2478 818 69 65 at
2612 806 341 91 distribuere

1289 915 237 92 samme
1597 913 69 76 til
1729 908 469 100 Regieringens
2277 938 79 75 og
2415 918 267 86 Landets
2733 925 219 103 Nytte,

1289 1043 82 75 og
1416 1019 101 96 for
1558 1024 241 97 hvilken
1826 1027 467 94 Destribution
2335 1039 74 75 de
2450 1034 197 84 kunde
2687 1059 166 66 øerne
2883 1067 64 63 at

1288 1147 171 92 flane
1504 1150 67 78 til
1620 1141 257 101 Ansvar
1920 1171 77 74 og
2041 1150 348 98 Regnskab
2432 1156 99 94 for
2570 1157 381 98 Eftertiden?

1511 1278 185 96 Efter
1760 1293 166 79 mine
1968 1295 174 97 ringe
2189 1293 259 93 Tanker
2489 1301 177 94 synes
2709 1305 126 99 jeg,
2888 1331 70 61 at

1287 1409 101 77 det
1429 1423 61 64 er
1531 1428 73 59 en
1651 1407 455 103 Behandling,
2153 1413 133 94 som
2325 1437 67 64 er
2437 1427 175 75 værd
2653 1443 69 62 at
2759 1437 191 74 undre

1280 1545 167 64 over.

1485 1657 127 95 De
1656 1665 270 101 behager
1970 1685 68 68 at
2080 1666 259 100 fortælle
2362 1673 287 103 Publico
2690 1701 107 61 om
2838 1688 111 75 den

1271 1785 315 99 Mængde
1641 1786 79 100 af
1755 1788 335 103 Arbeyde,
2157 1795 129 92 som
2325 1803 117 75 den
2489 1799 131 90 Tid
2663 1822 121 64 var
2827 1802 93 99 for-

1270 1905 313 100 færdiget,
1652 1923 77 81 og
1786 1913 183 93 tillige
2014 1907 105 97 saa
2162 1919 187 92 dyrt,
2403 1934 70 64 at
2516 1919 187 97 ingen
2746 1925 201 82 kunde

1262 2025 173 84 kiøbe
1474 2035 134 75 det:
1684 2026 110 88 En
1836 2027 213 100 Sag,
2096 2034 129 93 som
2270 2037 231 96 enhver
2546 2041 399 105 Fornunftig

1255 2142 213 96 anseer
1507 2166 67 62 at
1615 2151 199 81 burde
1849 2169 193 63 været
2069 2152 181 84 bedre
2285 2157 329 85 refecteret
2649 2157 79 98 af
2741 2161 169 87 Ved-

1254 2265 369 84 kommende
1688 2272 67 74 til
1807 2283 70 65 at
1938 2264 219 98 paasee
2208 2269 299 87 Debiten
2561 2272 78 98 af
2686 2277 259 94 samme.

1250 2383 172 83 Men
1464 2385 97 97 jeg
1606 2399 211 84 trøer,
1872 2404 70 64 at
1984 2388 243 97 dersom
2270 2385 249 102 erfarne
2564 2417 79 77 og
2690 2393 233 104 fornuf-

1245 2505 123 97 tige
1395 2498 401 87 Kiøbmænd
1837 2507 209 95 havde
2087 2511 131 80 deri
2259 2510 159 96 havt
2455 2532 185 78 noget
2677 2533 69 62 at
2787 2516 143 98 sige,

1244 2621 115 92 saa
1410 2621 209 96 havde
1658 2622 119 81 ikke
1822 2619 105 99 saa
1974 2629 157 92 store
2154 2619 431 93 kvantiteter
2619 2625 78 102 af
2732 2631 173 99 forar-

1246 2743 270 93 beydede
1560 2740 252 100 Vahre
1856 2744 214 81 bleven
2114 2740 152 99 satte
2312 2749 22 76 i
2376 2745 217 103 Verk,
2640 2748 287 99 forinden

1241 2873 75 74 de
1377 2858 157 104 først
1597 2867 207 82 havde
1843 2865 223 96 indseer
2117 2862 367 99 Vahrenes
2525 2869 255 101 Debit,
2855 2883 71 78 til

1244 2982 199 97 hvilke
1488 2979 225 103 Priser
1774 2991 71 74 de
1908 2983 125 103 best
2076 2988 203 82 kunde
2342 2991 211 81 bleven
2612 2995 315 105 debiteret,

1240 3125 79 75 og
1368 3102 262 94 derefter
1670 3106 207 81 videre
1922 3106 111 95 seer
2072 3124 69 65 at
2184 3109 201 84 kunde
2432 3128 321 68 avancere.

1465 3225 169 81 Men
1693 3246 159 62 man
1895 3230 123 79 kan
2063 3231 235 94 rænke,
2355 3227 131 97 som
2525 3239 107 77 der
2673 3241 83 76 da
2801 3254 115 63 var

1287 3367 16 54 i
1361 3339 260 104 anseelig
1668 3339 235 107 Fond,
1960 3345 109 96 faa
2115 3367 242 64 maatte
2402 3360 105 75 der
2551 3377 80 77 og
2689 3356 224 83 tænkes

1226 3482 132 75 paa
1402 3465 353 101 Leylighed,
1802 3487 67 64 ak
1918 3464 205 90 kunde
2166 3475 375 97 destribuere
2586 3474 243 98 samme.

2771 3594 137 87 Vi-
