2871 4687
1827 472 85 71 l3

352 646 258 88 Denne
642 643 100 98 for
784 647 204 97 Riget
1016 646 112 94 saa
1160 644 542 100 høimødvendige
1734 644 190 98 Ting

200 746 466 98 afhielpesikke
700 753 254 93 lettelig,
984 756 86 70 da
1100 758 102 69 det
1226 771 62 57 er
1306 771 74 56 en
1414 747 510 97 bekiendtSag,

204 850 452 98 Regieringen
692 871 196 74 neppe
922 860 144 68 med
1110 858 94 76 alt
1236 849 243 96 muelig
1520 849 299 97 Omsorg
1856 872 70 58 er

207 958 24 76 i
267 952 254 84 Stand
557 955 74 76 til
661 969 70 60 at
769 955 176 90 holde
981 958 72 70 de
1085 953 352 93 gevorbene
1473 947 454 99 Regimenter,

209 1054 138 94 som
377 1055 182 92 mees
597 1048 380 99 bestaaer-af
901 1048 76 96 af
1001 1050 340 96 Tydssere,
1371 1053 384 91 tilsammen,
1793 1050 110 94 saa-

211 1154 140 94 som
387 1164 118 70 den
535 1157 212 88 meeste
781 1157 172 75 deels
981 1150 298 96 Troskab
1329 1151 214 94 stikker
1579 1155 22 76 i
1633 1152 296 94 Hælene,

214 1272 84 78 og
329 1254 287 92 saasnart
645 1251 309 100 Lejlighed
985 1258 215 92 gives,
1227 1251 131 90 vise
1391 1261 75 68 de
1491 1259 125 85 der,
1659 1250 273 98 hvorfor

212 1356 144 96 Hs.
398 1354 312 95 Majestet
744 1355 196 92 vgsaa
974 1356 20 74 i
1026 1350 140 96 fuld
1208 1354 550 92 Overbevisning
1796 1352 108 96 her-

216 1476 114 60 om
368 1458 122 92 har
528 1453 342 96 forstærket
926 1454 96 94 sin
1054 1456 216 92 Magt
1300 1463 142 68 med
1472 1471 60 60 er
1572 1454 118 92 vist
1725 1452 212 81 Antal

218 1560 340 76 nationale
592 1555 164 96 Folk
786 1575 98 74 pr.
918 1552 419 98 Regimente,
1372 1575 81 72 og
1486 1553 132 94 som
1652 1564 102 66 det
1784 1552 154 92 efter

219 1664 390 72 nuværende
663 1653 406 100 Forfatning
1133 1676 64 58 er
1247 1655 234 92 enhver
1523 1653 394 96 Jordegvds-

225 1756 198 84 Eiere
461 1760 214 76 tilladt
741 1757 186 78 dertil
987 1774 72 60 ak
1125 1752 340 98 presentere
1513 1763 74 70 de
1639 1752 78 94 af
1769 1756 176 90 hans

225 1856 240 94 Gods,
501 1858 128 92 han
657 1857 208 94 finder
897 1858 240 92 tienlig,
1193 1865 277 76 naaede
1397 1867 74 66 de
1497 1856 310 92 alleeneste
1845 1856 74 78 be-

225 1960 177 92 sidde
431 1956 151 97 visse
619 1957 435 88 udfordrende
1081 1954 501 97 Dygtigheder:
1641 1954 183 82 Saa
1875 1976 69 60 er

230 2066 108 72 det
398 2057 398 97 begribeligt,
826 2075 74 62 at
952 2056 574 98 Fædrenelandets
1568 2055 378 97 Kierlighev

230 2162 220 78 driver
480 2170 146 68 dem
660 2159 70 78 til
758 2179 70 60 at
864 2157 316 93 fremstille
1201 2156 323 91 saadanne
1544 2157 234 91 Karle,
1810 2178 138 74 paa

234 2258 486 100 hvis-Troskab
768 2279 158 58 man
976 2258 124 78 kan
1146 2264 147 87 lide,
1338 2255 226 96 hvilket
1610 2256 196 96 ogsaa
1842 2254 108 94 for

233 2366 188 88 nogle
455 2362 146 80 Aar
629 2359 170 96 siden
829 2359 132 92 som
989 2380 74 56 en
1087 2358 196 98 Pligt
1325 2377 122 58 var
1479 2364 272 89 paalagk
1781 2358 138 94 Zvr-

239 2460 500 94 degods-Eiere,
775 2479 68 60 at
883 2469 72 69 de
977 2470 204 68 under
1211 2455 234 92 Straf
1469 2457 78 90 af
1574 2479 148 51 100
1743 2456 204 84 Rdlr.

239 2562 180 94 ssulle
463 2582 168 59 være
667 2559 330 99 ansvarlig
1039 2558 104 96 for
1193 2570 74 72 de
1313 2559 334 96 udskrevne
1697 2556 252 84 Karles

235 2660 341 100 Opførsel.

406 2764 176 82 Men
628 2765 22 76 i
690 2765 204 96 steden
934 2758 102 96 for
1094 2760 144 98 disse
1288 2763 74 76 til
1402 2759 140 96 Hs.
1600 2758 354 96 Majestets

250 2862 422 98 Tienestesaa
702 2869 256 89 dygtige
990 2864 130 88 som
1166 2868 68 72 til
1266 2861 540 82 Land-Arbeider
1838 2862 116 90 saa

246 2966 142 98 høit
417 2961 319 100 fornødne
773 2987 80 72 og
892 2966 244 94 duelige
1168 2961 185 99 Folk,
1390 2965 88 78 vil
1512 2961 238 82 Landet
1788 2964 168 76 blive

247 3064 214 98 opfylr
477 3077 144 66 med
637 3065 338 98 Pranger,
995 3064 412 89 Landløbere,
1429 3062 308 88 ørkesløse
1751 3060 208 98 Folk;

251 3168 96 94 thi
383 3164 254 98 ligesom
661 3181 100 78 de,
779 3175 110 70 der
907 3163 76 94 as
1337 3187 96 56 ere
1463 3171 148 72 lidet
1647 3164 282 90 sammen-

255 3266 256 100 holden,
547 3271 318 92 arveligen
903 3267 122 77 kan
1049 3264 242 90 tilfalde
1317 3283 212 78 noget,
1565 3266 168 92 srax
1767 3268 164 74 vilra-

255 3388 79 76 ge
353 3366 99 96 fat
475 3387 135 73 paa
627 3367 407 96 Handelffab
1061 3370 19 76 i
1113 3372 203 92 sieden
1355 3365 101 94 for
1481 3364 451 97 Agerdyrknin-

258 3468 400 96 gen,saasom
680 3481 98 66 der
806 3466 316 96 medfører
1150 3494 74 54 en
1244 3479 126 84 god
1394 3467 428 89 Levemaade,
1862 3466 72 78 be-

258 3572 254 96 standig
528 3568 552 103 Omgiengelse,og
1098 3573 150 98 intet
1268 3569 298 98 Arbeide,
1592 3567 108 95 saa
1720 3570 92 80 vil
1832 3568 122 88 vist
