2828 4618
181 682 121 74 des
347 695 79 60 en
471 674 111 80 vis
627 676 23 78 i
689 676 175 92 hans
905 670 263 92 Tanker
1231 673 157 94 ham
1429 668 283 80 bekiendt
1739 665 122 98 Ho-

179 783 338 88 vedgaard
558 776 200 81 kunde
794 784 330 84 nedlegges
1164 781 172 72 uden
1370 771 278 85 Eierens
1690 769 206 82 Ska»

182 886 98 72 de.
336 877 254 86 Denne
624 878 170 98 hans
836 883 218 90 giorde
1088 874 396 94 Beregning
1516 870 374 94 forblænde»

181 988 80 70 de
289 983 170 74 mine
489 979 216 83 Øiene
741 977 182 94 første
957 998 208 72 gang:
1217 975 178 80 Men
1429 970 150 98 efter
1619 991 72 58 at
1723 973 168 94 havs

181 1082 444 92 igiennemlæst
651 1090 114 68 den
795 1092 165 81 283,
985 1082 98 74 vel
1119 1078 178 94 fleere
1339 1096 232 75 gange,
1613 1078 248 87 begynd-

183 1198 59 62 te
273 1186 95 90 jeg
402 1195 68 60 ar
497 1184 193 72 tvivle
736 1203 80 72 og
860 1181 208 78 nøjere
1124 1179 290 75 overveie
1463 1180 105 72 det
1624 1173 240 92 altsam-

178 1300 180 67 men,
396 1277 221 101 tilsids
656 1281 404 93 overbeviiste
1092 1280 138 74 min
1260 1272 292 99 Fornuft
1600 1275 172 92 mig,
1816 1286 78 60 at

174 1386 103 70 det
308 1397 125 56 var
478 1382 331 92 umuligt,
872 1397 71 60 at
980 1400 75 56 en
1096 1376 253 80 Gaard
1414 1374 79 90 af
1554 1382 105 68 der
1698 1371 201 96 Hart

175 1478 390 93 kornogen
637 1482 114 92 stig
801 1474 512 88 Kirke-Tiende
1343 1486 148 66 med
1549 1472 350 93 Billighed

171 1578 211 80 kunne
415 1574 493 100 bortforpagtes
945 1577 99 89 for
1071 1596 153 70 750
1265 1573 327 96 Rixdaler
1653 1573 251 91 aarlig,

172 1678 325 96 saameget
532 1698 214 79 mere,
804 1691 86 66 da
936 1689 72 67 de
1044 1675 450 94 høistpriselige
1528 1672 372 93 Kongelige

174 1782 500 94 allernaadigste
736 1780 494 92 Forordninger
1276 1797 106 54 om
1434 1772 470 89 Landvesenets

167 1878 418 98 Forbedring
621 1904 78 74 og
719 1876 474 87 Eenemarkers
1213 1875 434 98 Indhegning
1680 1887 189 61 maat-

172 1996 59 69 te
267 1983 210 90 oplive
511 2003 76 55 en
615 1982 154 94 halv
801 1989 130 72 død
953 1983 274 90 Mand,
1249 1999 108 56 om
1401 1998 72 54 en
1503 1976 110 96 flig
1643 1973 262 82 Gaard

168 2098 126 64 var
329 2087 19 70 i
369 2081 287 93 Uorden,
688 2100 72 62 at
801 2083 83 88 see
920 2093 120 68 den
1076 2095 182 63 rettet
1290 2099 80 74 og
1403 2077 197 93 bragt
1633 2080 21 71 i
1681 2073 215 80 Skik.

318 2180 221 84 Dette
571 2181 367 94 saavelsom
810 2183 130 92 som
962 2202 200 58 meere
1196 2181 144 94 giør
1376 2180 134 88 mig
1540 2176 112 90 saa
1680 2173 216 96 sikker,

166 2298 73 62 at
288 2284 97 93 jeg
456 2286 239 94 tydelig
748 2301 105 62 tør
918 2282 303 89 erklære,
1310 2299 73 58 ar
1430 2274 469 100 Forfatterens

163 2382 394 98 Beregning
579 2406 78 72 og
703 2389 202 91 gjorte
947 2383 318 83 Balance
1301 2401 64 58 er
1403 2377 154 95 falsk
1601 2399 82 72 og
1723 2387 176 71 uden

167 2484 283 93 Grund,
473 2485 69 90 ja
571 2483 323 96 endogsaa
925 2485 125 93 stal
1079 2483 245 90 beviife,
1361 2501 109 58 om
1497 2488 121 68 den
1639 2479 259 82 Gaard

164 2606 68 56 er
286 2589 110 86 til,
448 2587 132 92 han
614 2592 162 75 taler
820 2609 144 66 om,
1002 2604 70 58 at
1092 2596 118 66 den
1242 2585 222 92 giorde
1500 2578 396 95 Beregning

162 2682 157 94 efter
340 2685 251 93 seeneste
632 2712 93 48 10
744 2710 41 55 a
806 2713 97 48 20
936 2685 189 83 Aars
1148 2684 361 95 Jordbrug
1530 2702 65 56 er
1624 2679 169 92 falsk,
1816 2700 47 56 u-

161 2785 417 97 sa-ndfærdig,
607 2810 82 72 og
713 2809 68 58 at
803 2787 178 90 hans
1015 2789 202 92 gjorte
1255 2783 388 93 Beregning
1679 2779 216 88 altsaa

161 2886 188 80 ikkun
381 2887 124 78 kan
537 2888 220 86 ansees
795 2887 104 94 for
935 2909 74 57 en
1055 2899 310 83 oppynter
1401 2884 312 93 Fantasi,
1761 2877 106 96 for-

156 2986 194 96 fattet
378 2987 102 82 for
516 3004 72 62 at
624 2990 242 78 blænde
906 2992 322 76 uvidende
1248 2983 238 98 Folkes
1520 2982 240 91 Øine,
1810 3001 86 75 og

156 3088 280 93 maaskee
470 3085 142 98 for,
670 3110 108 56 om
822 3092 310 92 mueligt,
1200 3103 70 60 at
1316 3085 206 78 kunne
1560 3084 176 92 ffade
1772 3103 90 56 an-

158 3196 111 68 dre
289 3240 20 39 ,
364 3189 173 90 hans
558 3188 247 94 Næste,
844 3193 17 72 i
880 3191 157 90 hvis
1062 3190 235 80 Mund
1330 3187 133 94 han
1487 3194 140 68 med
1659 3185 204 76 avind-

161 3286 140 98 syge
337 3287 182 84 Øine
541 3288 116 88 seer
689 3290 298 83 Brødet.
1051 3290 262 88 Denne
1355 3287 368 93 Sygdom,
1745 3291 116 70 des-

175 3393 217 73 verre!
455 3388 355 96 vedhenger
839 3395 223 92 fleere,
1124 3410 81 72 og
1269 3391 127 92 har
1445 3404 207 78 meget
1697 3385 203 80 Sted

154 3488 130 90 hos
312 3487 554 100 Projectmagere.
934 3491 260 97 Ligesaa
1242 3490 254 94 urigtig
1554 3488 130 92 som
1724 3487 142 96 For-

150 3588 279 102 fatteren
470 3593 125 100 har
634 3611 195 69 været
860 3601 115 72 udi
1009 3591 414 101 denne-hans
1240 3591 185 102 hans
1470 3586 425 101 Beregning,

917 3693 62 87 A
1035 3722 40 72 Z
1743 3689 152 98 lige-
