2797 4566
1031 477 98 42 S*vSS

1908 446 53 74 7

223 640 86 78 og
361 617 244 100 endelig
653 619 76 81 til
769 622 146 96 sidst
979 616 292 101 forestille
1325 632 120 72 den
1497 620 424 103 Fædernekan-

218 730 108 70 det
378 729 460 90 paadragende
905 723 265 96 Ulykke,
1228 746 110 58 om
1400 736 102 68 det
1554 747 206 76 nogen
1809 727 141 89 Tid

218 824 152 78 kom
414 825 226 88 dertil,
690 840 72 62 at
814 822 144 96 disse
1006 833 122 70 2de
1178 821 104 96 for
1326 828 276 80 Staten
1652 827 112 92 saa
1805 829 144 94 høit

220 924 327 93 priselige,
606 923 130 92 som
776 926 16 74 i
832 933 202 69 endeel
1064 925 244 98 Folkes
1348 928 240 82 Mund
1640 929 307 103 skadelige

217 1022 276 88 Baand
563 1023 168 79 bleve
781 1026 268 94 hævede.

371 1126 172 79 Men
575 1119 222 92 førend
829 1126 96 94 jeg
961 1131 228 76 træder
1227 1126 214 94 dertil,
1459 1126 90 81 vil
1579 1127 98 96 jeg
1697 1129 144 96 give
1871 1150 80 60 en

215 1224 139 78 kort
377 1219 391 97 Beskrivelse
797 1246 149 58 over
981 1227 175 92 hvad
1189 1243 55 62 et
1273 1224 349 101 fornuftigt
1645 1251 79 72 og
1745 1234 203 92 lovlig

208 1324 296 96 Hoverie
522 1328 272 94 egentlig
832 1346 88 72 er,
946 1348 78 73 og
1057 1328 284 92 besaaer
1370 1332 22 72 i
1420 1326 328 97 følgende:
1782 1329 164 87 Det

210 1444 68 58 er
334 1423 422 95 enArbeide,
808 1424 134 92 som
978 1425 80 94 af
1108 1441 56 64 et
1210 1430 120 92 vist
1378 1426 210 83 Antal
1626 1431 320 97 Bønder,

208 1530 99 74 alt
346 1522 155 94 efter
536 1523 581 98 Hovedgaardens
1136 1525 431 99 Storlighed,
1602 1541 121 68 ved
1766 1541 171 85 dem,

209 1632 192 72 deres
451 1623 164 100 Folk
667 1650 82 70 og
795 1628 290 94 havende
1131 1627 360 84 Creaturer
1535 1628 414 100 forfærdiges

211 1728 76 78 til
329 1724 276 100 Publiei
649 1725 254 103 Nytte;
955 1728 270 95 saafom,
1263 1748 68 62 at
1363 1732 202 94 pløie,
1621 1731 168 96 saae,
1835 1736 84 92 hø-

211 1830 123 94 ste,
395 1827 243 94 tærske,
695 1828 172 80 klare
945 1830 397 96 Glødning,
1401 1832 173 79 lukke
1635 1833 315 91 Gierder,

210 1928 184 94 ffiere
446 1927 236 98 Torv,
724 1932 202 92 ffove,
974 1953 82 74 og
1082 1931 138 92 føre
1264 1932 560 85 Levnets-Midler
1876 1938 76 76 til

206 2028 448 97 Kiøbftæden,
702 2032 232 94 hvilket
960 2033 382 92 altsammen
1372 2056 64 56 er
1468 2034 300 93 Arbeide,
1806 2035 140 93 som

207 2152 76 56 en
338 2128 293 95 Bonde,
683 2141 112 71 der
848 2136 207 90 sidder
1087 2157 132 74 paa
1269 2154 78 62 en
1394 2134 259 84 Gaard
1705 2139 74 76 til
1825 2158 48 72 7
1901 2158 46 60 a

207 2244 106 70 8te
347 2228 278 91 Tønder
657 2234 352 94 Hartkorn
1039 2237 228 95 lettelig
1305 2258 82 72 og
1419 2246 168 71 uden
1621 2239 94 94 sin
1743 2235 172 85 Ska-

207 2338 78 72 de
347 2332 128 79 kan
529 2353 81 76 og
681 2335 122 81 bor
863 2334 263 97 forette,
1187 2357 83 75 og
1333 2338 121 96 vist
1517 2337 124 80 ikke
1697 2359 68 58 er
1819 2349 125 85 det,

206 2424 134 100 som
390 2437 146 92 giør
584 2455 76 56 en
708 2434 258 86 Bonde
1014 2433 306 102 Forfang
1360 2446 20 68 i
1428 2438 176 96 hans
1646 2439 302 82 GaardS

204 2532 252 95 Drift,
522 2543 88 70 da
666 2535 132 97 han
835 2535 336 99 endogsaa
1220 2548 166 68 uden
1464 2548 102 70 det
1624 2539 318 98 Hoverie,

206 2636 135 92 han
388 2639 147 92 giør
580 2633 101 94 for
732 2638 459 96 Hosbonden,
1250 2637 123 93 har
1422 2645 207 74 endeel
1686 2659 73 60 at
1808 2644 109 94 giø-

205 2754 66 56 re
311 2731 108 94 for
469 2743 240 89 andre,
763 2738 134 92 som
947 2749 190 86 tages
1183 2746 208 72 under
1439 2750 104 70 det
1593 2739 222 84 Navn
1865 2734 82 100 af

199 2834 394 97 Villighed,
643 2859 82 75 og
763 2860 66 58 er
863 2848 100 72 vel
997 2851 102 70 det
1133 2837 240 101 Sted,
1411 2840 164 96 hvor
1611 2851 148 82 det,
1819 2846 124 74 alle

203 2934 459 99 Billigheder,
749 2942 355 94 iberegnet,
1173 2961 133 74 paa
1369 2962 75 58 en
1505 2945 181 94 ringe
1751 2941 189 95 Ting

200 3034 126 90 stal
364 3057 167 79 naae
662 3044 198 76 tredie
902 3042 186 87 Deel
1118 3037 78 98 af
1222 3039 164 101 Hov
1412 3072 22 40 -
1462 3042 352 97 Arbeidet;
1870 3060 72 62 er

204 3140 108 72 det
358 3158 126 73 nu,
540 3139 134 90 som
718 3142 224 84 Ordet
994 3163 240 74 gaaer,
1292 3142 162 96 hvor
1504 3144 126 77 kan
1690 3151 104 70 det
1850 3152 90 72 da

202 3252 169 64 være
424 3243 303 92 mueligt,
784 3260 69 62 at
908 3242 297 87 Bonden
1266 3244 123 80 ikke
1446 3244 123 78 kan
1608 3243 301 82 overkom-

201 3356 104 60 me
377 3338 94 95 sin
533 3339 416 96 Hosbondes
1015 3345 330 93 Arbeide,
1445 3366 82 74 og
1593 3365 110 56 om
1797 3352 152 72 dets

201 3436 356 101 Sandhed
603 3443 196 81 bærer
841 3450 98 76 vel
1011 3449 192 88 ingen
1263 3444 254 96 Tvivl,
1569 3443 128 94 faa
1729 3462 212 76 meget

198 3540 294 101 mindre,
551 3539 133 98 som
729 3546 133 100 Hr.
909 3545 287 100 Dyssels
1229 3542 241 104 Skrift
1510 3547 230 84 vidner
1790 3556 148 68 med

202 3642 160 96 mig.
992 3647 66 90 A
1110 3669 54 72 4
1786 3645 146 101 Jeg
