2990 4619
139 673 72 68 at
245 663 110 78 der
388 650 474 105 saaer-Vand
631 651 232 90 Vand
897 673 136 80 paa
1075 655 122 80 den
1251 675 108 58 ene
1389 645 224 106 Ende,
1661 667 86 82 og
1775 671 128 60 un»

137 793 282 82 dertiden
467 811 134 76 paa
649 793 142 76 dem
847 787 224 96 begge,
1119 785 116 92 faa
1291 785 272 98 Jorden
1603 785 130 80 ikke
1769 785 134 80 kan

141 923 160 82 bære
331 923 440 96 Creaturene;
823 919 94 98 thi
967 937 162 64 man
1169 925 192 88 veed,
1417 933 72 64 ar
1529 915 258 98 Agrene
1837 937 64 58 er

141 1069 168 82 taget
363 1051 104 96 fra
505 1053 274 98 Horden
835 1071 80 76 og
971 1053 74 78 til
1079 1049 348 92 Siderne,
1475 1043 134 98 som
1647 1049 120 96 har
1803 1053 102 86 sin

139 1187 156 96 store
317 1183 212 94 Nytte
563 1179 102 100 for
689 1179 420 100 Vandfalds
1145 1181 168 96 ffyld
1367 1185 20 74 i
1421 1181 480 100 Fælledffabet.

139 1317 208 84 Naar
381 1317 254 94 saadan
667 1315 188 98 Jord
887 1315 206 80 bliver
1141 1317 200 94 pløiet
1389 1321 222 92 vaad,
1667 1317 230 80 binder

137 1455 118 76 den
293 1453 174 92 siden
503 1447 336 98 sammen,
889 1446 117 95 faa
1041 1463 72 64 ar
1149 1467 174 60 naar
1355 1443 270 84 Sæden
1657 1442 127 99 skal
1827 1449 76 78 til

137 1597 70 66 at
245 1577 164 102 spire
437 1577 206 100 frem,
679 1575 210 102 finder
925 1583 162 76 dens
1121 1577 200 96 spæde
1355 1577 282 86 Rødder
1669 1583 98 74 alt
1797 1575 110 96 for

137 1733 222 76 megen
395 1709 420 98 Modstand,
871 1731 80 76 og
1011 1707 128 82 kan
1187 1709 128 78 ikke
1363 1705 150 98 faae
1567 1707 338 98 Næring,

137 1843 116 94 saa
291 1849 104 76 det
429 1841 414 98 foraarsager
875 1863 78 60 en
995 1841 166 80 liden
1197 1861 80 76 og
1303 1839 142 80 korr
1479 1837 228 102 Sæd;
1753 1863 150 58 men

135 1981 108 74 det
271 1993 66 62 er
385 1973 126 82 ikke
549 1975 302 98 mueligt,
901 1989 74 66 at
1007 1979 100 76 det
1157 1975 128 80 kan
1315 1979 334 90 udgraves
1691 1967 104 102 for
1827 1981 76 76 dr

135 2127 246 74 mange
433 2103 212 86 Lods-
681 2105 224 100 Eiere,
965 2127 80 74 og
1101 2111 122 76 den
1271 2105 128 80 kan
1441 2111 288 78 desuden
1773 2104 132 98 ikke

137 2237 268 96 bringes
439 2239 74 80 til
559 2241 118 92 lige
711 2237 274 104 Tørhed
1015 2245 144 76 med
1191 2245 124 92 det,
1347 2235 134 98 som
1519 2237 208 100 falder
1763 2259 138 78 paa

135 2367 302 100 Høiden.

259 2531 12 12 -
335 2499 216 100 Hvad
567 2497 136 92 Tid
743 2517 204 82 gaaer
967 2507 110 82 der
1109 2501 126 84 ikke
1269 2505 148 84 bort
1447 2509 144 78 med
1621 2519 70 66 at
1718 2501 182 102 skabe

145 2625 296 104 omkring
493 2635 140 82 med
669 2633 192 100 Plov
913 2657 80 76 og
1025 2635 360 84 Creaturer
1433 2641 74 78 til
1551 2643 74 76 de
1655 2659 246 72 mange

139 2761 338 102 Stykker,
503 2787 76 76 og
615 2773 146 74 med
803 2783 74 66 ak
903 2765 140 98 fare
1077 2791 80 74 og
1189 2777 254 90 maale,
1485 2769 113 96 faa
1629 2775 110 78 der
1771 2767 132 98 ofte

137 2911 192 62 maae
371 2903 256 74 maales
663 2903 124 76 alle
813 2901 256 96 Agrene
1101 2923 134 76 paa
1273 2923 56 60 et
1367 2901 278 100 Skifte,
1689 2893 102 106 for
1827 2915 72 66 at

135 3025 270 96 udfinde
431 3031 104 78 det
559 3045 154 64 rette
731 3029 250 102 Maal,
1035 3037 134 90 som
1201 3043 122 90 dog
1355 3033 126 100 ofte
1514 3031 207 109 slaaer
1753 3031 148 98 feil,

136 3152 115 100 faa
289 3161 108 80 der
429 3157 209 98 pleies
667 3151 108 104 fra
809 3169 120 76 den
953 3163 190 86 Side
1175 3175 110 76 der
1315 3171 182 96 ffulle
1535 3175 214 90 legges
1787 3169 112 94 til,

138 3283 386 130 sandet-er
301 3293 102 76 det
449 3313 64 60 er
571 3293 188 82 ikkun
811 3297 158 98 halv
1015 3301 172 94 giort
1221 3303 314 96 Arbeide,
1587 3317 76 64 at
1719 3317 182 64 naar

137 3409 366 94 Naboerne
543 3423 282 86 kommer
881 3453 82 74 og
994 3433 209 95 pleier
1243 3433 240 100 tilbage
1517 3435 204 96 igien,
1761 3427 108 98 for-

137 3567 126 70 aar
271 3549 180 106 fages
485 3553 186 88 ikkun
703 3557 146 88 Kiv
901 3583 84 78 og
1047 3563 254 100 Splid.

1595 3683 204 94 Des-
