2997 4577
1211 531 116 66 22

1709 493 71 84 <2-

2145 487 112 94 i_S)

1083 681 242 100 førend
1359 687 138 98 han
1531 689 128 82 kan
1695 687 150 96 faae
1879 689 226 96 samlet
2143 693 72 74 de
2253 691 248 86 andre,
2551 685 126 94 som
2725 691 112 84 kan

1081 835 174 64 være
1293 841 74 58 en
1405 825 142 76 eller
1579 837 62 64 to
1663 821 178 84 Mile
1885 823 214 96 borre,
2151 843 78 72 og
2277 821 384 80 undertiden
2699 843 136 74 gaae

1081 953 128 96 hen
1251 957 20 74 i
1305 975 78 58 en
1413 953 240 100 Krog,
1707 961 88 76 da
1829 961 74 76 de
1939 955 128 80 ikke
2105 955 216 94 gierne
2359 951 120 98 har
2515 969 186 76 noget
2735 957 100 94 vist

1077 1083 248 96 Sted,
1373 1093 122 74 ved
1547 1091 106 78 det
1685 1093 74 76 de
1819 1089 166 80 altid
2023 1109 64 58 er
2113 1101 174 64 vant
2333 1103 74 60 at
2439 1105 162 72 gaae
2633 1083 164 92 snart
2821 1091 16 78 i

1079 1237 122 78 en,
1253 1215 184 96 snart
1479 1221 20 78 i
1547 1241 78 58 en
1677 1225 220 76 anden
1929 1219 260 94 Mark,
2245 1219 72 96 ja
2375 1237 136 78 paa
2553 1233 64 62 ro
2657 1219 62 80 til
2755 1235 84 68 tre

1079 1343 252 104 Byers
1379 1351 292 82 Marker
1703 1351 320 96 omkring.

1281 1481 388 98 Hvorledes
1707 1481 122 100 har
1873 1487 104 74 det
2013 1485 90 92 sig
2143 1485 144 76 med
2311 1481 170 94 Rug
2501 1509 22 46 -
2559 1479 280 88 Sæden?

1079 1633 88 74 og
1207 1611 290 82 kommer
1533 1617 104 76 der
1673 1615 246 96 endelig
1955 1617 236 94 dertil,
2241 1621 88 74 da
2369 1613 198 80 bliver
2599 1621 100 74 der
2729 1621 112 76 ilde

1080 1762 87 75 og
1213 1745 152 98 silde
1411 1749 202 92 pløret
1663 1769 80 74 og
1801 1747 216 92 faaet;
2061 1747 72 96 ja
2187 1751 104 78 det
2339 1747 214 94 heder,
2601 1753 94 74 der
2723 1747 116 78 kan

1083 1873 128 82 ikke
1249 1879 148 78 lade
1419 1879 90 96 sig
1545 1879 62 96 gi
1619 1897 110 62 øre
1745 1877 154 102 før;
1941 1881 92 98 thi
2061 1881 318 96 saalænge
2401 1879 312 84 Svinene
2731 1879 106 96 har

1079 2023 100 66 rer
1209 2003 144 102 Lyst
1385 2011 74 78 til
1499 2029 76 62 ar
1605 2033 168 74 gaae
1811 2015 20 76 i
1849 2013 356 96 Marken,
2257 2013 128 80 kan
2429 2019 100 76 der
2577 2009 118 80 ikke
2739 2008 136 97 skee-.

1075 2157 80 64 ar
1187 2138 149 94 faae
1357 2143 282 98 Rugen,
1685 2149 250 94 endelig
1971 2167 176 60 naar
2167 2143 344 86 sinteren
2545 2143 292 96 begynder

1077 2289 76 62 at
1191 2273 126 92 vise
1355 2279 132 94 sig,
1541 2297 160 60 maa
1759 2285 110 76 der
1913 2279 242 78 tænkes
2187 2299 138 76 paa
2363 2273 476 100 Begyndelsen,

1069 2409 94 76 da
1205 2411 122 76 den
1369 2411 360 94 velsignede
1759 2409 194 84 Sæd
2007 2411 202 80 bliver
2247 2415 286 76 nedvadr
2595 2431 76 72 og
2707 2411 104 76 ned-

1069 2545 206 76 traad
1321 2547 122 74 ved
1485 2541 322 98 Jordens
1849 2543 524 100 Forarbeidelse,
2457 2549 84 76 da
2575 2547 112 74 den
2741 2537 96 92 saa

1069 2675 154 94 silde
1259 2693 136 74 paa
1417 2671 215 86 Aaret
1663 2695 66 60 er
1767 2679 182 76 vaad
1985 2697 86 74 og
2101 2695 198 76 rung,
2331 2675 124 80 ikke
2491 2689 72 66 at
2599 2675 122 78 tale
2747 2691 90 62 om

1071 2811 106 76 det
1231 2805 298 98 kostbare
1563 2805 398 98 Stutterie,
2009 2807 136 94 som
2199 2807 226 100 holdes
2468 2791 150 120 raa
2659 2801 178 98 fælles

1065 2939 370 96 Regning,
1487 2943 112 76 der
1651 2959 204 76 gaaer
1907 2961 80 76 og
2041 2947 204 74 vader
2313 2941 212 80 baade
2573 2951 156 66 tvert
2769 2945 134 84 og'

1067 3077 368 90 endelangs
1465 3091 140 76 paa
1641 3073 174 96 Rug
1853 3093 80 74 og
1975 3071 390 100 Engbond,
2449 3073 128 98 hele
2609 3067 228 86 Vinte«

1065 3225 116 60 ren
1229 3205 364 94 igiennem,
1629 3205 128 80 ikke
1789 3201 102 96 for
1925 3209 102 74 der
2061 3211 78 72 de
2175 3205 128 80 kan
2337 3201 152 98 faae
2523 3219 68 64 at
2625 3207 120 76 æde
2779 3191 64 98 af

1065 3339 294 96 Rugen;
1389 3357 148 60 men
1557 3333 174 98 fordi
1767 3351 72 66 at
1877 3341 184 74 deres
2081 3335 154 88 Ver
2253 3337 130 82 kan
2405 3335 170 96 falde
2597 3341 236 76 derover

1067 3473 74 78 til
1159 3491 76 60 en
1257 3491 78 74 og
1355 3477 218 76 anden
1597 3471 174 92 Ager
1793 3491 80 72 og
1905 3467 206 100 Eng,
2151 3469 132 94 som
2309 3473 200 92 ligger
2529 3475 106 74 der
2683 3465 130 80 imel-

1069 3605 162 102 lem,
1291 3627 80 80 og
1427 3601 164 100 foler
1609 3601 276 104 Jorden
1925 3607 86 80 da
2043 3609 186 78 deres
2261 3605 326 96 alvorlige.
2605 3597 230 94 Gang;

2613 3729 152 92 Det
