3037 4680
1719 549 104 66 21

785 516 130 74 (5-*

1194 513 133 78 ^3)

202 718 180 96 heder
418 726 70 67 at
522 719 70 74 de
624 735 94 60 ere
745 710 113 84 faa
894 714 168 92 ufle,
1116 725 74 64 ar
1240 715 76 74 de
1352 709 128 79 kan
1522 708 126 80 ikke
1686 709 174 76 taale
1890 721 70 62 at

196 852 218 92 ringes
464 867 106 58 om
610 849 362 98 Foraaret,
1030 844 134 94 som
1208 839 200 100 ogsaa
1466 862 64 58 er
1582 838 372 97 Sandhed.

198 982 225 96 Hvem
444 986 203 87 legger
680 981 87 94 sig
792 976 149 96 efter
970 994 73 62 at
1074 973 195 98 fange
1296 975 479 92 Muldvarpe?
1804 967 157 100 Ja,

201 1120 94 74 det
339 1133 198 77 gaaer
587 1113 18 76 i
653 1116 101 75 det
803 1132 110 56 ene
965 1108 134 94 som
1149 1109 22 76 i
1203 1111 102 76 der
1335 1112 202 74 andet
1575 1125 136 77 paa
1755 1099 204 98 fælles

199 1246 333 96 Regning,
565 1263 79 76 og
677 1247 101 76 det
815 1240 211 100 heder,
1059 1248 103 73 det
1191 1261 201 74 gaaer
1429 1240 125 84 ikke
1589 1238 133 91 mig
1753 1253 207 62 værre

200 1384 114 74 end
360 1378 138 78 min
548 1373 270 84 Naboe.
974 1372 382 98 Hvorledes
1414 1373 211 92 saaer
1686 1367 128 80 ikke
1886 1371 74 76 de

196 1512 160 94 fleste
404 1506 190 97 Enge
644 1511 146 76 med
830 1502 238 86 Vand
1142 1529 81 70 og
1276 1505 214 79 Moes
1546 1499 414 81 overdekker?

197 1640 130 92 som
365 1653 204 82 meget
601 1643 80 74 let
707 1621 210 97 künde
957 1636 276 95 hielpes,
1265 1643 118 71 ved
1419 1650 72 64 at
1529 1634 198 98 hielpe
1745 1633 188 84 Van-

197 1780 100 76 der
343 1776 120 78 ved
513 1791 88 72 en.
649 1775 166 76 liden
855 1766 224 97 Grøft
1123 1769 18 78 i
1199 1771 144 78 dets
1401 1764 328 97 naturlige
1787 1763 178 82 Løb,

200 1928 146 56 men
382 1910 102 76 der
520 1903 128 80 kan
696 1901 124 82 ikke
856 1891 119 105 skee
1042 1915 186 66 enten
1270 1897 174 96 fordi
1464 1896 504 100 Byemændene

198 2036 126 80 ikke
358 2036 198 98 haver
590 2037 116 92 lige
722 2033 188 83 Deel
944 2034 154 93 deri,
1122 2037 142 74 eller
1300 2055 76 71 og
1420 2038 108 76 der
1566 2032 122 96 stal
1722 2041 242 86 graves

198 2190 151 58 over
406 2173 223 90 nogles
668 2165 299 97 Jorder,
1018 2162 115 94 saa
1176 2169 101 76 det
1326 2185 159 58 maa
1538 2160 275 96 forblive
1844 2167 119 74 ved

197 2304 102 74 det
321 2300 292 95 Gamle,
651 2297 132 94 som
819 2304 102 74 det
957 2298 122 96 har
1115 2301 164 78 altid
1309 2312 232 82 været,
1579 2300 70 76 til
1669 2295 298 84 Vandet

199 2452 69 58 er
303 2430 279 92 fortæret
621 2427 81 96 af
717 2431 189 81 Soel
937 2450 81 74 og
1041 2428 235 99 Vind,
1313 2435 85 74 da
1433 2436 119 74 den
1595 2426 157 97 beste
1773 2425 193 100 Vext

202 2582 78 74 og
298 2558 134 90 Tid
466 2583 62 58 er
568 2559 204 100 forbi,
808 2560 112 92 saa
952 2568 108 74 der
1108 2559 202 84 bliver
1342 2560 192 81 ikkun
1568 2562 146 78 lidet
1748 2581 78 74 og
1858 2559 108 100 flet

200 2692 196 96 Hoe,
448 2713 72 74 og
560 2693 352 97 besværligt
948 2710 72 66 at
1072 2692 229 97 sanke,
1330 2698 120 76 ved
1500 2698 104 74 det
1654 2707 72 64 at
1762 2697 102 74 det
1902 2713 64 59 er

199 2830 210 88 gierne
459 2822 168 95 fuldt
679 2823 80 96 af
787 2824 230 100 Tuer,
1069 2847 78 74 og
1183 2825 228 94 ujevnr
1463 2820 80 98 af
1567 2824 398 82 Creaturets

195 2952 278 90 Træden
525 2979 78 74 og
657 2957 348 97 Trampen
1061 2960 20 77 i
1119 2955 250 96 saadan
1411 2956 156 82 blod
1605 2954 256 85 Bund.

389 3086 327 84 Kommer
760 3097 102 75 det
906 3092 72 78 til
1014 3106 74 64 at
1134 3095 106 76 der
1278 3091 202 79 bliver
1508 3092 174 94 givet
1721 3086 245 99 Eet-et,

204 3214 330 94 hvorledes
586 3223 178 82 løber
818 3222 128 80 ikke
994 3228 88 76 da
1128 3221 446 84 Creaturerne
1626 3223 342 94 omkring,

198 3368 81 72 vg
316 3348 171 94 hvad
518 3353 195 82 Møie
742 3377 65 58 er
846 3360 111 76 der
992 3354 123 80 ikke
1146 3356 389 80 undertiden
1572 3359 145 76 med
1748 3369 73 64 at
1856 3375 83 72 op-

199 3474 144 98 søge
387 3486 174 93 dem,
609 3485 70 92 ja
737 3489 188 92 halve
971 3508 78 74 og
1105 3489 130 92 hele
1269 3485 220 97 Dage
1535 3507 204 73 gaaer
1783 3485 184 94 bort,

201 3628 81 78 og
333 3632 77 60 en
439 3614 251 99 Dreng
733 3619 131 79 kan
909 3622 135 78 ride
1089 3633 59 64 et
1197 3617 199 99 Bæst
1453 3622 71 78 til
1573 3616 397 96 Skamme,

922 3746 90 88 B
1066 3774 36 71 z
1350 3819 16 16 .
1628 3744 240 94 førend

2857 1739 28 60 s
