2827 4615
1753 1681 66 62 er
1839 1679 202 64 meere
2069 1661 394 95 almindeligt
2493 1678 136 79 paa

1647 1775 423 72 nærværende
2103 1763 161 94 Tid,
2313 1785 79 73 og
2433 1784 191 58 meere

1646 1874 22 75 i
1698 1866 242 101 Folkes
1980 1865 268 89 Tanker
2262 1874 120 68 end
2418 1864 180 84 Skri-

1640 1973 313 93 velysten;
2010 1969 232 88 enhver
2282 1963 198 98 spisser
2534 1966 92 91 sin

1709 2074 95 95 sin
1845 2071 285 93 Hierne,
2179 2072 69 92 ja
2291 2072 95 74 det
2432 2082 192 80 gaaer

1643 2184 145 67 med
1834 2169 350 95 Billighed
2250 2165 196 81 kunde
2507 2188 85 55 an-

928 2283 129 94 sees
1110 2301 71 61 ar
1248 2278 193 97 skrive
1508 2278 23 78 i
1588 2272 313 97 Raserie,
1986 2279 87 72 da
2128 2277 75 71 de
2284 2267 189 99 fleeste
2528 2285 71 60 en-

927 2405 164 64 trere
1139 2387 22 76 i
1207 2381 220 95 Ting,
1483 2376 132 94 som
1661 2383 76 72 de
1783 2373 126 80 ikke
1951 2367 298 102 forstaae.

1079 2485 354 81 Saaledes
1517 2476 190 95 skrive
1789 2495 137 76 paa
2005 2476 416 76 nærværende
2499 2466 136 91 Tid

929 2607 242 74 mange
1221 2605 106 57 om
1378 2576 483 93 Landvæfenets
1892 2575 447 98 Forbedring,
2394 2581 107 70 der
2550 2566 57 81 ik-

930 2689 71 80 ke
1028 2695 150 69 veed
1210 2685 174 94 hvad
1418 2702 72 56 en
1524 2679 236 90 Tønde
1792 2677 356 96 Hartkorn
2182 2695 89 72 er,
2304 2689 178 63 enten
2522 2680 118 69 den

935 2793 197 91 ligger
1162 2805 132 73 paa
1329 2780 201 96 Loftet
1566 2788 142 73 eller
1745 2784 21 76 i
1805 2775 341 90 Marken,
2199 2791 179 62 enten
2419 2782 119 68 den
2575 2788 65 60 er

932 2891 222 92 «delig
1232 2891 144 71 eller
1444 2880 196 96 deraf
1718 2882 212 100 høstes
1990 2877 254 97 ædelige
2316 2872 324 100 Frugter:

934 2991 147 98 Jeg
1124 2985 279 81 erindrer
1436 3004 95 60 rer
1584 2985 137 92 vel,
1778 2999 71 64 at
1880 2978 101 94 for
2030 3004 37 70 z
2098 2999 41 56 a
2172 3000 47 66 4
2252 2975 139 79 Aar
2434 2974 193 92 siden,

935 3093 263 92 fortalte
1228 3109 72 56 en
1348 3087 108 77 vis
1515 3085 274 90 Mand,
1848 3098 70 61 at
1965 3089 109 70 der
2115 3095 123 58 var
2279 3072 205 96 nyelig
2537 3066 78 92 af-

937 3195 230 90 brendt
939 3195 228 82 brendr
1205 3194 176 90 nogle
1425 3184 276 92 Tønder
1761 3179 374 102 Hartkorn;
2191 3177 254 77 mindre
2503 3171 144 77 vide

939 3305 114 85 de,
1110 3295 175 94 hvad
1337 3290 184 80 dertil
1554 3288 213 94 horer,
1819 3304 80 75 og
1932 3279 303 98 hvordan
2280 3283 163 73 dens
2498 3286 151 63 rette

939 3397 218 94 Brug
1211 3411 88 60 er.
1399 3389 218 83 Andre
1651 3408 106 59 om
1791 3381 496 91 Oeconomien,
2339 3372 312 94 endffiont

939 3507 79 74 de
1045 3500 155 77 intet
1225 3492 320 96 forsaaer
1571 3484 215 96 deraf:
1825 3503 147 60 men
1997 3480 351 83 tvertimod
2367 3498 75 60 en
2473 3472 179 85 Deel

943 3597 79 106 af
1066 3609 144 76 dem
1260 3597 172 101 have
1468 3611 136 83 paa
1638 3587 408 100 uanstændig
2094 3581 264 85 Maade
2406 3573 241 103 forødet
