3006 4645
1706 491 72 72 (i

2160 485 91 73 JJ)

1089 681 312 88 Beboere
1435 681 20 78 i
1485 701 78 60 en
1601 677 206 102 Bye,
1863 703 78 74 og
1977 687 72 76 de
2083 683 118 96 fire
2247 681 184 104 stulle
2473 681 164 98 have
2681 689 160 80 deres

1087 817 262 96 Jorder
1381 815 222 94 længst
1641 819 164 92 ude,
1859 813 136 92 som
2051 819 100 74 der
2185 813 208 98 heder,
2447 831 72 62 ar
2555 821 116 74 den
2697 819 140 98 flerre

1091 947 194 98 Jord
1321 967 100 74 er,
1475 967 80 74 og
1597 951 102 74 der
1737 967 64 58 er
1831 949 362 92 naturligt,
2249 951 222 74 arden
2523 967 62 58 er
2635 949 204 96 flettere

1089 1085 126 74 end
1253 1085 122 72 deri
1425 1083 120 76 ved
1591 1077 258 98 Byen,
1907 1085 118 74 ved
2065 1085 102 74 det
2205 1095 70 62 at
2343 1085 120 76 den
2505 1085 116 76 ved
2653 1079 186 100 Byen

1093 1233 66 58 er
1189 1211 20 78 i
1245 1209 424 98 Nærheden,
1721 1231 78 74 og
1835 1207 194 98 oftere
2069 1209 204 80 bliver
2315 1211 218 92 giødet
2567 1231 74 76 og
2683 1211 154 84 bedre

1095 1343 262 94 dyrket,
1433 1345 290 76 desuden
1775 1347 120 72 ved
1951 1349 102 70 der
2107 1355 72 64 at
2225 1341 440 92 Creaturene,
2723 1343 114 92 som

1095 1477 188 90 idelig
1309 1491 204 74 ganer
1561 1473 74 78 til
1677 1495 80 72 og
1791 1469 110 96 fra
1933 1469 260 98 Byen,
2243 1495 78 72 og
2381 1475 212 92 holder
2639 1479 82 94 sig
2749 1483 90 74 der

1099 1625 164 74 oppe
1303 1601 428 96 vmMorgen
1777 1625 82 74 og
1899 1601 246 96 Aften,
2195 1605 134 90 som
2361 1605 478 98 Faar,'Svim

1097 1759 82 72 og
1207 1733 220 94 Gies,
1485 1737 108 76 der
1637 1735 194 96 ligger
1863 1737 144 78 inde
2047 1757 106 60 om
2197 1735 308 98 Natten,
2539 1759 76 74 og
2649 1733 192 96 altsaa

1099 1873 122 76 ved
1263 1875 102 72 det
1397 1881 72 66 at
1505 1869 168 78 Urin
1707 1889 78 76 og
1823 1867 256 84 Skarn
2113 1871 186 94 idelig
2345 1871 186 78 tabes
2561 1875 136 90 der,
2741 1867 98 96 faa

1099 2019 72 64 at
1219 2007 160 86 den,
1429 2003 108 78 der
1591 2015 64 62 er
1703 2005 124 76 ude
1883 2009 118 74 ved
2053 2001 248 82 Marke
2339 2037 24 34 *
2411 2003 240 94 Skiel,
2723 2023 94 58 om-

1099 2135 334 96 endffiønr
1495 2137 120 76 den
1675 2155 62 60 er
1787 2131 78 96 af
1907 2133 324 84 Naturen
2287 2135 220 96 bedre,
2571 2135 122 80 kan
2733 2141 108 88 dog

1099 2275 188 86 langt
1339 2261 108 96 fra
1513 2263 124 82 ikke
1687 2267 182 90 svare
1919 2267 72 78 til
2037 2273 120 74 den
2215 2273 214 76 anden
2463 2267 100 96 for
2601 2287 214 60 nærvæ-

1095 2405 194 80 rende
1309 2397 178 98 Tid,
1537 2417 148 60 men
1725 2401 146 78 ville
1903 2397 184 94 snart
2123 2421 132 72 paa
2295 2405 188 92 nogle
2517 2401 140 80 Aar
2687 2399 126 80 kom-

1095 2553 102 62 me
1233 2535 16 76 i
1289 2529 298 96 Stand,
1645 2553 174 58 naar
1857 2553 76 58 en
1973 2531 236 82 Mand
2253 2533 144 78 kom
2445 2537 88 76 ud
2581 2533 68 78 til
2695 2535 146 90 den,

1091 2689 84 74 og
1225 2667 20 76 i
1295 2663 318 96 Længden
1663 2683 324 78 overgaae
2043 2671 120 76 den
2219 2673 254 90 anden;
2539 2683 142 60 men
2731 2679 106 60 var

1093 2805 104 74 det
1229 2803 122 76 end
1383 2795 152 96 fan,
1567 2815 72 60 at
1685 2803 120 74 den
1839 2797 18 80 i
1887 2799 90 94 sig
2013 2797 122 92 selv
2167 2821 78 74 og
2283 2795 412 98 afNaturen
2729 2813 110 60 var

1091 2933 272 96 flettere,
1433 2943 252 66 maatte
1735 2935 114 90 de,
1887 2927 132 94 som
2079 2935 260 92 støttede
2403 2935 88 76 ud
2537 2951 130 74 paa
2713 2923 126 100 disse

1093 3065 226 96 længst
1355 3061 444 96 bortliggende
1835 3059 304 100 Jorder,
2197 3063 166 98 have
2401 3085 78 74 og
2541 3061 142 96 faae
2751 3065 62 74 de-

1087 3201 96 94 sto
1239 3215 172 60 mere
1439 3191 78 100 af
1563 3201 164 92 den,
1797 3193 234 98 hvilket
2063 3191 80 98 af
2183 3193 274 98 kyndige
2492 3175 240 114 Mand
2769 3209 68 76 og

1087 3327 582 86 Land-Mankere
1725 3341 250 66 maatte
2027 3321 382 102 fastsættes,
2477 3327 130 94 som
2649 3325 186 80 kunde

1087 3477 206 82 meget
1327 3467 102 74 vel
1459 3461 268 98 udfinde
1751 3461 218 84 Raad
2007 3461 330 96 derimod,
2377 3475 72 66 at
2479 3461 184 94 ingen
2689 3455 122 102 For-

1089 3595 324 96 nærmelse
1447 3595 200 98 stede,
1689 3615 80 76 og
1813 3591 178 102 hvad
2025 3595 104 82 det
2161 3611 128 66 var
2310 3573 531 120 angaaende-sat
2773 3599 62 66 at

2623 3727 112 84 den
