2915 4570
142 636 157 86 Der
330 637 181 94 heder
546 635 121 81 nok
702 640 69 74 de
798 634 197 94 koster
1030 634 197 93 intet,
1282 651 155 60 men
1484 634 71 78 de
1582 630 197 98 koster
1814 635 97 78 alt

143 768 100 98 for
271 783 222 80 meget,
529 771 116 76 ved
667 772 118 72 den
807 768 160 94 store
987 764 254 83 Skade
1271 771 74 74 de
1361 759 436 99 foraarsager.

337 897 222 96 Tager
601 917 162 59 man
805 898 248 94 endelig
1109 903 122 76 den
1287 895 130 96 hele
1449 892 408 102 Forfatning
1889 907 22 78 i

149 1028 487 97 Betragtning,
685 1032 85 74 da
809 1032 227 78 moder
1079 1027 131 84 ikke
1239 1031 199 76 andet
1473 1030 123 76 end
1633 1026 278 100 Forvir*

144 1164 140 93 ring
318 1181 80 74 og
428 1161 304 95 Uorden,
768 1160 168 96 hvor
972 1182 164 59 man
1178 1161 240 76 vender
1448 1155 274 85 Ørnene
1758 1160 148 97 hen,

148 1314 76 72 og
262 1291 126 82 ikke
428 1293 72 80 til
538 1297 120 74 den
694 1290 194 100 halve
924 1290 220 100 Nytte
1178 1313 78 74 og
1300 1289 274 100 Fordeel
1606 1304 188 66 enten
1836 1287 80 98 af

146 1422 173 96 Ager
366 1427 141 78 eller
560 1427 197 95 Eng,
812 1424 169 94 samt
1024 1422 201 96 fælles
1278 1421 415 99 Græsning,
1776 1422 135 92 som

145 1556 182 98 flulle
365 1555 214 84 kunde
607 1577 80 75 og
719 1556 202 82 burde
953 1574 170 63 være
1159 1555 272 98 Fordeel
1463 1550 104 98 for
1609 1552 308 84 Bonden

145 1696 109 69 om
279 1685 450 97 Sommeren,
749 1708 148 58 men
941 1692 102 76 det
1077 1687 204 78 bliver
1315 1685 114 94 saa
1465 1688 120 78 ilde
1627 1684 260 100 behand-

147 1822 85 76 let
263 1817 353 98 afSviin,
645 1817 133 95 som
811 1816 109 98 for
953 1840 63 58 er
1049 1823 277 90 meldet,
1381 1815 167 96 samt
1579 1824 73 76 de
1695 1820 223 97 øvrige

146 1948 364 101 Creature,
588 1949 134 94 som
778 1950 204 82 bliver
1028 1950 176 97 jaget
1252 1955 90 76 ud
1420 1972 172 58 naar
1640 1950 274 98 Jorden

150 2086 222 79 endnu
406 2103 64 60 er
518 2088 220 90 vaad,
832 2104 78 76 og
958 2088 86 74 da
1088 2081 288 92 saaledes
1416 2090 228 74 træder
1686 2104 76 76 og
1798 2104 88 61 va-

152 2222 153 91 der,
356 2219 85 76 da
484 2219 107 74 der
624 2220 221 74 endnu
906 2212 269 98 hverken
1208 2215 257 81 kiendes
1512 2216 215 82 Græs
1766 2222 147 77 eller

149 2346 282 99 Grode,
476 2366 96 92 og
597 2351 108 76 der
739 2344 126 82 ikke
899 2344 302 92 saasnart
1235 2345 130 80 kan
1409 2346 244 100 opspire
1685 2366 230 85 noget,

147 2476 234 96 førend
423 2483 100 74 det
573 2499 66 58 er
685 2476 222 94 afbidt
953 2481 152 76 need
1141 2481 20 76 i
1211 2483 122 78 den
1379 2477 160 96 sorte
1563 2480 228 100 Jord,
1843 2484 74 95 ja

151 2625 175 65 reent
379 2609 291 96 oprykket
721 2614 143 76 med
917 2610 285 95 Roden,
1271 2611 115 94 saa
1445 2617 107 77 der
1613 2614 125 80 ikke
1785 2614 135 83 kan

152 2738 168 82 blive
352 2757 186 78 noget
584 2743 72 78 til
692 2748 100 74 det
828 2742 130 96 ufle
992 2740 334 99 Creatur,
1378 2763 148 63 men
1578 2750 104 78 det
1714 2769 202 73 gaaer

146 2870 378 97 kummerlig
560 2877 120 76 den
714 2872 160 98 beste
914 2872 136 90 Tid
1084 2871 78 98 af
1186 2873 460 103 Sommeren,
1702 2902 80 74 og
1815 2878 69 95 fo-

146 3007 251 100 gerdet
148 3024 107 74 ger
298 3009 99 74 det
446 3005 146 78 lidet
634 3004 70 80 til
740 3002 217 84 Livets
994 3002 331 103 Ophold,
1377 3007 114 94 faa
1544 3014 103 78 det
1680 3032 63 58 er
1788 3012 131 80 ikke

151 3148 72 62 at
261 3139 204 76 undre
497 3155 174 75 paa,
703 3150 70 64 at
807 3140 102 78 det
939 3158 66 60 er
1043 3139 198 102 uselt,
1269 3141 216 94 smaat
1525 3164 78 76 og
1635 3159 282 82 magert,

150 3282 85 76 og
275 3265 116 90 seer
419 3269 244 95 elendig
719 3274 108 76 ud.

347 3391 442 98 Desforuden
825 3422 175 62 naar
1041 3402 391 95 smitsomme
1473 3408 447 94 Sygdomme

152 3520 280 89 kommer
462 3547 128 78 paa
612 3529 264 101 Ovæg,
894 3530 200 101 Heste
1126 3559 80 74 og
1226 3537 216 98 Faar,
1460 3560 66 62 er
1560 3544 102 78 det
1702 3538 218 94 gierne

956 3662 90 88 B
1092 3691 52 72 4
1744 3684 82 62 en
