2947 4514
2161 409 96 88 s

1225 437 104 92 18

1069 607 314 96 aarsager
1415 609 130 94 stor
1579 603 274 86 Skade.
2007 605 176 100 Ikke
2223 623 74 64 at
2329 607 128 80 tale
2495 625 106 60 om
2633 607 214 92 Tøirer

1071 739 246 98 Heste,
1363 739 136 94 som
1555 733 230 101 saaer
1839 739 118 98 hist
2023 763 80 72 og
2187 739 110 100 her
2363 739 296 98 omkring
2723 767 118 74 paa

1065 869 296 98 Oragre
1425 867 276 86 imellem
1755 869 314 100 Sæden,
2179 871 138 94 som
2369 871 284 82 kommer
2699 879 134 98 lose,

1073 1029 82 74 og
1195 1027 204 74 gaaer
1437 1027 80 74 og
1551 1009 244 92 vader,
1849 1027 80 74 og
1977 1003 220 94 flæber
2231 984 309 110 Tøi-rene-
2571 1007 268 102 omkring

1071 1143 22 78 i
1113 1137 316 100 Sæden,
1489 1159 80 74 og
1611 1135 420 98 foraarsager
2061 1139 206 90 større
2287 1133 252 84 Skade
2573 1143 260 98 dermed,

1069 1277 126 76 end
1229 1277 102 76 der
1367 1277 74 76 de
1465 1275 188 74 æder.
1759 1267 228 98 Hvad
2011 1267 236 84 Sviin
2289 1289 314 76 angaaer,
2625 1271 110 98 har
2765 1281 66 74 de

1073 1425 78 58 en
1169 1401 252 96 Slags
1441 1399 358 98 Rettighed
1841 1401 78 78 til
1939 1399 370 100 Vangen;
2357 1401 94 96 rhi
2497 1407 94 74 det
2627 1407 206 96 heder,

1075 1549 74 66 at
1187 1539 74 74 de
1300 1530 190 94 faaes
1527 1535 116 76 ind
1693 1555 82 72 og
1819 1533 216 96 hostes
2073 1537 110 76 ud.
2329 1531 160 88 Det
2521 1535 168 96 heder
2719 1537 114 82 nok

1075 1681 74 66 at
1185 1671 110 74 der
1331 1685 64 60 er
1433 1663 210 98 Byes
1687 1667 140 84 Ret
1863 1687 80 76 og
1991 1663 244 98 Skiel,
2287 1671 146 76 med
2467 1681 70 66 at
2563 1669 176 96 skrive
2761 1693 70 74 og

1073 1815 228 80 pante,
1327 1817 148 60 men
1513 1797 188 100 hvem
1729 1797 290 82 kommer
2039 1795 254 96 saadan
2321 1799 232 82 Mulct
2573 1799 256 96 tilgode?

1067 1927 680 100 Kroe--Mændene,
1801 1951 80 76 og
1927 1927 128 100 ofte
2119 1927 420 100 foraarsages
2591 1935 232 80 dobbelt

1071 2063 212 86 Onde
1313 2071 148 74 med
1515 2061 436 100 Liderlighed,
1999 2063 148 84 Kiv
2199 2087 80 72 og
2317 2065 238 82 Strid.

1277 2195 218 84 Naar
1535 2201 104 74 der
1661 2195 292 82 kommer
1989 2197 74 78 til
2083 2193 302 102 Høsten,
2411 2201 86 76 da
2533 2195 292 98 begynder

1067 2333 76 72 de
1183 2325 136 94 som
1375 2327 124 98 har
1545 2333 102 76 det
1681 2331 186 94 lidet,
1921 2351 80 74 og
2051 2327 214 94 altsaa
2305 2335 120 76 ved
2473 2335 98 76 det
2619 2335 68 76 de
2717 2331 106 98 har

1065 2461 180 96 saaet
1281 2457 210 102 først,
1539 2461 306 94 saasnart
1893 2477 72 66 at
2003 2467 184 76 deres
2223 2461 190 82 Sæd
2461 2469 360 90 nogenledes

1067 2615 66 60 er
1175 2595 226 94 tienlig
1447 2595 74 78 til
1557 2611 72 64 at
1661 2597 212 96 høste,
1917 2601 88 76 da
2045 2601 74 74 de
2153 2599 204 76 andre
2389 2615 190 60 maae
2609 2595 182 94 begyri-

1065 2731 76 78 de
1175 2731 186 92 med,
1397 2741 190 66 enten
1623 2745 74 62 at
1737 2733 186 76 deres
1949 2727 192 86 Sæd
2177 2749 66 60 er
2263 2729 214 94 tienlig
2507 2733 138 76 eller
2675 2727 142 98 ikke,

1063 2857 106 96 for
1207 2875 74 66 at
1313 2865 120 76 den
1467 2857 128 80 ikke
1629 2875 178 64 reent
1829 2861 128 94 ffak
1987 2867 260 92 opædes
2285 2859 532 98 afCreaturerne;

1063 3013 148 58 men
1247 2999 72 72 de
1351 2987 190 98 faaer
1579 3013 76 56 en
1691 2991 230 100 Sæd,
1957 2993 138 94 som
2129 2993 128 82 ikke
2297 3015 64 58 er
2399 2989 414 98 fuldkommen

1065 3145 80 74 og
1183 3125 222 96 tienlig
1439 3125 74 78 til
1547 3139 72 66 at
1649 3123 186 100 saae,
1885 3147 82 76 og
2017 3123 418 98 foraarsager
2481 3131 158 72 onde
2675 3121 116 102 Føl-

1063 3279 146 76 ger,
1243 3277 174 60 naar
1463 3277 76 58 en
1571 3255 242 84 Mand
1843 3257 128 80 ikke
2005 3259 244 94 indseer
2281 3265 144 90 det,
2453 3279 76 74 og
2561 3253 250 100 foruden

1063 3405 74 66 at
1171 3387 134 96 han
1341 3389 124 100 har
1493 3387 178 82 kuns
1707 3389 160 100 halv
1899 3389 220 100 Nytte
2161 3389 194 98 deraf
2379 3393 20 78 i
2435 3387 350 102 Hulhold-

1063 3523 282 100 ningen,
1389 3527 292 80 desuden
1717 3527 124 80 den
1879 3523 472 102 Fornærmelse
2385 3529 124 80 den
2541 3543 104 60 ene
2673 3533 136 66 over

2559 3655 166 82 imod
