2998 4627
1121 443 51 74 6

1 848 323 108 Bll'/

1945 490 97 43 «2

1335 642 94 80 rie
1459 672 20 40 -
1502 637 379 96 Trældom,
1956 641 175 76 deels
2182 632 109 96 fra
2338 629 505 100 Sokdaterstam

1335 778 123 76 den
1489 795 73 58 rc.
1615 775 215 96 hellere
1859 773 215 96 giver,
2131 768 178 98 hvad
2361 773 72 72 de
2469 762 122 96 selv
2629 762 215 97 haver,

1327 925 84 76 og
1442 906 122 79 kan
1598 905 146 96 faae
1778 920 72 64 at
1884 909 228 87 laane,
2158 920 78 76 og
2274 893 290 96 saaledes
2598 896 242 95 bringer

1324 1038 95 100 sig
1470 1038 119 95 selv
1637 1061 80 75 og
1748 1040 127 98 sine
1908 1037 21 80 i
1961 1057 72 62 en
2071 1032 428 100 gieldbunden
2530 1026 311 97 Tilstand.

1120 1283 74 100 d)
1226 1283 160 87 Det
1414 1282 128 81 kan
1566 1281 122 96 skee
1760 1282 114 94 saa
1906 1289 196 84 længe
2132 1282 208 80 Loven
2372 1281 278 97 tillader,
2684 1283 158 78 uden

1324 1412 501 98 Jndffrænkelse
1873 1431 82 76 og
1998 1411 501 93 Bestemmelse,
2573 1426 74 64 at
2705 1429 136 76 kage

1325 1540 498 98 Jndfæstnings
1851 1574 18 36 -
1903 1541 230 96 Penge
2189 1538 79 94 af
2327 1538 510 90 Bondestanden

1326 1678 124 74 ved
1502 1671 286 84 Gaarde
1834 1678 138 72 eller
2028 1670 226 94 Huses
2292 1667 414 94 Tiltrædelse,
2750 1669 82 96 thi

1321 1824 175 61 naar
1549 1823 108 62 een
1713 1806 140 76 eller
1907 1807 248 85 anden,
2210 1796 125 91 ofte
2390 1793 79 98 af
2510 1800 323 91 tvingende

1321 1938 355 93 Aarsager,
1731 1938 90 76 vil
1859 1934 162 93 have
2053 1933 91 95 sig
2177 1952 76 58 en
2271 1930 284 94 Boepæl
2591 1928 216 99 afJor-

1320 2067 548 101 degods-Eierne
1900 2067 20 76 i
1948 2063 242 98 Fæste,
2256 2082 162 59 maa
2458 2069 116 71 den
2616 2064 184 99 Fæste-

1318 2202 425 96 Antagende,
1799 2216 180 62 enten
2029 2197 165 93 srax
2245 2198 140 77 eller
2411 2196 236 96 aarlig,
2694 2203 101 72 der-

1309 2332 109 100 for
1445 2338 201 78 betale
1677 2333 111 91 saa
1829 2347 245 78 meget,
2153 2326 132 94 som
2327 2347 72 58 en
2449 2328 223 97 ubillig
2687 2327 107 86 Be-

1306 2467 352 99 gierlighed
1688 2466 90 78 vil
1814 2462 368 98 foreskrive,
2236 2462 282 96 hvorved
2556 2468 116 72 den
2704 2481 88 60 me-

1307 2604 148 92 nige
1472 2602 235 81 Mand
1728 2596 377 96 forarmes,
2167 2616 80 74 og
2279 2604 76 69 de
2384 2590 429 101 Jndfæstende

1305 2730 185 100 oftest
1523 2735 287 94 henleve,
1869 2738 149 71 dets
2067 2725 331 98 Aarsage,
2453 2723 135 97 som
2635 2725 151 98 gield-

1302 2869 264 81 bundne
1598 2863 302 86 Slaver.

1091 3103 67 102 e)
1191 3101 158 90 Det
1381 3100 189 96 ffeer,
1639 3095 113 96 faa
1791 3100 198 89 længe
2017 3087 788 101 Udffrivnings-Maadm

1296 3233 216 95 saavel
1558 3239 124 78 ved
1730 3225 454 87 Land-Etaren
2222 3222 132 92 som
2387 3220 416 87 See-Staten

1291 3386 68 62 er
1408 3386 139 74 paa
1594 3383 91 60 nu
1720 3365 293 77 værende
2044 3357 193 99 Fod;
2286 3365 87 70 da
2406 3361 103 76 det
2538 3355 263 96 vitterlig

1289 3506 382 94 dependerer
1697 3492 79 102 af
1797 3488 687 108 Jordegvds-Eierne,
2527 3506 70 66 ak
2625 3486 174 100 frem-
