2988 4611
1230 507 112 92 28

1098 679 144 74 eller
1282 673 274 91 Sand,
1654 690 78 76 og
1804 670 148 90 faae
2016 676 102 74 det
2186 671 184 92 jevnt
2438 675 130 86 ud,
2656 677 80 75 da
2784 698 64 60 en

1090 805 249 90 Tønde
1370 803 185 82 Land
1592 802 125 80 kan
1759 804 212 94 gierne
2016 799 269 94 befaaes
2339 805 144 78 med
2519 823 92 58 tre
2647 805 66 77 til
2748 806 95 92 fire

1093 939 278 100 Pund,,
1403 939 112 92 ja,
1571 942 114 72 der
1749 958 62 56 er
1857 940 106 74 vel
2029 940 72 74 de
2151 941 108 72 der
2327 935 146 78 ville
2525 935 316 99 indvende,

1093 1077 104 76 det
1251 1073 148 76 ville
1475 1067 174 95 falde
1705 1084 190 80 noget
1945 1066 262 98 kostbar
2259 1083 72 62 at
2395 1065 182 80 kiobe
2633 1071 66 76 til
2753 1080 90 84 syv

1095 1203 280 90 Tønder
1411 1203 188 82 Land
1637 1200 116 96 sire
1775 1198 224 100 Pund
2029 1198 72 80 til
2141 1199 222 94 hvert.,
2419 1195 130 92 som
2587 1219 116 62 var
2737 1220 106 62 otte

1095 1359 81 70 og
1210 1337 124 75 ride
1365 1335 235 84 Bund
1637 1336 70 74 til
1769 1334 154 92 hver
1965 1329 251 86 Mark,
2265 1351 148 56 men
2449 1335 111 76 lad
2605 1349 151 63 være
2785 1352 63 62 at

1098 1489 162 58 ruan
1318 1465 126 80 ikke
1488 1467 130 75 kan
1668 1462 412 80 overkomme
2127 1461 112 91 saa
2292 1481 242 78 meget,
2586 1465 100 90 faa
2730 1466 116 80 kan

1098 1603 104 76 det
1238 1615 174 62 være
1448 1596 124 79 nok
1592 1648 22 44 ,
1666 1616 72 60 ar
1780 1602 120 72 den
1942 1598 188 94 halve
2188 1601 144 74 eller
2378 1599 190 76 tredie
2602 1597 244 100 Parten

1100 1731 142 80 blev
1292 1729 216 95 strået,
1586 1730 70 78 til
1704 1746 72 62 at
1840 1752 164 56 man
2046 1728 124 94 felv
2204 1727 210 82 kunde
2458 1729 192 92 famle
2686 1730 158 100 Fro,

1096 1859 138 94 fom
1290 1861 126 78 ikke
1478 1882 64 56 er
1626 1864 392 96 vanskeligt,
2112 1883 174 58 naar
2350 1883 162 60 man
2574 1867 166 77 lader
2798 1878 50 66 et

1098 1993 273 94 Stykke
1420 1996 177 101 saae
1651 1998 70 76 til
1776 2002 101 72 der
1926 1996 203 79 bliver
2177 2001 100 74 vel
2323 2009 252 80 moent,
2642 1992 203 97 hvilket

1091 2129 262 80 kiendes
1409 2135 286 89 derpaa,
1756 2149 178 59 naae
1985 2136 142 72 dets
2183 2127 332 96 Stengler
2589 2149 74 74 og
2711 2122 132 98 Top

1093 2285 64 56 er
1191 2261 246 96 brunt,
1495 2280 80 76 og
1607 2266 82 74 ler
1729 2266 178 76 lader
1957 2264 88 94 sig
2079 2259 274 96 brække,
2411 2283 78 72 og
2527 2257 198 100 Froet
2759 2256 60 82 be-

1087 2401 250 88 gynder
1387 2409 74 62 at
1511 2398 276 92 gulnes,
1839 2400 84 74 da
1981 2392 242 100 hugger
2277 2415 160 58 man
2493 2397 98 76 det
2631 2387 98 97 af,
2777 2412 64 72 og

1089 2533 181 74 lader
1319 2531 105 74 det
1475 2532 102 72 vel
1611 2538 257 80 tørres,
1923 2548 79 74 og
2037 2528 111 94 faa
2205 2529 223 78 binder
2463 2529 103 76 det
2601 2525 19 78 i
2647 2523 175 95 Knip-

1084 2681 164 76 per,.
1288 2681 80 74 og
1402 2663 204 92 legger
1646 2666 102 74 der
1784 2682 138 72 paa
1958 2678 56 62 er
2052 2677 138 63 tort
2218 2657 142 94 Loft
2398 2665 140 74 eller
2574 2653 266 97 Stenge,

1086 2815 82 76 og
1214 2799 180 74 lader
1448 2799 104 74 det
1602 2794 160 94 ligge
1812 2796 122 94 hen
2004 2794 176 80 imod
2225 2777 283 110 sum-;-
2550 2795 82 74 da
2700 2806 142 60 man

1088 2925 244 94 tærsker
1386 2929 102 74 det
1528 2920 80 98 af
1650 2946 138 72 paa
1840 2942 58 62 er
1938 2924 258 96 Lagen,
2252 2945 80 76 og
2386 2921 302 98 opfanker
2718 2924 124 90 det,

1086 3079 80 74 og
1210 3048 442 90 kommer'det
1704 3058 20 78 i
1774 3074 228 82 noget;
2050 3056 92 95 thi
2194 3061 104 74 det
2346 3057 92 78 vil
2486 3061 212 76 endnu
2736 3050 106 78 ikke

1083 3213 168 76 gaae
1288 3187 229 98 fyldest
1551 3204 96 66 ret
1685 3186 114 98 as,
1847 3210 148 60 men
2031 3209 164 60 maa
2226 3187 269 98 hænges
2527 3193 114 74 ved
2660 3183 157 85 Var-

1083 3345 188 76 men,
1321 3319 102 98 for
1475 3336 96 64 ret
1619 3336 72 64 at
1739 3332 218 70 tørres
2015 3322 360 99 igiennem,
2441 3329 84 74 da
2575 3340 154 61 man
2775 3320 66 74 let

1081 3455 130 82 kan
1267 3459 188 92 gnide
1501 3458 104 76 det
1655 3450 110 100 af,
1825 3476 78 74 og
1947 3454 114 94 faa
2123 3453 192 92 blæse'
2353 3459 146 76 eller
2549 3447 178 97 drifte
2757 3452 84 76 det

1081 3611 200 62 urene
1331 3587 142 100 fra,
1525 3610 78 72 øg
1661 3588 270 102 giemme
1965 3590 174 98 siden
2177 3585 210 102 Frøet
2429 3607 138 76 paa
2619 3599 54 66 et
2725 3592 116 68 tørt

2535 3715 223 95 Sted,
