3001 4624
746 442 547 92 $===£
1690 486 115 90 Z7

161 643 178 100 hans
377 646 392 95 Creamrer,
821 643 134 96 som
991 642 266 80 trækkes
1301 645 72 76 til
1405 641 528 97 Kiøbstæderne,

159 776 195 98 ogsaa
391 778 173 96 hans
585 776 325 101 Foering,
943 775 134 93 som
1108 775 203 94 gaaer
1349 775 127 96 bag
1519 771 193 99 efter,
1773 774 160 92 ham

158 911 72 78 til
286 910 164 94 desto
498 910 200 98 større
732 905 196 98 Tab,
982 908 114 90 saa
1164 926 162 60 man
1372 907 284 98 behøver
1700 906 128 80 ikke
1860 924 74 60 at

160 1041 274 97 beskylde
510 1061 208 76 nogen
786 1037 104 98 for
952 1045 122 77 den
1136 1042 398 93 utilladelige
1588 1038 342 96 Udførsel,

156 1171 133 94 som
348 1172 343 119 adskillige
728 1191 169 62 troer
964 1196 65 58 er
1075 1171 397 101 Aarsager-,
1556 1177 87 76 da
1690 1172 241 96 enhver

157 1325 170 74 paar
383 1304 134 98 han
567 1303 434 99 eftertænker,
1043 1322 72 62 at
1165 1312 106 74 der
1305 1328 64 57 er
1431 1305 150 80 lidet
1627 1303 136 98 han
1805 1308 126 96 har

157 1451 70 66 at
273 1438 178 94 sælge
501 1456 80 74 og
629 1441 340 95 overlade,
1015 1434 132 82 kan
1183 1442 104 76 det
1335 1437 130 80 ikke
1495 1443 198 76 andet
1723 1456 210 84 være,

152 1574 122 76 end
309 1570 135 98 han
480 1588 162 61 maa
679 1573 165 94 have
881 1575 101 76 det
1008 1572 104 78 vel
1155 1570 239 97 betalt;
1440 1569 94 96 thi
1568 1575 186 75 ellers
1786 1574 150 86 ville

152 1707 104 80 det
286 1702 126 80 ikke
430 1698 246 102 forsiaa
698 1705 72 78 til
804 1701 178 94 hans
1000 1698 316 100 Udgifter.
1418 1699 160 88 Det
1596 1701 150 99 visse
1768 1704 168 104 Folk

154 1837 200 95 siger,
410 1848 72 66 at
510 1840 112 82 der
656 1853 66 68 er
758 1831 220 84 Guds
1000 1833 416 99 Velsignelse
1450 1855 136 74 paa
1618 1833 320 103 Jorden,

153 1987 84 75 og
281 1972 124 90 dog
445 1986 66 58 er
549 1986 78 77 og
661 1965 204 82 bliver
903 1971 100 76 det
1033 1972 222 90 dyrere
1303 1972 106 79 det
1441 1991 108 58 ene
1585 1967 148 84 Aar
1781 1966 154 98 efter

153 2101 104 80 det
287 2102 236 90 ander,
581 2106 88 71 da
701 2103 74 76 de
807 2115 114 78 got
955 2100 166 98 Folk
1155 2106 298 86 dømmer
1495 2099 310 101 derefter,
1861 2118 74 66 at

155 2237 71 82 de
275 2230 130 80 kan
451 2228 86 94 see
583 2245 58 64 et
687 2251 125 74 par
863 2229 166 99 Bye
1075 2232 289 83 Marker
1413 2239 143 82 eller
1611 2239 183 96 flere,
1845 2242 87 76 da

154 2371 104 78 det
308 2384 62 58 er
424 2362 348 97 vanskeligt
834 2381 72 60 at
960 2370 264 86 dømme
1272 2363 224 108 deraf,
1592 2367 340 100 hvorledes

154 2501 106 84 det
300 2496 92 78 vil
440 2494 140 96 give
614 2497 18 76 i
670 2495 396 99 Skieppen,
1118 2498 72 94 ja
1248 2505 206 92 endog
1490 2497 100 98 for
1622 2503 310 91 Bonden

156 2645 71 65 at
272 2636 259 74 dømme
578 2647 135 74 paa
764 2633 119 76 den
926 2627 309 103 Maade,
1290 2632 231 101 førend
1566 2639 137 100 han
1752 2642 149 84 kom-

153 2783 138 59 mer
325 2762 76 78 til
435 2776 70 66 at
549 2760 200 97 bruge
803 2767 136 76 den.

349 2892 114 98 Ja
523 2898 72 76 de
643 2909 112 80 got
803 2895 170 98 Folk
1019 2898 236 82 tænker
1309 2901 126 84 ikke
1489 2927 176 74 paa,
1747 2908 182 102 hvad

155 3023 181 84 Land
360 3058 24 38 -
421 3026 315 83 Manden
802 3051 160 59 maa
1037 3032 297 103 beholde,
1408 3041 22 78 i
1487 3039 277 85 Steden
1823 3040 105 94 for

156 3155 224 99 Melk,
442 3158 286 99 Smør,
780 3161 224 101 Kisd,
1056 3164 140 102 Ost
1248 3168 170 96 samt
1466 3169 220 103 Talg,
1792 3172 138 96 som

158 3287 130 96 han
348 3310 154 60 maa
552 3292 230 103 savne;
838 3297 272 97 Regner
1158 3320 164 62 man
1360 3319 72 66 at
1488 3307 156 94 hver
1684 3308 246 80 Mand

159 3419 202 98 haver
407 3438 122 64 otte
565 3422 318 103 Høveder
931 3434 256 80 mindre
1241 3441 122 74 end
1415 3435 268 101 tilforn,
1737 3460 82 72 og
1855 3450 74 68 at

153 3557 114 86 der
323 3556 220 84 iblant
597 3577 158 68 vare
799 3579 90 66 tre
929 3562 282 84 Malke-
1243 3564 236 101 Kior,
1535 3591 82 74 og
1657 3586 74 62 at
1771 3568 158 94 hver

929 3695 63 85 C
1047 3720 35 74 z
1675 3695 153 83 Koe

1811 4117 191 108 ß00"*S\
