3002 4671
131 684 196 80 bliver
351 681 266 84 Sæden
657 685 168 78 deels
861 688 120 78 ved
1017 681 484 99 Uagtsomhed,
1555 687 170 76 deels
1761 685 122 78 ved

133 816 283 84 Vinden
451 815 191 95 bragt
691 819 111 78 ind
839 837 133 75 paa
1017 814 341 85 Naboens
1397 816 189 85 Side
1607 848 23 38 -
1671 814 213 101 Ager,

134 970 70 60 en
238 950 70 76 til
338 965 85 78 to,
446 952 100 74 vel
582 962 88 64 tre
692 947 193 103 Alen,
910 970 77 76 og
1020 946 106 99 fra
1168 951 178 96 hans
1382 952 186 95 igien,
1590 970 136 74 paa
1762 954 124 77 den

137 1086 278 87 andens,
465 1083 68 75 til
561 1080 226 95 begges
831 1079 288 98 Skade,
1169 1081 112 94 saa
1319 1084 140 79 vidt
1493 1087 100 72 det
1631 1078 256 101 treffer;

134 1212 82 98 thi
251 1216 67 76 de
350 1217 96 74 eré
483 1211 185 97 begge
703 1213 277 95 fortrykt
1004 1236 80 75 og
1121 1213 303 97 forsaaet,
1457 1215 111 94 faa
1606 1220 148 74 vidt
1783 1218 103 77 det

130 1344 307 93 kommer,
470 1339 275 97 foruden
782 1363 71 62 ar
874 1348 269 82 Sæden
1164 1349 203 79 bliver
1400 1370 193 59 ureen
1616 1372 77 72 og
1718 1346 165 98 fpilt.

317 1473 328 83 Kommer
679 1479 68 78 vi
783 1479 74 78 til
893 1486 120 74 den
1047 1477 240 99 forrige
1323 1485 268 76 omtalte
1613 1480 272 97 Ulighed

126 1606 18 78 i
162 1604 448 98 Hartkornet,
660 1612 84 77 da
774 1613 206 94 flyder
1020 1618 98 73 det
1150 1608 218 102 deraf,
1406 1629 70 64 at
1508 1619 72 76 de
1612 1620 106 74 der
1760 1614 124 97 har

126 1738 185 80 ikkun
354 1747 103 72 det
486 1742 147 78 lidet
660 1761 71 60 ar
768 1743 297 98 bestride,
1116 1765 77 76 og
1242 1744 125 82 ikke
1394 1763 191 64 rener
1616 1748 89 96 sig
1734 1742 151 99 efter

127 1870 323 97 Naboer,
501 1892 184 61 euren
729 1879 72 74 de
833 1895 96 61 ere
959 1876 264 97 færdige
1263 1884 142 74 eller
1447 1877 159 97 ikke,
1655 1880 68 92 ja
1761 1900 94 57 un-

128 2008 282 77 dertiden
446 2003 282 98 hverken
780 2006 232 82 tænker
1070 2031 134 72 paa
1244 2010 214 88 Tiden
1496 2017 142 73 eller
1670 2008 186 88 Veir-

130 2138 125 94 lig,
326 2137 319 94 begynder
700 2138 212 94 altsaa
967 2147 186 90 nogle
1192 2139 259 100 Dage,
1522 2143 67 94 ja
1625 2166 76 58 en
1752 2144 131 97 heel

129 2270 129 92 Uge
305 2274 421 93 undertiden,
789 2269 235 98 førend
1093 2273 297 83 Naboen
1445 2277 127 80 kan
1633 2278 251 81 komme

126 2404 164 92 med,
318 2399 126 92 som
496 2400 120 98 har
652 2408 102 75 det
788 2422 202 80 meget
1022 2425 72 62 at
1130 2408 226 98 dyrke,
1390 2410 318 97 hvorover
1748 2410 134 99 han

131 2552 62 56 er
243 2537 132 74 nød
421 2535 70 76 til
535 2556 234 75 mange
807 2535 254 97 Gange
1103 2561 78 74 og
1241 2546 72 74 de
1353 2546 164 95 fleste
1561 2541 204 91 Tider
1809 2559 74 66 at

129 2664 203 94 stryge
383 2669 95 72 der
525 2688 147 59 over
725 2675 141 72 med
909 2668 195 98 Hare
1122 2705 20 34 -
1179 2673 267 99 Foden,
1487 2673 101 94 for
1637 2698 71 58 ar
1747 2678 135 95 han

134 2799 370 91 nogenledes
542 2800 126 78 kan
700 2801 252 81 komme
998 2809 254 77 med'ril
1284 2806 303 99 Hostens
1610 2810 165 90 Tid.

321 2927 212 96 Hvad
571 2930 246 84 Skade
873 2956 66 60 er
989 2936 124 81 ikke
1157 2945 118 75 den
1305 2943 350 94 velsignede
1691 2942 194 87 Sæd

128 3061 430 97 underkastet,
616 3088 78 75 og
734 3089 158 59 maa
940 3070 122 80 lide
1096 3075 18 76 i
1156 3077 118 75 den
1320 3072 136 90 Tid
1494 3081 120 75 den
1650 3096 240 81 vorer,

134 3208 75 72 og
256 3190 185 79 inden
496 3202 117 74 den
650 3198 199 83 bliver
894 3202 233 99 hostet,
1182 3202 79 98 af
1300 3206 397 100 Creaturer,
1750 3212 135 91 som

131 3340 96 58 ere
259 3318 564 113 Vange-vante,
861 3358 78 72 og
981 3340 246 80 tildeels
1271 3338 212 101 treffer
1525 3349 102 76 det
1663 3346 116 79 ind
1815 3359 78 66 at

130 3456 106 76 der
288 3452 276 88 kommer
608 3466 236 95 Regn,
918 3468 134 94 som
1124 3474 340 94 nedffyller
1516 3473 236 97 Dlger
1806 3499 82 72 og

98 3582 347 99 'Gierder,
498 3592 107 94 faa
661 3615 72 64 at
766 3599 357 84 Creaturer
1172 3603 285 84 kommer
1494 3611 113 75 ind
1645 3630 78 72 og
1756 3606 101 91 for-

925 3732 87 84 B
1467 3740 311 94 aarfager
