3009 4620
221 1832 20 66 I

2136 463 92 66 3:

1069 666 158 91 beste
1256 658 321 105 Hvis-Veir
1609 658 212 100 treffer
1875 661 152 96 ind,
2079 680 164 60 man
2281 656 102 96 for
2425 659 208 92 alting
2669 663 156 93 paffe

1065 804 145 91 det,
1265 811 189 64 enten
1497 795 135 97 han
1683 792 187 94 faaer
1917 795 369 94 hans'eget
2343 805 147 83 ager
2543 791 111 80 ind
2697 799 125 77 eller

1070 930 164 95 ikke;
1310 925 112 94 faa
1500 948 162 58 maa
1740 946 82 71 og
1894 947 74 56 en
2028 925 240 80 Mand
2344 940 168 62 være
2576 923 244 83 betænkt

1066 1082 182 76 paa,
1306 1075 72 64 at
1414 1059 208 98 hugge
1668 1060 98 92 sin
1812 1056 192 83 Sæd
2062 1077 112 58 om
2232 1052 426 101 altsammen,
2704 1079 90 57 vm-

1071 1193 332 92 endffiønt
1467 1206 74 62 at
1611 1196 106 74 der
1783 1188 212 81 kunde
2065 1207 170 60 være
2295 1194 186 88 nogle
2547 1189 272 94 Stykker

1073 1332 298 87 imellem,
1403 1323 138 92 som
1581 1322 206 80 burde
1821 1326 200 89 staae,
2053 1341 150 58 men
2241 1328 102 70 der
2373 1320 124 78 kan
2537 1321 132 78 ikke-
2695 1329 128 72 lade

1073 1464 93 92 sig
1201 1461 183 92 giøre
1411 1453 105 94 for
1535 1450 439 97 Tætningens
2009 1453 211 95 ffyld;
2253 1450 91 98 thi
2389 1454 129 94 han
2551 1453 117 78 kan
2709 1455 115 77 ikke

1072 1592 258 78 komme
1374 1587 72 78 til
1484 1602 72 60 at
1588 1584 232 96 tiende,
1848 1579 110 96 før
1992 1589 102 74 det
2132 1604 64 58 er
2230 1584 328 96 opbundet
2582 1585 212 90 altsam-

1076 1741 196 74 men,
1314 1725 88 74 da
1436 1717 110 80 der
1600 1736 242 74 mange
1862 1713 204 90 Tider
2100 1715 210 81 kunde
2360 1734 164 62 være
2542 1715 282 98 Leilighed

1079 1870 72 64 at
1191 1851 176 80 kiore
1403 1864 192 80 noget
1641 1852 114 76 ind
1805 1848 274 81 imellem
2117 1855 118 73 den
2269 1846 174 98 Tid,
2501 1871 76 74 og
2613 1865 66 62 at
2725 1871 76 56 no-

1075 2004 104 80 get
1207 1985 212 78 kunde
1450 1983 195 98 saae
1663 2002 78 74 og
1773 1980 168 81 blive
1975 1979 444 96 fuldkommen
2451 1985 270 94 modem,
2753 2004 72 70 og

1079 2118 217 93 altsaa
1329 2135 171 60 være
1551 2116 237 94 bierget
1837 2133 175 60 naar
2045 2115 205 93 Regn
2303 2112 207 96 falder
2555 2115 147 92 ind,
2751 2119 77 76 da

1078 2260 102 72 det
1220 2253 132 96 hele
1386 2271 80 72 og
1502 2244 390 94 altsammen
1922 2249 222 94 ligger,
2180 2246 112 90 fan
2330 2252 100 76 det
2468 2251 360 76 undertiden

1074 2405 166 61 maa
1296 2383 248 96 splittes
1576 2386 86 74 ad
1720 2378 104 96 for
1866 2395 70 64 at
1998 2388 259 86 tørres,
2314 2400 79 74 og
2426 2386 118 74 den
2582 2377 150 96 beste
2760 2396 69 74 og

1077 2517 326 94 modneste
1423 2513 256 82 Kierne
1715 2512 208 81 bliver
1963 2533 136 74 paa
2123 2510 318 96 Marken,
2463 2509 122 80 ikke
2617 2525 72 64 at
2717 2513 114 74 tale

1077 2672 110 58 om
1221 2647 400 84 Bælkornet
1681 2642 80 96 af
1779 2644 333 106 adskilige
2143 2643 286 93 Slags,
2481 2641 130 92 som
2653 2647 94 74 det
2773 2660 56 58 er

1077 2780 125 99 fast
1232 2781 322 91 umueligt
1586 2794 72 62 at
1689 2776 149 90 fane
1872 2799 136 74 paa
2053 2777 341 90 saadanne
2419 2774 279 83 Steder.

1278 2909 116 92 Til
1448 2911 178 96 hvad
1676 2910 220 94 Nytte
1960 2931 64 58 er
2090 2914 100 74 vel
2234 2908 272 94 Engene
2552 2911 16 74 i
2600 2905 228 92 saadan

1076 3043 435 105 Fælledffab,
1564 3044 179 78 imod
1784 3048 103 74 det
1924 3049 73 74 de
2028 3041 211 81 kunde
2294 3062 81 74 og
2414 3040 199 77 burde
2642 3053 191 75 være,

1081 3182 344 96 hvorledes
1457 3175 204 79 bliver
1695 3180 74 74 de
1803 3173 124 81 ikke
1973 3181 270 88 oprodet
2279 3170 76 94 af
2383 3169 266 96 Sviiy,
2681 3167 126 100 For-

1079 3332 82 78 øg
1181 3307 342 98 Efteraar,
1561 3312 102 76 der
1699 3310 186 96 heder
1921 3307 64 94 jo
2033 3311 72 76 de
2137 3307 212 79 kunde
2395 3326 78 73 og
2503 3302 181 96 skule
2713 3299 90 80 rin-

1078 3456 114 88 ges
1238 3441 148 96 efter
1426 3439 132 84 Lov
1598 3460 82 74 og
1714 3440 472 98 Forordning,
2238 3458 152 62 men
2444 3436 162 95 hvor
2646 3453 58 60 er
2736 3437 94 72 der

1080 3600 78 60 en
1180 3576 168 99 Bye
1378 3575 22 82 i
1432 3571 360 99 Sielland,
1812 3589 72 66 at
1912 3579 76 78 de
2018 3587 194 68 retter
2244 3576 146 80 dem
2426 3565 280 96 derefter,
2744 3569 88 74 det

2566 3699 177 102 heder
