2991 4568
1207 497 110 66 IO

1685 456 58 76 s
2069 452 160 76 --H

1067 654 150 79 dem
1251 673 94 58 nu
1379 655 132 93 ad,
1607 654 88 80 da
1761 658 74 76 de
1877 673 64 60 er
1985 651 284 80 kommet
2331 650 72 78 til
2439 646 274 101 Indsigt
2753 674 72 78 og

1072 784 380 98 Forstand,
1494 786 176 98 hvad
1702 805 216 61 mener
1948 781 110 100 I,
2108 799 72 64 at
2214 786 72 76 de
2318 784 92 78 vil
2440 780 214 94 svare!
2700 783 120 102 Jeg

1068 938 70 58 <r
1174 913 364 101 forsikkret,
1586 938 74 60 at
1688 924 72 74 de
1792 917 126 80 ikke
1962 913 128 80 kan
2132 928 224 82 negte,
2414 920 140 75 eller
2594 935 228 82 negter,

1072 1068 77 64 at
1194 1057 71 76 de
1312 1051 65 94 jo
1434 1069 161 61 vare
1644 1053 403 95 gjenstridige
2098 1051 73 75 til
2220 1050 185 78 deres
2442 1061 129 82 eget
2604 1045 221 104 Beste,

1071 1180 138 102 som
1257 1189 72 76 de
1377 1189 118 76 den
1534 1182 134 90 Tid
1717 1184 126 78 ikke
1887 1185 288 92 indsaae.

1277 1317 190 82 Mon
1515 1338 212 74 nogen
1765 1338 94 57 nu
1899 1321 92 76 vil
2025 1319 232 95 klage?
2311 1316 142 94 nei,
2495 1311 220 98 enhver
2743 1317 80 80 vi!

1076 1455 150 77 med
1246 1451 242 80 Mund
1528 1470 78 72 og
1624 1448 234 96 Hierte
1892 1451 306 94 udtrykke
2216 1450 90 94 sig
2342 1446 322 94 'saaledes:
2736 1447 88 82 At

1078 1590 188 76 deres
1302 1581 222 86 Børn
1578 1604 78 74 og
1710 1588 120 74 den
1876 1585 214 96 sildige
2146 1581 218 97 Slegc
2414 1584 90 76 vil
2570 1583 252 92 velsigne

1082 1716 195 100 ham,
1324 1711 139 96 som
1492 1714 225 82 tænkte
1750 1714 111 94 saa
1896 1721 101 76 vel
2036 1721 71 74 til
2138 1721 185 75 deres
2366 1714 247 97 Beste;
2658 1713 169 96 stulle

1081 1856 144 74 eller
1269 1847 210 84 kunde
1525 1854 106 76 der
1685 1866 170 68 være
1893 1855 74 76 de
2021 1855 256 89 endnu,
2331 1848 146 98 hvis
2513 1845 192 84 Sind
2751 1867 72 78 og

1075 1984 227 89 Villie
1355 1981 126 88 ikke
1531 2004 64 58 er
1639 1990 144 74 eller
1841 1985 92 78 vil
1983 1985 144 78 lade
2169 1984 86 94 sig
2321 1985 326 90 overtyde,
2697 1983 132 76 dem

1080 2141 160 61 maa
1270 2137 164 60 man
1472 2117 230 93 svare,
1758 2120 110 76 lad
1906 2119 142 76 dem
2087 2113 167 80 blive
2284 2114 18 78 i
2329 2112 263 98 Jericho
2628 2113 68 80 til
2738 2117 64 76 de-

1076 2266 108 68 res
1208 2251 226 94 Skieg
1480 2266 232 80 voxer;
1764 2268 148 61 men
1954 2245 66 100 I
2058 2247 148 98 hvis
2250 2244 204 86 Sind
2508 2267 76 74 og
2623 2241 203 97 Vilie

1074 2408 69 58 er
1198 2389 73 80 til
1308 2382 463 101 Forbedring,
1832 2383 179 78 lader
2048 2385 141 76 eder
2236 2378 125 82 ikke
2390 2377 261 99 strekke,
2698 2379 129 78 eller

1077 2521 188 95 holde
1297 2517 240 93 tilbage
1571 2512 80 98 af
1691 2520 72 76 de
1801 2510 606 100 Besværligheder,
2457 2508 64 99 I
2557 2505 272 98 forestille

1071 2650 140 98 Jer
1245 2665 70 62 at
1355 2649 148 78 ville
1537 2652 192 74 mode
1767 2652 140 74 eder
1929 2673 26 66 >
2015 2651 74 74 de
2125 2666 98 60 ere
2277 2644 258 95 virkelig
2567 2641 120 80 ikke
2725 2639 104 94 saa

1072 2803 244 76 mange
1352 2803 78 74 og
1465 2777 271 99 farlige,
1793 2780 135 92 som
1963 2783 103 76 der
2109 2782 181 76 lader
2332 2778 108 96 til,
2497 2779 109 78 lad
2644 2793 186 74 være,

1072 2936 72 62 at
1200 2921 110 78 der
1360 2908 348 101 forefalder
1766 2917 186 90 nogle
1990 2915 72 76 de
2116 2909 198 97 første
2346 2906 364 97 Aaringer,
2752 2909 80 76 da

1070 3059 287 87 oprettes
1402 3051 143 91 det,
1594 3048 119 92 lige
1758 3041 329 95 saasnart
1904 3041 185 94 snart
2122 3048 121 74 ved
2274 3046 137 92 det,
2462 3055 73 66 at
2566 3037 67 100 I
2680 3037 150 100 have

1069 3188 126 78 alle
1229 3179 184 98 Ting
1449 3177 226 96 samlet
1717 3198 80 74 og
1837 3173 298 98 omkring
2169 3180 184 94 eder;
2465 3184 164 111 Jeg
2729 3175 102 98 vil

1067 3325 370 117 forestille
1479 3323 212 93 Eder
1729 3324 86 86 de
1845 3317 520 116 Herligheder
2405 3340 96 92 og
2541 3319 288 112 Nytter

1066 3468 136 88 der
1262 3483 80 70 er
1400 3461 142 90 ved
1618 3464 90 84 at
1769 3452 197 114 have
2011 3451 153 110 sine
2218 3454 300 108 Jorder
2576 3453 118 108 for
2731 3447 99 112 sig

1070 3598 204 120 selv,
1346 3617 96 94 og
1510 3592 254 112 tillige
1832 3594 86 89 de
1966 3586 746 120 Fortrædeligheder
2766 3583 66 112 I

2514 3719 195 120 have
