2912 4519
2150 426 96 88 s

1084 632 116 74 des
1254 647 83 74 og
1400 631 122 72 den
1568 622 136 90 Tid
1750 630 110 75 der
1912 629 188 76 ellers
2152 644 204 76 gaaer
2408 621 146 82 bork
2588 630 138 74 med
2768 646 65 64 ak

1087 763 240 80 maale.

1289 893 194 80 Man
1517 888 126 78 kan
1677 908 80 76 og
1787 889 194 94 tillige
2025 891 248 78 inddele
2321 890 80 94 sit
2431 883 172 98 Ager
2621 917 22 38 -
2669 887 158 83 Land

1088 1049 138 77 paa
1304 1047 76 60 en
1455 1018 525 99 fordelagtigere
2048 1021 310 95 Maade,
2433 1017 277 94 saaledes
2772 1038 62 64 at

1090 1164 312 83 Bonden
1436 1157 130 79 kan
1616 1158 172 92 pløie
1840 1161 100 72 det
1972 1151 222 90 Tørre
2252 1156 144 74 eller
2444 1143 324 106 Hviderne
2810 1156 20 78 i

1090 1302 123 74 den
1264 1289 139 90 Tid
1454 1304 73 64 at
1582 1292 75 72 de
1716 1307 101 58 ere
1864 1287 427 91 tjenligeog
2344 1282 285 91 saaledes
2674 1280 131 96 efter-

1093 1428 310 96 haanden
1463 1418 132 90 som
1643 1422 102 76 der
1785 1425 256 76 tørres,
2091 1422 146 72 eller
2285 1438 78 72 og
2417 1419 250 92 udlegge
2705 1414 102 92 saa-

1081 1566 148 76 Han
1261 1575 108 60 een
1409 1553 74 78 til
1503 1548 197 96 Eng,
1737 1546 136 93 som
1909 1547 124 78 nok
2069 1549 238 79 betaler
2349 1550 89 91 sig
2469 1545 98 96 for
2601 1571 68 56 en
2685 1547 144 87 Tid.

1298 1683 104 88 Er
1464 1688 102 74 det
1622 1688 120 74 ved
1794 1679 504 97 Saaeningen,
2360 1686 84 73 da
2504 1679 114 98 har
2688 1701 144 59 man

1098 1828 102 76 det
1232 1819 228 96 samlet
1516 1838 78 74 og
1656 1838 136 72 paa
1852 1829 58 64 et
1938 1811 236 95 Sted,
2224 1834 78 72 og
2348 1811 122 79 ikke
2504 1819 114 78 den
2650 1813 158 87 Tids-

1097 1954 266 97 Spilde
1397 1954 152 76 med
1577 1964 70 64 at
1680 1945 181 99 flæbe
1890 1943 189 84 Sæd
2117 1968 78 72 og
2214 1945 301 96 Redskab
2545 1947 288 95 omkring,

1095 2112 80 75 og
1217 2111 164 56 man
1421 2085 122 95 har
1595 2104 80 74 og
1715 2090 120 70 den
1871 2079 310 100 Fordre!,
2235 2098 70 60 ar
2337 2101 158 56 man
2541 2081 124 78 kan
2693 2084 140 88 have

1091 2243 151 61 reen
1285 2219 233 93 Sæd,
1565 2236 177 58 naar
1781 2235 163 56 man
1979 2213 273 95 beflitter
2285 2214 87 94 sig
2405 2235 135 74 paa
2587 2229 71 62 ar
2705 2210 129 90 faae

1092 2377 148 59 reen
1298 2351 228 91 Sæd,
1602 2368 78 74 og
1728 2346 130 80 kan
1920 2343 304 86 Bonden
2272 2348 168 79 'altid
2490 2353 234 72 udrette
2768 2364 64 56 en

1096 2488 156 96 halv
1296 2483 223 95 Gang
1548 2480 114 94 fan
1696 2495 206 80 meget
1934 2485 144 72 med
2120 2480 118 94 lige
2268 2499 236 76 mange
2532 2477 189 100 Folk,
2760 2478 72 74 da

1097 2620 136 98 han
1265 2617 122 96 har
1427 2623 122 73 den
1589 2612 266 95 samler,
1903 2633 78 74 og
2017 2611 124 79 kan
2177 2614 180 78 drive
2397 2633 132 74 paa
2567 2615 132 74 dem
2733 2612 98 74 ved

1095 2758 122 76 alle
1233 2747 382 98 Lejligheder
1743 2744 100 85 Er
1875 2751 102 72 det
2015 2761 72 62 at
2121 2746 240 92 tiende,
2381 2750 84 73 da
2497 2765 64 58 er
2599 2749 94 74 det
2723 2760 80 58 me-

1094 2901 102 83 get
1234 2885 310 96 hastigere
1602 2878 210 81 baade
1868 2885 124 72 talt
2050 2899 78 73 og
2178 2876 260 95 samlet,
2514 2883 118 74 end
2684 2892 148 60 naar

1094 3018 306 85 Bonden
1456 3015 124 95 stal
1614 3010 190 109 kjøre
1836 3007 300 97 omkring
2182 3012 16 74 i
2232 3026 64 62 to
2336 3009 318 84 Marker,
2708 3028 68 72 og
2816 3006 20 76 i

1094 3147 383 102 Henseende
1540 3146 75 78 til
1662 3144 181 98 hans
1894 3157 171 82 eget,
2128 3160 73 62 at
2260 3142 245 95 bierge,
2570 3163 77 74 og
2686 3139 151 79 kiøre

1097 3284 206 100 hiem,
1369 3283 284 76 udretter
1713 3276 136 96 han
1901 3295 168 60 mere
2121 3278 146 76 med
2343 3294 64 62 ro
2445 3273 248 98 Vogne
2733 3272 98 76 end

1097 3422 182 75 ellers
1321 3417 144 76 med
1527 3410 157 98 fire;
1747 3408 123 97 Og
1913 3409 192 94 tillige
2175 3406 176 98 hvad
2403 3407 128 80 kan
2591 3411 100 74 der
2729 3400 104 82 ikke

1096 3548 222 96 spares
1396 3545 212 81 baade
1690 3560 136 80 paa
1902 3537 176 100 Kost
2162 3560 80 78 og
2330 3538 174 97 Løn,
2576 3543 110 76 ved
2752 3538 82 76 det

2686 3680 66 68 at
