3026 4675
171 705 116 76 den
321 700 124 82 ikke
481 698 100 99 for
617 709 98 75 det
741 700 188 99 første
967 721 124 65 var
1133 704 112 92 saa
1275 710 128 91 god
1439 720 77 83 og
1553 703 334 99 frugtbrin-

166 839 192 92 gende
378 886 20 34 ,
448 834 206 83 kunde
688 842 70 76 de
796 834 306 87 Beboere
1136 838 260 99 hielpes.
1538 837 142 100 Jeg
1718 836 204 96 sætter

169 981 66 66 at
295 975 108 75 der
447 986 122 63 var
621 971 192 95 sexten
850 965 294 105 Mands
1125 966 20 84 i
1203 991 76 58 en
1313 969 210 100 Bye,
1575 987 80 80 og
1701 976 72 78 de
1801 972 120 92 fire

164 1076 174 116 skulle
373 1096 173 99 treffe
587 1108 117 74 ved
729 1100 275 84 Marke-
1035 1100 239 99 Skiel,
1327 1123 79 77 og
1437 1108 71 74 de
1545 1103 141 80 blev
1719 1106 201 95 enige,

164 1225 103 96 for
302 1225 507 104 Lodkastningen
844 1233 197 98 ffede,
1100 1250 71 63 ar
1206 1241 69 74 de
1318 1231 179 91 Tolv
1544 1235 133 94 som
1720 1236 143 80 blev
1902 1237 21 80 i

167 1359 228 101 Byen,
419 1384 76 75 og
527 1363 86 98 fik
647 1371 72 75 de
735 1364 292 100 Jorder,
1075 1364 134 94 som
1259 1383 126 63 var
1417 1358 100 104 for
1541 1371 122 74 den
1677 1363 136 91 Tid
1847 1372 78 75 de

168 1493 188 97 beste,
386 1494 182 98 flulle
598 1497 140 94 give
774 1498 72 79 til
902 1503 72 76 de
1024 1496 156 100 Fire
1216 1497 132 94 som
1398 1494 252 103 treffede
1686 1500 206 94 Udjor-

164 1627 151 93 den,
370 1630 101 76 det
514 1623 193 101 første
756 1626 145 84 Aar
954 1629 155 96 hver
1176 1629 101 100 sex.
1306 1629 315 98 Tønder,
1695 1652 80 74 og
1824 1636 103 75 der

163 1763 195 74 ander
401 1758 147 82 Aar
591 1759 153 96 hver
779 1760 119 97 fire
927 1757 315 102 Tønder,
1299 1785 77 73 og
1415 1762 99 82 det
1545 1764 191 79 tredie
1777 1762 153 82 Aar

164 1889 154 98 hver
350 1906 64 64 to
454 1886 276 93 Tønder
764 1894 18 78 i
828 1899 74 74 de
936 1907 94 67 tre
1058 1890 192 101 første
1288 1895 190 97 Aar,
1534 1915 78 74 og
1664 1913 126 63 var
1826 1900 102 77 der

161 2020 211 93 altsaa
413 2020 88 101 sex
535 2043 76 74 og
649 2024 238 79 tredive
923 2021 274 90 Tønder
1221 2031 74 78 til
1339 2027 154 99 hver
1527 2025 76 96 af
1631 2033 72 75 de
1735 2030 192 96 Fire,

160 2155 72 78 til
263 2157 69 77 de
373 2154 85 96 fik
493 2153 139 96 fadt
661 2162 185 73 deres
873 2155 259 98 Jorder
1168 2173 190 82 noget
1393 2164 17 76 i
1431 2158 277 98 Srand,
1749 2160 177 98 hvad

162 2289 99 76 det
296 2286 191 96 angik
524 2303 69 64 ar
626 2291 185 95 fistre
832 2287 361 98 Gaarden,
1228 2291 207 81 kunde
1474 2298 71 75 de
1588 2313 133 78 paa
1760 2286 131 100 sam-

161 2433 100 62 me
299 2415 262 84 Maade
589 2431 166 69 være
789 2426 142 79 dem
979 2417 435 107 behielpelige;
1469 2422 220 101 Hvad
1731 2430 100 76 der
1861 2449 64 56 er

162 2551 140 72 med
340 2548 398 83 Creamrene
758 2602 20 46 ,
834 2559 86 74 da
968 2553 210 83 kunde
1228 2561 108 76 der
1382 2562 98 74 vel
1540 2555 250 99 grøftes
1844 2579 80 70 og

166 2675 209 81 lukkes
415 2676 74 97 af
513 2683 18 76 i
571 2703 74 58 en
665 2682 200 97 Krog
911 2687 72 78 til
1019 2688 164 95 dem,
1203 2689 142 79 eller
1375 2690 20 78 i
1415 2688 290 99 Mangel
1743 2689 194 98 deraf

161 2805 125 80 kan
335 2812 99 78 der
481 2828 199 79 meget
729 2819 377 95 velroires,
1165 2826 273 74 daman
1483 2820 125 83 kan
1653 2821 165 95 sætte
1859 2841 65 62 to

160 2937 186 98 Faar
396 2936 281 98 sammen
738 2948 19 78 i
806 2963 57 66 et
894 2943 209 105 Tøir,
1162 2972 75 75 og
1306 2959 99 75 det
1444 2954 237 83 betaler
1721 2973 206 80 meget

157 3089 108 76 gor
295 3075 114 77 den
429 3074 280 98 Umage,
761 3102 80 73 og
863 3079 322 86 Svinene
1221 3087 292 94 ligeledes
1549 3105 64 64 to
1635 3091 308 92 sammen,

160 3201 20 76 i
210 3217 54 62 er
300 3199 206 104 Tøir,
558 3213 82 76 da
678 3216 106 74 der
814 3212 208 81 kunde
1076 3214 206 94 haves
1332 3239 168 59 mere
1536 3223 278 98 Fordeel
1854 3221 80 98 af

160 3347 111 82 tre,
300 3340 115 76 end
460 3359 89 58 nu
582 3337 75 97 af
688 3342 87 98 sex
822 3345 67 80 ril
925 3365 142 61 orte.
1136 3346 159 89 Der
1320 3351 289 84 kommer
1649 3360 102 76 vel
1786 3362 147 76 dem

157 3478 187 79 noget
395 3473 317 95 underligt
755 3472 139 101 for,
947 3477 135 94 som
1131 3480 127 81 ikke
1311 3505 97 59 ere
1457 3501 203 64 vante
1705 3488 231 95 dertil,

158 3611 144 64 men
328 3594 100 100 jeg
460 3596 326 107 forsikkrer
826 3623 72 66 ar
930 3617 102 78 det
1070 3618 178 79 lader
1286 3617 91 97 sig
1430 3622 82 78 ler
1572 3621 223 94 giøre,
1850 3638 83 77 og

1781 3762 60 66 et
