3012 4675
1669 493 103 94 31

151 669 192 92 røde,
397 663 72 82 til
503 667 164 78 liden
703 663 140 80 eller
875 665 180 92 ringe
1087 659 260 98 Nytte,
1399 663 336 92 undtagen
1769 677 138 74 pas

153 817 74 58 en
287 795 180 98 stærk
511 793 180 82 Leer-
725 793 224 98 Jord,
1003 791 136 96 som
1195 799 122 74 den
1367 795 150 92 giør
1583 789 198 98 lokrig
1829 809 80 74 og

153 933 124 76 løs.
379 925 180 96 Dog
579 949 62 58 er
681 927 228 96 herved
929 939 72 66 at
1029 923 228 96 merke,
1295 943 72 60 at
1407 931 102 74 det
1543 945 162 56 maa
1749 925 162 92 ligge

155 1061 20 78 i
209 1065 98 74 det
331 1061 264 94 ringeste
631 1075 58 64 et
729 1059 184 98 halvt
941 1057 146 84 Aar
1125 1059 192 78 inden
1349 1061 104 76 det
1503 1057 206 78 bliver
1759 1059 118 75 ned-

149 1177 228 125 Yploiet
425 1190 114 115 faa
593 1211 76 74 og
717 1197 216 88 gamle
973 1189 232 94 Diger
1249 1211 78 74 og
1373 1189 316 96 adskillige
1739 1185 170 82 Leer»

155 1319 188 86 Arter
377 1323 72 78 til
483 1339 72 62 at
595 1321 236 82 blande
865 1323 222 80 iblant
1119 1321 490 96 Glødningen,
1665 1341 80 74 og
1775 1319 134 78 kan

155 1461 98 74 der
291 1459 288 76 udrettes
621 1459 142 76 med
793 1475 76 58 en
893 1459 78 78 til
1009 1471 62 62 to
1101 1453 264 96 Vogne
1383 1432 357 115 saameget
1537 1469 204 80 meget
1771 1451 140 92 som

155 1591 178 76 ellers
391 1591 144 76 med
587 1603 92 64 tre
727 1591 144 76 eller
915 1587 154 94 fire,
1119 1605 134 74 paa
1299 1607 76 54 en
1425 1605 136 60 nær
1617 1587 140 76 eller
1793 1587 128 92 ligø

153 1715 192 100 Vei,
399 1717 236 98 spildes
681 1725 106 74 der
831 1735 226 78 noget,
1101 1717 284 80 kommer
1439 1723 102 74 det
1593 1715 158 96 ham
1789 1715 122 96 selv

153 1851 72 80 til
253 1857 198 92 gode,
509 1873 76 76 og
621 1857 20 72 i
675 1857 122 76 den
829 1849 194 84 Sted
1057 1865 72 64 at
1159 1855 108 76 der
1303 1847 108 96 før
1443 1851 254 94 giødtes
1735 1851 78 78 ril
1847 1867 66 64 tø

149 1979 276 88 Tønder
465 1979 222 98 Land,
735 1985 144 78 ville
909 1987 110 76 der
1053 2003 92 58 nu
1183 1987 100 74 vel
1315 1985 230 92 giødes
1585 1985 68 76 til
1705 2001 90 64 tre
1837 1985 78 80 til

149 2113 118 96 fire
313 2111 274 90 Tønder
647 2113 184 82 Land
889 2135 112 58 om
1047 2113 248 98 Aaret,
1371 2135 136 74 paa
1583 2131 58 62 et
1685 2115 230 92 samlet

153 2243 232 94 Sted,
435 2243 132 94 som
617 2267 78 74 og
725 2253 136 88 det,
907 2263 72 64 at
1029 2247 164 94 have
1229 2249 96 94 sin
1363 2245 190 84 Sæd
1603 2241 80 98 af
1727 2247 184 96 hvert

153 2375 240 96 Slags
475 2401 132 72 paa
691 2395 58 62 et
803 2377 236 100 Sted,
1135 2393 202 82 meget
1427 2375 328 98 forbedrer
1829 2401 78 58 en

153 2507 272 82 Mands
459 2509 628 98 Omstændigheder.

349 2637 98 86 Er
493 2647 100 74 det
623 2641 460 98 Plotningen,
1119 2647 86 76 da
1263 2657 64 66 er
1375 2645 100 84 det
1519 2661 202 78 meget
1771 2633 104 104 for-

151 2773 302 94 deelagtig
499 2791 72 62 at
605 2773 162 96 have
799 2777 96 92 sin
929 2775 190 96 Jord
1157 2773 222 94 samlet
1407 2795 136 72 paa
1581 2793 58 64 et
1669 2775 240 98 Sted,

151 2907 84 76 da
267 2925 156 58 man
465 2903 126 82 kan
621 2908 172 93 pleie
829 2929 258 74 engang
1127 2929 134 74 paa
1301 2917 178 70 tvers
1531 2931 80 74 og
1657 2931 76 58 en
1785 2933 90 56 an-

151 3039 116 76 den
303 3035 214 98 Gang
551 3059 132 74 paa
719 3043 234 92 langs,
1011 3063 78 74 og
1125 3041 290 92 saaledes
1451 3043 216 94 tvinge
1694 3041 181 113 Ukru-

150 3168 101 96 det
151 3169 100 76 det
297 3187 76 76 og
411 3167 208 82 Græs
637 3201 24 36 -
695 3171 400 96 Rødderne,
1147 3195 78 74 og
1269 3189 94 64 ret
1417 3177 182 92 giøre
1633 3173 278 98 Jorden

151 3301 108 74 los
311 3319 76 74 vg
431 3299 232 98 lokrig,
719 3305 128 92 ogi
897 3311 100 76 det
1025 3323 76 62 at
1129 3327 158 58 man
1337 3305 124 98 har
1501 3311 104 76 det
1641 3305 268 98 samlet,

149 3431 280 76 udretter
493 3451 154 60 man
701 3433 184 94 snart
943 3437 300 98 dobbelt,
1341 3443 90 76 da
1493 3457 164 60 man
1715 3441 194 76 ellers

149 3557 180 96 flulle
365 3561 172 98 flæbe
567 3561 102 98 fra
705 3583 58 64 et
801 3565 270 102 Stykke
1101 3573 72 78 til
1207 3587 60 66 et
1315 3575 238 90 andet,
1605 3567 118 96 saa
1763 3569 118 78 vin-

1681 3703 120 76 des
