2939 4562
181 707 218 318 i

183 1035 66 247 f
279 1010 115 347 I

428 1473 98 60 \U-

286 1691 44 65 fl

1091 641 147 76 med
1295 632 205 96 større
1577 626 317 102 Fordeel,
1973 648 81 74 og
2109 624 139 97 han
2299 624 181 78 tillod
2531 624 141 76 dem
2731 624 111 82 ikke

1096 770 193 94 heller
1340 780 75 65 at
1456 782 169 77 gaae
1668 763 301 94 uringet,
2024 782 81 72 og
2152 759 317 94 oprodede
2504 752 173 96 hans
2710 753 131 101 Eng

1095 922 83 75 og
1231 897 419 94 Græsning,
1701 895 73 94 ja
1827 898 189 89 langt
2071 891 257 80 mindre
2377 899 73 66 ar
2499 884 173 98 hans
2709 885 107 85 Na-

1100 1034 159 80 boes
1298 1032 151 79 ville
1478 1026 221 95 besøge
1738 1029 179 93 ham.

1297 1160 71 100 I
1387 1158 383 101 Henseende
1809 1164 73 76 til
1921 1173 75 64 at
2021 1158 225 92 giøde,
2273 1154 87 78 da
2385 1147 149 82 ville
2571 1156 95 74 det
2695 1141 149 104 falde

1100 1300 195 95 langt
1336 1300 251 88 lettere,
1637 1313 80 72 og
1773 1290 72 78 til
1886 1293 173 76 deels
2107 1291 140 90 give
2306 1290 187 87 langt
2537 1302 154 61 mere
2720 1283 127 97 Lyst

1100 1430 74 78 til
1214 1443 74 66 at
1333 1424 279 98 formere
1660 1429 146 87 det,
1860 1427 120 72 ved
2016 1436 72 62 at
2143 1417 185 100 holde
2359 1416 335 81 Creawret
2728 1395 124 117 Paa-

1105 1558 239 84 Stald
1107 1558 238 85 Stald
1403 1577 110 58 om
1561 1558 376 98 Foraaret,
1985 1553 74 79 til
2103 1567 72 62 at
2219 1547 282 98 Græsset
2551 1548 82 96 fik
2679 1547 176 99 Vext

1106 1714 84 73 og
1228 1689 276 99 Jorden
1540 1688 140 80 blev
1716 1705 146 79 tør,
1916 1707 80 74 og
2032 1684 194 93 tillige
2270 1684 146 78 inde
2454 1703 104 57 om
2592 1680 256 86 Natten.

1105 1824 118 99 Ja
1273 1844 164 60 man
1493 1821 130 83 kan
1679 1821 126 80 ikke
1855 1819 183 95 vide,
2097 1838 106 57 om
2241 1821 100 73 det
2373 1817 120 76 end
2519 1814 120 80 ikke
2669 1813 188 81 kunde

1104 1958 256 82 komme
1416 1957 20 76 i
1486 1953 219 96 Brug
1760 1953 145 99 her,
1958 1951 132 96 som
2134 1971 134 74 paa
2328 1953 202 74 andre
2584 1944 271 98 Steder,

1109 2092 169 100 hvor
1329 2094 75 76 de
1453 2083 227 104 holder
1725 2091 145 74 dem
1921 2085 147 79 inde
2125 2084 213 77 baade
2379 2078 159 83 Nat
2591 2099 77 74 og
2693 2077 163 97 Dag

1106 2232 127 73 den
1262 2226 189 91 meste
1484 2219 137 89 Tid
1658 2211 79 102 af
1766 2219 461 92 Sommeren,
2266 2230 79 80 og
2381 2211 201 100 slaaer
2602 2191 259 115 Græset

1107 2354 83 99 af
1235 2379 83 73 og
1363 2354 173 96 foere
1589 2360 143 74 dem
1779 2354 193 93 inde,
2057 2350 285 96 hvorved
2387 2347 207 78 kunde
2647 2341 209 94 samles

1106 2511 225 74 megen
1368 2508 81 75 og
1480 2492 129 89 god
1646 2483 405 95 Glødning,
2098 2480 71 94 ja
2204 2485 109 73 der
2346 2479 183 94 gives
2572 2467 288 115 adskillige

1107 2618 389 98 Lejligheder
1537 2620 75 78 til
1671 2635 73 62 at
1817 2616 201 94 samle
2079 2636 79 71 og
2211 2609 277 96 formere
2535 2616 151 87 den,
2753 2612 103 72 ved

1106 2754 251 97 Huller
1413 2771 74 60 at
1549 2749 300 97 oprense,
1896 2750 135 91 som
2074 2746 213 83 kunde
2318 2746 163 78 tiene
2520 2746 73 76 til
2624 2740 209 83 Vand-

1107 2888 307 93 Steder,
1462 2905 80 73 og
1576 2888 180 90 giver
1790 2880 360 97 overflødig
2171 2879 243 82 Grøde
2441 2879 21 76 i
2500 2881 178 91 nogle
2693 2873 163 91 Aar,

1109 3017 260 98 ligesom
1407 3022 102 75 det
1547 3036 66 58 er
1649 3014 132 91 fedt
1817 3034 80 76 og
1933 3030 112 77 gor
2077 3014 116 91 til,
2223 3009 134 94 som
2395 2996 287 120 Hendes-;
2704 3015 156 94 naar-

1106 3159 105 95 det
1106 3160 106 76 det
1240 3151 230 80 klæver
1502 3150 120 76 ved
1658 3145 328 98 Fingrene
2026 3164 174 60 naar
2244 3149 104 73 det
2400 3147 304 92 optages,
2740 3140 120 74 eller

1109 3310 83 71 og
1239 3301 74 64 at
1361 3300 164 63 man
1579 3294 182 79 tager
1807 3291 196 82 noget
2055 3296 82 74 op
2171 3280 146 74 med
2353 3296 78 58 en
2463 3271 286 97 Spade,
2795 3284 66 76 og

1112 3424 228 91 lægger
1418 3419 104 76 det
1564 3414 72 78 til
1686 3427 74 64 at
1812 3419 259 87 tørres,
2112 3429 81 74 og
2244 3413 102 73 der
2402 3405 122 94 seer
2572 3402 124 96 sort
2740 3402 120 76 eller

1111 3563 199 87 graat
1347 3550 133 93 ud,
1535 3566 67 62 er
1645 3548 105 81 det
1783 3557 207 84 meget
2031 3555 155 84 got;
2235 3560 153 64 men
2437 3538 280 89 herimod
2759 3536 104 74 den

2604 3671 179 89 røde,
