2794 4144
1170 531 164 86 Det
1386 548 64 58 er
1492 524 408 100 Provsterne
1920 571 26 46 ,
2036 516 110 98 saa
2210 522 140 82 vidt
2408 527 74 78 de
2532 545 94 60 ere

906 669 624 100 Skifteforvaltere,
1586 662 134 92 som
1766 667 162 76 dette
1962 657 114 92 sira
2134 658 208 82 kaldte
2398 661 228 96 kririsse

905 816 248 88 Brevs
1187 803 314 100 Indhold
1529 816 200 80 gaaer
1763 803 94 74 ud
1897 819 132 72 paa
2065 812 72 62 at
2155 792 282 100 forsvare
2451 801 176 82 imod

909 943 550 107 Phiiopaireias;
1519 934 68 100 I
1633 942 168 74 dette
1849 931 204 86 Brev
2097 934 130 94 sees
2295 936 68 78 til
2415 933 188 84 Slut-

908 1090 158 94 ning
1099 1099 61 64 et
1189 1079 217 84 Svar
1443 1072 107 96 fra
1589 1067 415 105 Forfatteren
2033 1095 133 73 paa
2193 1092 61 60 et
2277 1072 205 83 Brev
2499 1079 131 88 han

908 1228 124 96 stal
1062 1224 166 95 have
1274 1215 176 96 faaet
1494 1210 104 94 fra
1636 1207 506 103 Philopatreias
2178 1210 454 97 indeholdende

912 1368 187 92 nogle
1130 1355 489 96 Sporsmaal,
1674 1348 136 94 som
1842 1355 122 74 den
2002 1354 163 90 gode
2216 1346 143 102 Hr.
2402 1347 201 100 Philo-

913 1499 278 87 daneias
1239 1491 296 92 besvarer
1571 1492 146 76 med
1757 1487 94 92 sin
1885 1485 382 97 sædvanlige
2317 1488 290 97 Mandig-

911 1642 164 96 hed,
1135 1657 82 74 og
1245 1633 22 78 i
1287 1624 480 96 Særdeleshed
1807 1619 224 100 befrier
2065 1626 94 92 sig
2195 1626 20 76 i
2253 1632 214 91 dette,
2507 1625 126 92 som

910 1780 20 78 i
966 1780 174 94 hans
1182 1775 122 76 2de
1350 1765 228 98 forhen
1622 1761 286 96 udgivne
1966 1761 240 83 Breve
2256 1760 108 100 fra
2404 1769 86 76 all
2524 1771 112 74 den

914 1907 356 89 Mistanke
1300 1904 164 103 Folk
1482 1904 212 78 kunde
1718 1899 164 96 have
1894 1895 198 98 fattet
2116 1922 136 76 om,
2290 1916 72 66 at
2382 1901 130 94 han
2526 1919 110 62 var

918 2050 375 102 Forfattere
1370 2038 75 98 af
1532 2033 345 102 Skriftet,
1988 2040 176 81 Den
2268 2038 369 100 forhexede

919 2194 290 97 Dreng.

1610 2414 148 87 Ro.
1814 2439 158 74 133.

924 2563 308 99 Bonde
1264 2549 428 124 Plageren
1734 2571 142 74 eller
1916 2567 74 78 de
2036 2560 230 100 dansse
2310 2560 328 103 Fogeders

1029 2738 80 73 og
1146 2713 447 98 Forpagteres
1624 2707 363 87 Skilderie.
2092 2704 327 84 Skreven
2437 2703 76 96 af
2536 2705 77 84 La-

1031 2849 344 98 defogeden
1413 2868 134 76 paa
1581 2848 332 84 Gaarden
1935 2841 318 102 Christen.
2355 2840 259 107 Kjøben-

1015 2987 192 93 havn
1285 3007 235 73 1771,
1593 2982 219 99 sælges
1883 2985 127 92 hos
2057 2982 87 98 I.
2207 2980 103 84 G.
2365 2979 223 98 Rothe
2629 2975 23 82 i

1024 3124 146 81 No.
1222 3137 60 68 8.
1334 3143 134 74 paa
1520 3114 278 99 Børsen
1836 3115 104 106 for
1978 3145 52 74 4
2088 3118 350 101 Skilling,
2512 3119 142 96 .stor

1040 3286 82 71 i;
1148 3259 140 86 Ark
1326 3261 20 80 i
1382 3273 148 71 8vo.
