2953 4532
1584 382 17 10 '
1729 385 62 96 ?

303 570 133 87 De
481 569 309 95 Geistlige
831 567 285 92 vpildede
1159 564 81 92 af
1259 571 119 78 den
1407 570 153 92 mest
1583 568 177 82 bræn-

88 678 192 77 dende
312 670 426 94 Kiærlighed,
784 667 324 88 indsendte
1148 664 296 86 Bønner
1488 672 72 76 til
1584 668 174 98 Him-

86 778 193 76 melen
330 777 143 74 med
532 771 133 82 Lov
724 790 81 76 og
846 765 355 97 Taksigelse
1256 761 105 100 for
1404 766 383 96 Christian

85 879 116 76 den
241 868 382 101 Syvendes
667 868 372 95 Regiering.

298 1070 144 87 Alle
484 1067 312 97 Borgere
838 1065 226 78 raabte
1104 1059 362 99 frydefulde
1504 1064 20 74 i
1566 1060 190 82 Mun-

80 1177 118 76 den
238 1192 136 76 paa
422 1169 358 98 hinanden:
834 1163 114 86 O!
1006 1165 166 89 hvor
1234 1165 244 91 værdig
1540 1180 64 58 er
1662 1160 124 79 ikke

81 1277 120 76 den
242 1270 343 89 Syvende
624 1266 379 90 Christian
1051 1268 68 74 til
1176 1266 119 74 den
1338 1259 255 97 Magt,
1648 1258 139 94 som

79 1382 196 68 vores
335 1368 356 97 Formænd
749 1360 560 94 Eckiendtligheds
1331 1389 24 46 -
1377 1357 174 96 fulde
1609 1377 150 62 over-

79 1475 163 91 drog
289 1472 69 82 ril
399 1471 123 74 den
569 1463 233 87 Tredie
842 1459 398 93 Frederik-P

298 1664 303 85 Bonden
642 1660 189 98 sagde
880 1655 301 98 ligefrem,
1226 1677 135 74 paa
1404 1657 79 88 sit
1527 1654 227 94 Mons-

79 1770 143 86 ledei
263 1762 456 97 Agerdyrkiffe
783 1760 290 95 Sprog:
1127 1756 80 84 O
1251 1756 176 83 Gud
1472 1752 120 96 skee
1633 1754 150 84 Lov!

79 1885 69 60 at
207 1864 285 93 Kongen
541 1864 263 94 regierer
847 1867 257 85 endnu,
1171 1878 81 76 og
1291 1865 75 72 de
1401 1860 209 76 andre
1655 1856 127 89 har

79 1978 282 76 maattet
384 1961 192 102 pakke
616 1966 112 90 sig.

289 2162 176 87 Den
513 2161 160 100 heele
714 2158 211 97 Magt
981 2159 70 78 til
1090 2154 221 84 Lands
1351 2177 82 74 og
1472 2153 305 94 Vands,

75 2264 266 94 udviiste
391 2285 80 72 og
535 2265 96 90 sin
689 2260 238 84 Glæde
978 2261 387 94 paa-denne
1167 2262 200 72 denne
1421 2253 226 97 Dag,
1705 2255 72 90 ja

76 2370 184 88 nogle
298 2354 80 101 af
407 2369 141 74 dem
595 2362 209 94 havde
848 2377 136 60 nær
1028 2358 236 95 udviist
1289 2361 121 72 den
1435 2351 105 98 for
1575 2353 199 101 stærk.

78 2461 182 81 Korr
298 2462 174 93 sagt:
526 2467 120 76 den
686 2461 220 93 rigeste
950 2462 142 78 med
1138 2464 118 74 den
1304 2451 300 99 fattigste,
1652 2458 124 74 den

76 2562 219 93 største
352 2567 143 76 med
546 2567 121 74 den
706 2559 307 94 mindste,
1070 2560 119 74 alle
1230 2561 145 74 med
1414 2575 77 58 en
1532 2550 241 82 Mund

79 2681 84 73 og
203 2656 284 96 forenede
527 2659 306 97 Hjerter,
877 2657 348 93 velsignede
1265 2661 162 72 dette
1465 2649 312 95 Øyeblik,

77 2765 87 74 da
203 2758 273 86 Babels
515 2757 179 95 Rige
735 2758 139 80 blev
919 2751 369 99 forstyrret,
1347 2775 81 74 og
1469 2770 121 60 vor
1629 2747 145 94 viise

90 2858 374 90 Christian
536 2864 122 73 ved
742 2858 94 90 sin
900 2853 288 95 Kiekhed
1262 2875 80 72 og
1412 2851 364 93 Kongelige

80 2955 414 96 Mandighed
562 2956 172 92 viiste
776 2960 118 71 den
920 2951 188 94 sande
1136 2951 408 91 Monarkiffe
1570 2950 202 86 Aand

79 3053 20 76 i
163 3058 62 74 al
269 3056 96 94 sin
409 3053 352 100 Herlighed
819 3075 80 72 og
943 3051 266 100 Pragt,
1269 3073 80 72 og
1393 3054 144 76 med
1577 3066 58 60 er
1671 3045 82 94 af-

73 3151 233 94 oiskede
349 3159 116 72 alle
509 3161 72 72 de
619 3152 276 96 Pletter,
939 3159 108 74 der
1086 3150 180 92 faaes
1309 3169 72 62 ar
1409 3168 236 60 nærme
1673 3148 92 93 sig

71 3247 103 94 for
216 3268 72 62 at
329 3248 331 90 fordunkle
701 3250 325 84 Nordens
1065 3250 205 84 Soel.
1373 3250 233 92 Aldrig
1651 3243 114 98 Faa

68 3365 173 74 Snart
302 3349 318 110 faaes-de
546 3357 76 82 de
686 3349 212 83 mørke
956 3348 236 98 Skyer
1254 3367 72 64 at
1384 3353 144 77 ville
1595 3344 164 81 nære

944 3473 51 70 4
1654 3464 103 63 me
