3080 4515
1820 1 110 55 W>

1149 469 95 55 20

1160 657 274 90 wurde,
1486 649 64 92 so
1582 648 134 98 daß
1744 670 66 56 er
1836 649 120 93 sich
1992 643 220 98 ferner
2246 644 232 78 keinen
2510 637 350 98 Schaden

1162 761 170 92 thun
1380 753 254 76 konnte.
1756 746 306 98 Zugleich
2122 756 286 71 wurden
2450 748 102 76 die
2588 742 276 97 Fenster

1161 866 122 71 des
1315 848 474 98 Gefängnisses
1821 854 96 72 die
1943 847 236 82 Queer
2231 846 126 78 mit
2386 842 235 84 Latten
2662 841 173 78 bena-

1165 965 152 88 gelt.
1419 951 132 82 Als
1569 974 62 56 er
1657 950 198 86 dieses
1889 947 186 94 sähe,
2131 945 310 93 sagteer:
2495 942 102 84 Er
2625 937 240 82 würde

1163 1063 140 84 hier
1347 1059 108 72 als
1501 1057 134 73 eine
1687 1050 314 82 Canallie
2055 1047 292 76 kractirt.
2463 1042 114 96 In
2627 1039 232 92 diesem

1163 1156 339 99 Zustande
1543 1164 171 80 regte
1745 1148 121 96 sich
1901 1151 125 90 sein
2067 1143 191 92 böses
2291 1140 387 98 Gewissen,
2719 1151 145 68 und

1164 1262 192 91 stellte
1374 1253 156 94 sich,
1570 1256 112 70 als
1712 1270 198 58 wenn
1942 1269 66 58 er
2042 1241 280 97 heftiges
2336 1242 348 98 Zahnweh
2718 1235 118 100 hät-

1168 1378 100 71 te,
1320 1363 138 66 und
1514 1351 200 93 baht,
1792 1370 164 57 man
2020 1341 254 101 mögrej
2310 1344 156 94 doch
2524 1343 344 96 nach-sein

1168 1453 400 98 ehemaliges
1626 1448 292 82 Cabinet
1984 1445 268 90 jemand
2314 1444 394 94 hinsenden,
2786 1443 84 94 sie

1167 1553 290 82 würden
1503 1554 176 74 allda
1723 1568 122 58 vor
1885 1558 124 67 den
2042 1547 273 94 Fenster
2362 1548 71 76 in
2465 1548 100 78 ein
2592 1542 275 99 Papier

1169 1659 250 88 liegend
1489 1653 102 76 ein
1637 1646 432 98 Zahnpulver
2157 1644 388 96 vorfinden,
2627 1643 242 96 solches

1169 1753 268 92 mögren
1477 1751 82 94 sie
1605 1750 134 90 ihm
1791 1748 158 89 doch
2003 1747 184 96 holen
2257 1742 244 98 lassen,
2581 1764 118 57 um
2759 1747 104 76 die

1167 1855 425 90 Schmerzen
1627 1868 73 74 zu
1729 1850 225 92 stillen.
2055 1843 111 84 Es
2195 1856 233 68 wurde
2455 1846 163 91 auch
2647 1845 189 94 hinge-

1170 1951 248 94 fchickr,
1464 1958 140 69 und
1654 1970 160 56 man
1856 1944 164 96 fand
2050 1955 92 68 es.
2246 1944 166 84 Der
2452 1944 134 96 Hr.
2626 1941 211 83 Etats-

1167 2052 203 96 Rasxh
1410 2063 140 66 und
1576 2046 514 82 Leib-Medicus
2120 2065 134 62 von
2288 2044 318 94 Berger,
2638 2043 230 94 mußte

1166 2147 238 100 solches
1434 2149 260 93 sogleich
1712 2143 458 94 untersuchen,
2222 2154 140 70 und
2396 2140 278 95 befand,
2730 2143 140 94 daß

1169 2261 78 68 es
1291 2253 100 74 ein
1428 2246 247 97 stmkes
1720 2242 167 98 Gift
1917 2265 180 66 war;
2154 2244 203 92 daher
2402 2246 139 90 ihm
2574 2243 205 94 dieses
2804 2245 63 84 so

1173 2353 258 90 wenig,
1503 2354 110 72 als
1661 2348 102 76 ein
1805 2357 208 68 ander
2043 2343 472 98 Zahnpulver,
2583 2347 282 92 gegeben

1169 2459 258 72 wurde.
1531 2446 354 92 Darnach
1915 2451 152 88 legte
2103 2467 66 58 er
2219 2454 72 68 es
2335 2442 128 92 auf
2505 2456 130 66 das
2663 2443 174 98 Hun-

1171 2571 201 74 gern,
1423 2555 141 70 und
1617 2554 197 72 wolle
1865 2557 225 68 weder
2125 2542 253 94 Speise
2423 2544 159 92 noch
2623 2543 245 88 Trank

1170 2670 78 71 zu
1278 2647 116 94 sich
1426 2647 296 93 nehmen.
1828 2644 384 95 Einigemal
2240 2652 232 72 wurde
2506 2646 138 94 ihm
2664 2643 206 94 hierin

1170 2748 130 91 sein
1318 2745 220 84 Wille
1568 2742 310 100 gelassen;
1924 2743 280 94 hernach
2238 2746 160 78 aber
2424 2744 148 80 kam
2590 2741 280 98 Befehl,

1170 2871 70 56 er
1260 2847 166 84 sollte
1460 2843 158 95 essen
1646 2856 140 66 und
1836 2845 292 86 trinken,
2180 2845 178 96 Fals
2388 2866 66 58 er
2484 2848 164 77 aber
2692 2847 172 92 nicht

1173 2949 124 76 mit
1326 2947 265 80 Gutem
1619 2950 250 86 wollte;
1908 2945 61 86 so
2018 2943 173 88 sollte
2223 2967 68 57 er
2328 2944 61 86 so
2418 2950 193 92 lange
2641 2943 226 100 geprü,

1173 3051 130 88 gelt
1339 3055 302 79 werden,
1693 3046 110 78 bis
1843 3068 66 56 er
1941 3043 276 96 Appetit
2269 3042 290 84 bekäme.
2667 3049 172 98 Hier-

1173 3141 130 90 auf
1327 3147 328 90 bequemte
1689 3164 64 56 er
1793 3144 118 98 sich
1953 3163 74 74 zu
2069 3143 200 92 essen,
2329 3144 164 94 ohne
2525 3160 160 81 dazu
2743 3149 120 92 sich

1167 3241 275 96 prügeln
1469 3261 73 74 zu
1557 3238 219 98 lassen.
1841 3244 183 95 Ihm
2043 3247 177 84 wird
2237 3246 159 78 aber
2413 3256 219 73 weder
2649 3247 219 100 Löffel,

1172 3337 254 98 Messer
1460 3342 158 94 noch
1642 3342 236 84 Gabel
1914 3349 68 78 in
2014 3353 102 74 die
2138 3349 222 96 Hand
2396 3350 314 94 gegeben;
2764 3357 104 74 die

1174 3441 560 102 wachthabenden
1770 3444 354 89 Soldaten
2180 3447 326 99 schneiden
2550 3450 138 97 ihm
2736 3457 130 72 das

2676 3549 192 98 Essen
