2995 4492
1131 733 104 63 ten
1277 720 118 74 des
1447 712 270 99 Herrn,
1787 719 124 73 den
1953 710 236 97 König
2243 705 446 106 anfzuheben,
2757 710 102 81 ein

1129 816 277 94 gleiches
1469 815 254 98 Urtheil
1807 816 124 76 mit
1997 810 455 97 Scruenfte,
2557 814 68 78 in
2687 818 172 75 allen

1130 916 264 102 Fällen.
1428 950 132 25 —

1338 1114 140 100 Im
1514 1109 312 96 Anfange
1856 1110 178 96 hatte
2080 1128 68 60 er
2194 1111 120 96 sich
2366 1113 272 99 villeicht
2688 1114 178 92 nicht

1131 1222 434 92 vorgestellet,
1620 1211 133 94 daß
1802 1209 159 88 seine
1992 1209 261 92 Strafe
2294 1211 61 92 so
2394 1213 151 90 hart
2577 1228 288 87 werden,

1131 1328 140 68 und
1323 1338 66 54 er
1433 1325 134 71 das
1623 1311 206 84 Leben
1871 1314 226 90 misten
2141 1308 210 93 sollte,
2423 1315 288 93 obgleich
2765 1318 104 77 die

1131 1412 262 96 Strafe
1427 1418 94 76 im
1553 1411 420 97 Verhaltniß
2003 1410 202 90 seines
2221 1411 478 101 Verbrechens
2731 1414 138 94 sehr

1137 1516 255 96 gnädig
1417 1533 177 70 war,
1637 1521 143 70 dem
1811 1512 409 96 ohngeachret
2247 1519 329 89 verlangte
2611 1536 65 56 er
2713 1518 157 91 doch

1136 1620 182 76 einen
1356 1612 436 95 Geistlichen,
1862 1622 144 74 und
2072 1612 152 82 Sr.
2276 1612 594 98 Hochehrwürden

1136 1725 112 73 der
1282 1714 134 98 Hr.
1452 1712 260 99 Probst
1748 1711 150 96 -Hee
1928 1726 236 72 wurde
2206 1715 340 97 beordret,
2590 1718 110 96 ihn
2720 1734 148 74 zum

1130 1813 192 93 Tode
1358 1834 76 74 zu
1482 1815 296 78 bereiten.

1341 2014 190 82 Man
1593 2015 178 92 hatte
1825 2014 112 94 ihn
1999 2015 234 95 allezeit
2289 2013 110 94 für
2441 2017 178 79 einen
2663 2014 172 98 Frey-

1135 2118 260 78 dencker
1445 2117 334 93 gehalten,
1849 2124 144 70 und
2053 2118 158 75 viele
2257 2115 350 94 zweifelten
2663 2118 204 88 daher

1137 2237 91 57 an
1267 2216 193 88 seiner
1493 2215 275 92 wahren
1813 2213 455 98 Bekehrung,
2327 2223 145 72 weil
2511 2238 161 58 man
2729 2214 141 96 sag»

1136 2335 62 61 te
1226 2316 136 92 daß
1396 2336 64 58 er
1518 2321 64 72 in
1632 2315 422 94 Gegenwart
2118 2326 116 69 des
2284 2315 404 96 Geistlichen
2734 2336 136 61 nur

1138 2435 154 75 zum
1318 2412 270 92 Schein
1624 2415 120 98 sich
1796 2416 350 92 andächtig
2182 2421 258 90 stellete,
2496 2428 140 68 und
2676 2434 192 62 wenn

1140 2525 115 69 der
1314 2516 329 96 Prediger
1708 2517 113 92 ihn
1892 2518 271 92 verließ,
2252 2517 415 96 gleichgültig
2730 2526 135 69 und

1147 2614 390 97 leichtsinnig
1579 2613 222 92 wäre,
1871 2616 276 94 welches
2197 2619 170 100 auch
2411 2618 286 94 wirklich
2729 2616 108 84 An-

1141 2713 206 97 fangs
1383 2718 62 88 so
1483 2715 282 98 gewesen
1819 2720 94 94 ist.

1353 2912 145 86 Da
1524 2915 160 78 aber
1718 2915 196 91 dieser
1950 2920 508 100 wohlverdiente
2492 2926 142 76 und
2666 2918 166 88 recht-

1146 3007 364 97 schaftenen
1558 3013 226 86 Lehrer
1830 3019 232 83 hievon
2106 3022 400 97 Erfahrung
2556 3022 306 94 erhalten,

1146 3113 118 91 hat
1296 3136 64 54 er
1392 3114 136 84 ihm
1562 3113 122 90 sein
1710 3111 212 103 tieffes
1940 3122 410 84 Verderben
2382 3135 140 70 und
2560 3132 122 68 den
2718 3130 120 70 dar-

1148 3226 131 62 aus
1304 3212 355 98 fleisienden
1680 3219 331 93 Schaden
2044 3224 61 90 so
2138 3223 475 96 nachdrücklich
2636 3244 87 58 an
2750 3228 117 72 des

1147 3309 186 97 Herz
1383 3320 274 91 geleget,
1715 3321 132 95 daß
1875 3328 134 72 eine
2041 3327 324 96 wirkliche
2401 3337 136 70 und
2577 3322 288 96 herzliche

1145 3409 418 100 Bekehrung
1601 3417 118 96 bey
1739 3421 134 86 ihm
1903 3444 480 81 vorgegangen.
2491 3425 206 93 Nach
2721 3436 142 66 dem

1143 3505 336 105 Zeugnisse
1555 3523 118 74 des
1723 3519 233 100 Herrn
2029 3524 263 105 Probst
2341 3531 185 98 -Her,
2597 3524 268 92 welches

2634 3622 130 100 offe
2792 3638 72 66 nt
