3088 4594
1778 534 93 70 3i

162 717 416 100 offenherzig,
647 712 331 85 bekenne«
1035 720 119 72 alle
1213 710 253 96 Dinge
1515 715 139 80 rein
1710 732 172 79 aus,

158 822 68 94 ja
256 843 156 57 man
446 816 222 95 erfuhr
702 813 127 99 fast
856 815 180 96 mehr
1068 836 132 58 von
1234 815 175 96 ihm,
1466 824 108 70 als
1600 839 164 63 man
1802 842 76 74 zu

161 921 216 100 wissen
415 924 354 93 verlangte.

366 1123 188 85 Das
574 1114 342 100 Gewissen
946 1112 346 96 erwachte,
1350 1115 158 89 seine
1536 1114 348 101 Frechheit

159 1236 438 70 verwanviete
638 1221 121 96 sich
804 1224 69 74 in
926 1212 619 98 Wehmüthigkeit,
1611 1230 148 67 und
1805 1242 68 58 er

159 1331 139 97 gab
331 1327 183 79 Gott
543 1325 101 74 die
663 1319 211 95 Ehre,
927 1317 332 80 bekenne«
1287 1319 232 85 beydes
1553 1336 119 61 vor

158 1439 142 71 und
344 1424 360 89 Menschen
762 1420 158 90 seine
964 1414 302 95 Sünde,
1320 1428 140 69 und
1506 1430 86 63 da
1642 1434 238 68 wurde

162 1552 167 56 man
364 1520 519 92 überbewiesen,
938 1517 135 95 daß
1116 1538 65 58 er
1214 1519 291 89 wirklich
1533 1516 316 100 Med-ge-

162 1631 165 93 habt

1776 1538 75 78 ge-

163 1632 166 92 habt
367 1631 68 78 in
473 1638 122 70 den
629 1623 258 93 Lastern
921 1617 228 99 welche
1189 1626 134 71 das
1351 1616 338 97 Gerüchte
1739 1602 112 100 bis-

160 1734 110 98 her
308 1731 110 100 ihn
446 1726 416 99 beschuldiget
891 1717 195 98 hatte.

363 1928 214 94 Nicht
605 1928 188 77 allein
825 1922 98 80 die
965 1919 254 100 Furcht
1249 1915 110 96 für
1391 1930 120 70 den
1539 1919 338 97 Urtheiken

161 2032 259 85 Gottes
440 2042 140 70 und
619 2039 111 68 der
745 2024 243 91 Welk,
1037 2021 447 93 zerknirschten
1517 2024 117 87 sein
1663 2023 213 95 Herz,

164 2138 278 92 sondern
466 2131 270 93 zugleich
754 2130 132 74 eine
920 2125 224 91 wahre
1164 2122 198 83 Reue
1404 2109 444 98 undBeirüb-

169 2235 116 94 uiß
319 2233 162 82 über
515 2232 158 88 seine
709 2224 302 85 Sünde;
1069 2234 166 66 Venn
1285 2247 142 54 nun
1485 2225 228 77 wirkte
1765 2236 110 66 der

165 2336 197 93 Geist
383 2335 259 79 Gottes
677 2329 69 75 in
775 2324 227 90 seinem
1023 2321 273 95 Herzen,
1347 2333 133 67 das
1513 2325 221 82 bisher
1765 2324 111 92 für

164 2446 148 74 dem
350 2424 420 94 Gnadenruf
792 2419 404 99 verschlossen
1236 2422 294 96 gewesen,
1548 2445 174 58 war.

367 2635 143 85 Ein
557 2649 171 76 paar
757 2621 281 96 Briefe,
1093 2619 228 88 welche
1359 2641 134 61 von
1523 2622 202 93 seinen
1759 2620 94 86 El-

166 2758 144 64 tern
350 2738 338 89 einliefen,
744 2725 356 92 vermehrte
1134 2722 170 97 nicht
1332 2730 220 87 wenig
1582 2725 162 86 seine
1782 2728 68 74 in-

170 2839 267 93 nerliche
460 2828 427 94 Berrübniß,
944 2837 141 66 und
1116 2832 121 70 den
1272 2823 177 96 Fluß
1490 2834 111 68 der
1648 2820 197 95 Tind-

168 2960 164 72 nen,
389 2937 234 79 womit
651 2955 64 56 er
735 2925 236 99 täglich
1013 2926 262 91 strebte,
1335 2933 174 71 einen
1545 2923 194 96 Theil
1773 2922 76 92 sei-

170 3061 112 61 ner
330 3038 312 84 Sünden
694 3025 482 97 abzuwaschen.
1315 3025 155 83 Die
1517 3024 331 94 Vermah-

170 3163 263 72 nungen
488 3148 111 68 der
664 3132 201 79 lieben
934 3127 279 82 Eltern,
1298 3128 225 86 welche
1604 3124 271 92 bishero

171 3242 322 97 fruchtlos
521 3233 316 99 gewesen,
899 3229 180 94 fielen
1123 3245 142 59 nun
1319 3231 64 70 in
1417 3228 124 76 eine
1575 3245 154 74 gute
1747 3222 102 86 Er-

173 3352 111 85 de,
342 3354 136 69 und
505 3335 307 98 brachten
831 3327 293 100 Frucht,
1175 3325 267 96 welches
1483 3348 63 56 er
1579 3331 65 72 in
1671 3329 207 76 einem

172 3443 240 92 Briefe
438 3464 88 56 an
562 3439 154 90 seine
746 3434 230 82 Ellern
1012 3433 326 88 bezeugte,
1394 3438 84 66 da
1516 3428 172 97 ihm,
1726 3430 124 76 wie-

171 3547 136 76 wol
349 3560 190 73 unter
569 3534 332 104 Aussicht,
983 3527 210 100 Feder
1239 3537 136 74 und
1409 3526 234 90 Dime
1699 3547 180 71 zuae-

1681 3622 199 100 lassen
