3088 4520
1724 469 112 85 29

127 675 302 94 Strafen
461 680 28 76 i
517 674 422 97 Proportion
993 671 80 94 af
1113 672 178 94 hans
1347 671 492 95 Misgierning,

128 802 122 55 var
327 757 285 112 særdeles
682 778 284 94 naadig,
1056 783 348 84 desuagtet
1465 768 379 101 forlængede

130 884 133 90 han
310 887 127 87 dog
476 900 75 56 en
582 878 247 97 Præst,
888 900 81 73 og
1008 897 127 58 var
1178 874 218 98 Hans
1440 873 379 89 Højærvær-

127 981 230 92 dighed
409 979 258 97 Provst
716 974 147 97 See
931 979 74 78 kil
1051 975 344 97 Holmens
1449 972 228 93 Kirke,
1717 987 124 67 den

133 1082 135 92 som
299 1079 143 82 blev
483 1080 317 94 beordrer,
849 1096 69 62 at
957 1081 221 78 berede
1209 1076 155 96 ham
1401 1081 75 76 til
1503 1072 289 88 Døden.

334 1279 175 97 Han
588 1279 217 96 havde
880 1279 171 80 altid
1132 1276 167 94 havt
1358 1273 163 86 Ord
1586 1270 105 96 for
1766 1293 83 60 en

131 1379 402 97 Fritænker,
591 1403 82 72 og
709 1400 240 74 mange
983 1379 274 78 tvivlede
1291 1397 106 58 om
1431 1377 178 93 hans
1653 1373 198 92 sande

134 1478 496 93 Omvendelse,
696 1488 120 69 ved
886 1492 102 66 der
1058 1491 116 72 der
1238 1476 268 95 sagdes,
1588 1491 72 62 at
1715 1475 139 90 han

134 1603 171 59 naar
360 1579 303 99 Præsten
718 1580 109 95 gik
892 1580 105 94 fra
1066 1577 185 96 ham,
1322 1595 125 60 var
1516 1574 131 94 han
1704 1579 123 90 lige-

137 1683 224 97 gyldig
425 1702 82 72 og
569 1680 324 94 lersindig,
957 1699 84 72 og
1095 1685 16 69 i
1171 1678 178 94 hans
1423 1673 432 93 Nærværelse

135 1790 203 72 allene
405 1785 333 90 andægtig
817 1802 139 68 paa
1011 1773 349 96 Skrømt,
1407 1773 133 96 som
1591 1798 83 81 og
1725 1777 103 81 vir-

138 1884 160 95 kelig
354 1903 66 59 er
476 1882 172 94 steed
700 1885 20 76 i
794 1878 490 99 Begyndelsen.

347 2081 182 79 Men
581 2088 90 69 da
723 2087 124 69 den
905 2078 408 93 velfortjente
1387 2097 84 73 og
1543 2073 318 96 retskafne

146 2184 246 82 Lærere
446 2180 148 78 kom
652 2183 20 72 i
702 2176 280 95 Erfarig
1018 2191 258 79 derom,
1330 2173 352 95 foreholdte
1722 2179 140 84 han

148 2288 163 88 ham
370 2281 181 88 hans
598 2279 171 92 dybe
802 2276 435 98 Fordervelse
1296 2297 83 72 og
1432 2287 121 67 den
1606 2275 259 80 Skade

147 2384 138 92 som
349 2383 150 94 fligt
548 2375 469 100 foraarsagede
1059 2373 110 92 for
1223 2376 186 92 ham,
1461 2386 90 66 da
1607 2376 130 89 han
1767 2377 72 77 til-

149 2488 143 90 stod
341 2483 125 92 sine
519 2478 181 98 Feil,
773 2500 83 64 og
905 2484 215 72 lovede
1175 2492 73 62 at
1291 2473 137 96 han
1459 2474 171 78 vilde
1681 2492 189 76 vogte

152 2590 94 90 sig
304 2576 294 97 herefter,
658 2577 234 92 hvilket
944 2577 132 94 han
1134 2598 82 70 og
1274 2574 124 91 har
1454 2576 204 89 giorr,
1712 2577 158 90 ester

151 2696 106 68 det
294 2679 459 88 Vidnesbyrd
798 2676 279 95 somHc.
1108 2674 269 98 Provst
1423 2671 148 93 see
1618 2674 125 91 har
1778 2682 65 86 gi-

155 2783 297 94 vetham,
509 2802 83 71 og
623 2777 134 92 som
789 2774 294 98 offentlig
1107 2798 66 56 er
1209 2773 488 95 bekiendtgiorr,
1743 2793 128 59 var

158 2886 136 92 han
344 2886 98 75 vel
512 2878 388 92 overbeviset
966 2899 112 56 om
1150 2876 94 94 sin
1296 2873 248 95 Synd,
1612 2897 82 70 og
1768 2879 76 73 be-

156 2996 173 72 reder
384 2986 75 75 til
508 2978 301 90 Doden,
870 2982 139 90 som
1064 2997 77 56 en
1194 2974 301 95 Christen
1562 2974 125 79 bor
1740 2993 101 59 væ-

157 3108 92 58 re.
379 3079 178 85 Den
641 3077 478 98 Frimodighed
1193 3076 132 94 han
1399 3074 246 94 udviste
1711 3079 18 74 i
1777 3077 96 91 sin

161 3185 183 92 sidste
401 3181 235 85 Døds
689 3177 201 90 Time
939 3199 163 56 maa
1155 3178 53 74 ei
1267 3184 239 81 regnes
1581 3176 157 92 ham
1799 3178 73 76 til

160 3283 340 97 Frækhed.
536 3318 126 13 —
682 3281 172 85 Han
910 3279 242 88 tilskrev
1208 3298 82 71 og
1336 3275 90 92 sin
1466 3271 382 96 høis-bedro-

163 3392 77 70 de
290 3385 255 80 Moder
592 3383 21 76 i
662 3379 321 97 Fængslet
1035 3395 56 60 et
1170 3374 239 84 Brev.
1480 3376 189 88 hvori
1738 3377 137 92 han
