3031 4379
1225 649 116 75 der
1373 642 202 85 Welt
1609 662 72 76 zu
1717 643 303 98 schaffen,
2079 649 136 72 und
2265 647 294 75 alsdann
2603 640 120 80 mit
2753 634 168 105 Feur

1226 754 140 69 und
1398 745 420 93 Schwerdt,
1892 745 224 95 (Falls
2164 744 120 94 sich
2328 743 262 92 jemand
2640 764 128 58 von
2810 757 110 65 den

1225 843 248 93 Hohen
1517 852 136 72 und
1686 843 303 81 Niedern
2035 842 386 95 widersetzen
2469 843 290 100 würde,)
2808 845 109 95 sich

1225 945 123 73 den
1379 940 197 98 Weg
1628 962 142 75 zum
1819 943 277 97 Königl.
2145 941 311 99 Throne,
2515 942 229 83 Krone
2790 954 126 70 und

1224 1037 299 96 Scepter
1562 1064 71 72 zu
1664 1044 283 84 bahnen.

1430 1225 479 96 Verschiedene
1942 1225 435 100 fürchterliche
2408 1233 367 96 Anstalten,
2828 1240 89 76 die

1221 1327 202 95 einige
1453 1325 318 92 Wochen
1819 1331 233 93 vorher
2097 1349 131 61 von
2277 1344 145 67 dem
2467 1335 451 94 abscheulichen

1220 1424 274 93 Grafen
1538 1436 394 85 angeordnet
1974 1439 315 83 wurden,
2368 1433 202 95 setzten
2622 1444 120 72 alle
2786 1437 108 83 Be-

1221 1528 274 92 wohner
1531 1530 64 76 in
1629 1537 134 69 und
1799 1529 368 96 ausserhalb
2203 1532 450 98 Kopenhagen
2691 1540 64 75 in
2801 1537 92 84 Er-

1218 1627 314 95 staunen,
1588 1637 136 70 und
1770 1638 108 69 der
1916 1631 166 83 Eine
2123 1629 301 103 fürchtete
2476 1638 118 93 sich
2652 1636 112 94 für
2808 1647 108 69 den

1218 1725 313 99 Andern;
1626 1729 199 93 daher
1878 1729 347 83 Niemand
2303 1737 162 92 ohne
2525 1739 98 78 die
2699 1737 216 96 größte

1217 1825 253 100 Furcht
1503 1822 255 99 aufder
1785 1828 271 98 Straße
2085 1835 209 93 gieng,
2331 1845 151 69 oder
2515 1818 401 104 desÄbends

1214 1925 123 96 sich
1370 1946 73 72 zu
1472 1923 207 87 Bette
1726 1933 171 93 legte.
2010 1930 101 84 Er
2162 1934 119 94 ließ
2326 1937 97 77 die
2470 1935 269 98 größten
2776 1941 115 78 Ka-

1211 2040 211 64 nonen
1457 2036 131 70 aus
1623 2032 143 74 dem
1797 2026 377 102 Zeughause
2215 2035 129 86 auf
2363 2039 97 75 die
2489 2036 271 97 Walle,
2801 2061 111 63 vor

1208 2125 105 81 die
1342 2122 501 100 Wachthciuser
1872 2142 135 69 und
2036 2152 121 60 vor
2188 2136 91 76 die
2300 2134 419 99 Stadtthore
2750 2143 135 79 brin-

1207 2245 157 76 gen,
1419 2234 135 72 und
1593 2226 211 101 scharf
1835 2237 117 72 mit
1989 2232 425 99 Cartatschen
2455 2244 203 74 laden.
2765 2243 143 84 Die

1204 2325 340 82 Kanonen
1578 2325 127 98 auf
1742 2336 116 74 den
1886 2331 294 85 Wallen
2216 2345 274 73 wurden
2526 2347 118 73 alle
2662 2340 243 100 Abend,

1207 2428 166 92 nach
1437 2426 466 100 geschlagenem
1951 2431 517 105 Zapfenstreich,
2561 2463 192 77 gegen
2815 2447 88 79 die

1208 2527 276 94 Stadt,
1538 2536 202 89 langs
1794 2536 98 75 die
1942 2535 294 98 Gassen,
2302 2540 318 100 gerichtet.
2758 2545 142 86 Die

1208 2629 245 95 beyden
1484 2626 277 97 Königl.
1810 2632 627 99 Garderegimenter
2483 2652 272 73 wurden
2797 2649 78 79 ab-

1200 2729 314 98 gedankt,
1571 2731 419 92 verschiedene
2038 2742 480 89 verdienstvolle
2559 2747 343 94 Ministers

1200 2831 139 94 ihre
1372 2828 279 96 Dienste
1696 2835 335 96 entlassen,
2090 2845 117 75 alle
2254 2838 351 87 Wackren
2648 2857 227 89 verdop-

1201 2938 165 89 pelt,
1423 2940 135 68 und
1603 2933 155 95 noch
1797 2935 277 100 mehrere
2117 2939 587 106 Extra-Wachten
2751 2961 121 71 aus-

1200 3034 287 92 gestellet.
1594 3030 157 83 Die
1784 3036 351 83 Soldaten
2168 3044 265 90 erhilten
2468 3050 97 75 ein
2596 3053 163 86 jeder
2808 3055 85 94 36

1199 3128 243 96 scharfe
1475 3129 395 104 Patronen,
1923 3150 137 68 und
2103 3149 127 71 das
2263 3142 455 99 Parroulliren
2753 3172 139 60 war

1196 3228 580 102 ausserordentlich.
1860 3239 243 96 Selbst
2130 3242 125 91 auf
2436 3248 305 101 Schlosse
2762 3251 133 101 sähe

1195 3351 166 60 man
1391 3331 96 82 die
1523 3328 348 102 Wachten
1911 3352 407 91 verdoppelt,
2375 3360 136 68 und
2557 3352 209 96 scharf
2799 3379 65 74 ge-

1194 3435 228 85 ladene
1450 3429 332 91 Kanonen
1818 3440 443 108 hinpflgnzen;
2312 3449 186 97 sogar
2530 3464 230 71 wurde
2802 3467 92 69 ein

2711 3556 181 100 jeder,
