3050 4452
-1 1398 44 98 MW>

1186 622 196 88 vidste
1420 622 72 76 de
1540 623 204 74 under
1786 619 248 92 tusinde
2080 616 196 92 listige
2308 609 562 97 Forevendinger,

1185 736 74 62 at
1301 722 270 90 indgive:
1607 719 152 90 ham
1799 718 299 98 skadeligt
2132 714 571 83 Medikamenter,
2762 707 105 92 saa

1187 820 134 90 han
1355 821 364 92 nødvendig
1759 835 250 60 maatte
2039 812 248 90 befinde
2321 812 90 92 sig
2447 809 166 90 ilde,
2665 809 204 92 gierne

1185 922 144 78 blev
1391 924 270 84 hiemme
1703 937 80 70 og
1827 917 176 90 holdt
2061 928 124 64 ved
2233 910 310 93 Sengen.
2675 905 196 95 Diste

1181 1018 526 84 Medikamenter
1761 1015 164 98 have
1971 1012 268 92 virkelig
2297 1011 352 92 beskadiget
2691 1011 152 78 Kon-

1183 1128 169 84 gens
1393 1117 347 90 Sundhed
1789 1117 71 78 til
1911 1135 75 58 en
2015 1112 211 88 Deel.
2329 1108 213 83 Naar
2591 1107 277 96 Kongen

1184 1218 254 82 kiørede
1464 1224 142 73 eller
1624 1223 142 70 reed
1788 1227 116 78 ud,
1962 1236 130 58 var
2124 1214 164 82 altid
2316 1210 196 81 Grev
2544 1205 300 90 Skruen-

1184 1322 94 90 see
1318 1340 80 72 og
1428 1318 314 82 Brande
1782 1335 108 56 om
1922 1313 192 89 ham,
2174 1332 82 74 og
2298 1332 128 62 var
2462 1311 136 92 han
2630 1319 86 68 da
2742 1329 104 57 om-

1184 1422 214 88 ringer
1436 1427 146 68 med
1622 1433 74 62 en
1742 1413 176 94 stærk
1946 1411 298 93 Escorte,
2302 1410 118 94 saa
2450 1411 192 94 ingen
2672 1407 196 86 kunde

1180 1514 257 80 komme
1476 1517 75 77 til
1606 1513 177 94 ham.
1914 1515 351 79 Saadant
2310 1534 85 71 og
2434 1529 203 64 meere
2676 1517 195 74 ander

1181 1624 198 72 svede
1409 1622 76 70 de
1517 1615 368 93 saalænge
1653 1619 224 90 længe,
1923 1614 70 80 til
2027 1620 74 72 de
2147 1612 244 91 endelig
2421 1611 152 92 efter
2603 1627 74 62 at
2699 1627 146 64 tven-

1177 1722 76 72 de
1273 1712 260 82 Nætrer
1561 1713 208 94 havde
1797 1715 200 94 flager
2031 1722 144 72 dem
2205 1714 120 86 feil,
2353 1717 314 88 udvalgte
2683 1707 166 84 Nar-

1181 1830 106 64 ten
1319 1818 268 77 imellem
1623 1821 118 72 den
1785 1821 166 68 16de
1997 1834 82 72 og
2118 1820 171 91 tyde
2335 1810 334 101 Januarii
2699 1815 70 76 ril
2801 1822 74 68 ar

1177 1910 234 96 udføre
1445 1914 90 94 sin
1567 1909 490 97 fordømmelige
2103 1908 332 97 Gierning
2465 1913 38 74 i.
2611 1909 140 96 For
2795 1922 74 68 ak

1180 2014 390 94 understøtte
1594 2023 184 68 deres
1810 2012 504 97 Forehavende,
2368 2030 158 59 vare
2556 2009 314 94 adskillige

1176 2114 256 92 Herrer
1462 2123 434 71 underrettede
1936 2132 106 60 om
2076 2118 188 72 deres
2298 2108 384 98 Hensigter,
2738 2119 128 85 bog

1178 2210 130 82 ikke
1378 2210 512 89 Generalmajor
1972 2210 368 92 Lichftedr
2388 2213 140 78 eller
2592 2209 276 95 Oberste

1174 2310 278 82 Böller.
1558 2309 176 84 Den
1760 2307 192 96 første
1986 2310 138 80 blev
2162 2318 118 70 den
2324 2317 168 88 14de
2534 2307 330 100 Ianuarit

1178 2410 331 82 indbuden
1538 2409 69 80 til
1654 2409 327 96 Kongens
2024 2406 221 100 Taffel
2290 2430 85 72 og
2428 2409 303 92 indfandt
2778 2411 87 95 sig

1177 2520 134 70 der.
1411 2508 190 91 Efter
1631 2507 298 98 Taffelet,
1955 2511 140 77 blev
2129 2512 130 94 han
2291 2512 76 90 af
2389 2509 198 82 Grev
2615 2510 217 82 Stra-

1180 2614 178 96 ensee
1391 2610 316 78 indkaldet
1737 2613 20 72 i
1787 2629 56 58 et
1877 2608 266 84 Gemak
2193 2630 82 72 og
2325 2614 18 74 i
2377 2631 74 58 en
2509 2611 140 90 høie
2697 2609 140 100 Per-

1181 2710 150 88 sons
1359 2707 424 90 Nærværelse
1827 2711 290 88 foreviser
2167 2716 118 72 den
2335 2712 128 92 hele
2497 2711 232 98 Plan,
2783 2732 80 74 og

1179 2808 147 82 blev
1357 2812 173 90 hans
1559 2807 389 92 Regimente
1989 2806 323 98 forlanget
2343 2814 71 77 til
2453 2811 229 96 Hielp,
2723 2813 115 92 lige-

1180 2908 136 88 som
1348 2930 156 56 man
1536 2929 80 72 og
1636 2905 378 100 forlængede
2068 2908 76 82 af
2172 2910 198 94 ham,
2426 2933 70 56 ar
2528 2911 130 98 han
2692 2915 18 80 i
2744 2923 118 70 den

1178 3006 146 96 høie
1368 3006 300 98 Persons
1716 3029 80 74 og
1850 3009 174 98 hans
2076 3008 220 82 Navn
2334 3012 202 94 flulbe
2594 3019 272 75 meddele

1178 3106 276 92 Oberste
1486 3106 290 79 Bollett
1800 3117 200 69 denne
2034 3106 324 100 Befaling
2394 3133 80 74 og
2504 3113 192 98 Plan
2721 3121 153 83 paa4

1178 3214 102 72 det
1314 3208 128 92 han
1470 3226 80 71 og
1580 3207 72 76 til
1682 3207 282 96 bestemte
2006 3206 134 92 Tid
2170 3210 202 82 kunde
2404 3213 182 90 holde
2618 3217 74 90 sir
2722 3211 106 84 Re-

1177 3310 274 88 gimente
1488 3302 255 99 færdigt
1779 3329 80 72 og
1903 3330 168 58 naar
2101 3318 108 72 der
2259 3332 124 60 var
2431 3321 138 86 lagt
2601 3315 256 96 Haand

1175 3424 136 72 paa
1343 3404 316 93 Kongen,
1713 3427 80 74 og
1835 3413 114 72 alle
2007 3408 484 98 Jndvaqnerne
2525 3417 18 74 i
2579 3437 80 72 og
2693 3425 164 68 uden

1173 3518 113 68 om
1323 3502 478 103 Kiøbenhavn,
1859 3511 54 80 ei
1934 3509 182 110 srax-
2133 3512 166 82 vilde
2343 3514 222 99 Hylde
2615 3527 116 66 ben
2765 3535 60 58 re-

2613 3617 238 96 gieren-
