2761 4589
1617 439 90 76 39

203 628 129 74 paa
391 595 475 98 Mennifferne,
941 614 171 62 naar
1173 596 79 80 de
1295 608 157 68 vare
1505 595 267 98 ulydige

202 708 166 80 imod
430 702 166 92 ham.
726 695 140 100 For
898 692 404 96 ffammelige
1354 694 320 97 Horerier
1732 697 24 78 i

196 806 212 96 Israel
430 796 160 96 faldt
618 815 132 74 paa
788 815 74 58 en
898 791 190 95 Dag
1128 798 202 74 allene
1366 815 270 74 23000,
1668 813 74 72 ey
1770 825 42 57 4
1850 806 166 84 Mos.

196 920 68 62 at
316 902 118 76 tale
494 914 106 60 om
652 899 200 76 andre
898 889 226 89 Bider
1176 910 82 76 og
1304 888 548 101 Leyligheder;B.
1904 908 110 62 25.

190 1018 141 60 men
358 1004 77 70 os
470 992 119 98 har
631 992 129 94 han
860 1004 233 80 uagtet
1120 1006 124 58 vor
1278 990 161 90 store
1472 991 268 96 Ulydig-
1860 990 58 50 *•

189 1098 134 92 hed,
373 1092 230 93 sparet,
655 1107 82 76 og
757 1089 258 80 bevaret
1059 1082 142 98 disse
1225 1084 214 96 Riger
1477 1107 78 74 og
1577 1087 134 82 Lan-

183 1202 72 72 de
299 1192 20 72 i
379 1196 88 68 62
517 1188 142 83 Aar
709 1185 104 94 fra
861 1183 164 100 Pest
1077 1204 134 76 paa
1243 1182 374 95 Mennisser
1655 1207 86 76 og

183 1292 246 92 hævnet
443 1290 90 92 sig
567 1305 130 74 paa
715 1283 314 96 Qvæget.
1131 1280 176 84 Men
1341 1286 202 75 denne
1563 1279 148 100 Pla-

175 1408 117 76 ge,
343 1384 136 86 som
511 1381 224 98 strakte
765 1387 89 90 sig
889 1381 112 92 saa
1043 1384 186 90 langt
1275 1384 90 76 ud
1399 1377 18 78 i
1449 1385 106 76 det
1617 1379 92 82 Al-

182 1484 370 94 mindelige,
608 1479 116 92 har
760 1479 260 96 Herren
1054 1500 92 60 nu
1180 1480 22 76 i
1231 1474 251 85 Naade
1514 1479 190 92 stand-

184 1582 100 92 set.
382 1580 68 96 I
506 1585 178 88 nogle
738 1575 144 84 Aar
936 1579 120 91 har
1114 1576 312 96 Jordens
1490 1575 248 88 Grøde

182 1684 194 94 slaget
404 1676 160 96 feyl,
618 1697 78 74 og
734 1679 232 82 derved
998 1670 396 102 foraarsaget
1430 1679 122 90 dyr
1576 1671 162 92 Bid

182 1780 240 76 overalt
456 1776 18 76 i
506 1772 306 97 Rigerne.
914 1772 118 84 Vi
1070 1772 276 82 erindrer
1376 1781 106 86 os,
1528 1775 216 92 nesten

174 1872 101 96 for
309 1890 92 64 tre
428 1872 147 84 Aar
618 1873 197 94 siden,
868 1869 175 94 hvad
1074 1866 217 86 Brød
1344 1866 241 99 Bang
1634 1869 113 96 her

179 1992 122 60 var
333 1972 22 76 i
383 1976 202 76 denne
639 1965 248 92 Stad,
943 1988 80 72 og
1055 1980 72 64 at
1179 1962 188 98 Issen
1417 1969 206 88 nesten
1673 1965 72 80 til

183 2068 130 94 høy
359 2066 386 82 Sommers
781 2063 152 88 Bid
993 2068 138 72 laae
1173 2060 134 90 som
1359 2082 78 59 en
1487 2061 228 94 Vogn-

183 2166 162 92 borg
379 2182 110 58 om
521 2162 326 89 Staden,
901 2179 82 73 og
1013 2158 296 96 hindrede
1339 2161 108 76 ald
1501 2155 218 92 Bssor-

183 2260 79 94 sel
317 2256 77 96 af
435 2258 273 84 Levnets
751 2257 267 80 Midler.
1119 2252 181 88 Den
1341 2254 173 81 Nød
1565 2255 183 94 hialp

180 2360 178 82 Gud
386 2376 72 74 ey
490 2360 230 76 alleene
750 2349 104 96 af,
912 2372 148 58 men
1108 2354 130 88 han
1270 2352 120 90 har
1434 2371 82 74 og
1564 2353 20 78 i
1630 2351 114 94 sær

180 2454 108 92 saa
314 2450 212 96 rigelig
598 2451 254 88 velsinet
948 2453 168 75 dette
1192 2446 188 96 Aar,
1454 2461 72 68 at
1608 2453 136 94 det,

178 2552 130 92 som
348 2552 260 94 Herren
638 2547 118 90 har
790 2543 134 96 sagt
960 2565 80 75 og
1078 2548 184 78 loved
1284 2550 120 75 ved
1426 2543 284 100 Prophe-

178 2666 105 62 ten
322 2644 283 100 Hoseas:
636 2641 141 98 Jeg
816 2643 89 80 vil
924 2640 291 96 bønhøre
1254 2640 345 101 Himlene,
1656 2667 81 76 og
1756 2632 143 82 Hof
1956 2655 43 46 2-

170 2751 77 76 de
171 2752 78 74 de
274 2743 150 95 skal
457 2741 290 94 bønhøre
789 2739 312 102 Jorden,
1163 2758 80 76 og
1289 2736 272 100 Jorden
1609 2737 264 100 jkal21*
1915 2740 110 48 32‘

173 2842 290 94 bønhøre
497 2840 264 81 Kornet
807 2859 80 76 og
933 2837 270 95 Mosten
1233 2858 78 74 og
1343 2836 250 97 Olien,
1653 2861 82 80 og

167 2946 120 90 de,
341 2946 72 76 de
429 2938 120 92 ssal
565 2937 288 94 bønhøre
865 2935 248 116 Israel,
1171 2940 100 74 det
1287 2954 62 58 er
1365 2918 192 109 faden
1573 2937 20 78 i
1609 2955 122 64 vor

169 3038 155 88 Lod,
383 3038 71 80 til
513 3058 77 59 en
633 3035 295 102 kiendelig
963 3032 242 94 Lettelse
1253 3032 185 87 i.den
1501 3031 231 104 forhen

174 3134 328 96 trykkende
544 3142 158 87 dyre
734 3129 170 92 Bid.

309 3329 242 103 Gaaer
800 3335 106 96 c.)
964 3329 312 101 Graten,
1302 3336 84 80 da
1402 3351 192 64 maae
1628 3341 106 76 det

172 3424 150 96 hede
352 3428 128 90 som
510 3430 248 85 David
810 3433 120 92 har
980 3430 179 94 sagt,
1236 3452 79 74 og
1370 3438 108 75 der
1534 3433 200 78 bliver

166 3512 143 114 sagt
351 3546 132 78 paa
519 3534 194 77 denne
759 3529 230 100 Dags
1021 3528 346 104 Middags
1431 3527 300 84 Stund:

1717 3619 10 20 ‘

713 3627 64 88 C
819 3651 50 74 4
1403 3625 224 84 Kom-
1717 3619 10 20 ‘
