2743 4482
1578 334 86 66 17

184 509 240 72 maatte
471 503 153 65 være
675 480 135 80 Mot
861 478 257 82 Naade
1177 478 71 79 til
1291 476 443 97 Omvendelse

184 587 217 106 Heraf
472 587 117 89 sees
670 588 85 76 da
820 601 123 73 og,
1034 576 167 96 hvor
1270 575 235 94 vigtige
1584 576 171 96 Folk

187 698 205 81 Guds
433 687 297 89 Benere,
787 687 105 74 det
943 695 65 60 er
1047 680 75 76 de
1179 678 109 77 der
1323 675 19 76 i
1395 673 357 93 Sandhed

182 792 229 97 frygter
445 808 77 72 og
562 778 221 97 dyrker
828 773 307 99 Herren,
1193 792 62 59 er
1316 773 19 76 i
1391 791 60 60 et
1516 769 231 100 Land,

182 900 96 71 det
330 907 60 59 er
434 889 70 74 de
546 888 106 76 der
704 874 304 85 afvender
1037 869 531 99 Forbandelsen,
1640 876 106 75 det

180 1011 63 58 er
310 994 71 72 de
450 987 107 75 der
620 978 301 79 tilvender
982 967 467 96 Velsignelsen.
1614 966 129 97 Og

181 1088 160 79 kand
371 1089 102 74 det
502 1080 97 78 vel
639 1074 125 80 ikke
809 1075 200 91 siges,
1060 1086 170 61 naar
1267 1066 179 83 Gud
1487 1064 255 96 straffer

179 1193 130 71 eller
343 1181 298 91 velsigner
681 1190 54 60 et
769 1169 214 92 Land,
1041 1184 186 62 enten
1263 1183 76 60 at
1365 1171 76 72 de
1483 1183 96 58 ere
1615 1172 126 72 alle

174 1289 162 74 onde
387 1275 131 94 som
563 1272 191 82 bliver
805 1263 327 100 straffede,
1189 1268 145 73 eller
1383 1279 73 61 at
1515 1265 75 76 de
1639 1282 101 58 ere

173 1389 119 70 alle
331 1381 191 91 gode,
572 1372 130 84 som
734 1368 194 77 bliver
947 1366 389 92 velsignede,
1394 1361 112 86 saa
1560 1359 180 82 kand

176 1486 104 73 det
318 1482 119 85 dog
478 1470 113 94 vist
632 1470 196 92 siges,
900 1477 76 67 at
1020 1457 486 101 Forbandelsen
1554 1457 148 81 kom-

173 1593 130 60 mer
329 1570 100 94 for
467 1575 116 73 den
613 1563 388 97 Ugudeliges
1023 1581 78 73 og
1138 1553 459 100 Velsignelsen
1628 1554 107 98 for

164 1678 73 74 de
283 1661 490 99 Gudfrygtiges
817 1659 286 95 Skyld;
1160 1678 79 75 og
1271 1660 110 77 lad
1448 1672 169 62 være
1660 1672 77 64 at

163 1770 259 97 Herren
457 1786 93 56 nu
589 1770 173 72 lader
801 1763 93 90 sin
923 1755 191 85 Soel
1141 1775 246 74 opgaae
1421 1772 150 60 over
1623 1776 83 58 on-

162 1874 74 74 de
272 1888 78 72 og
390 1869 158 90 gode
588 1882 80 71 og
704 1863 183 93 lader-
924 1872 192 72 regne
1158 1872 148 57 over
1332 1849 402 97 Retfærdige

168 1986 80 69 og
279 1957 453 94 Uretfærdige,
810 1951 114 90 saa
970 1953 156 88 skeer
1175 1955 103 70 det
1347 1955 127 87 dog
1525 1949 23 76 i
1611 1956 125 73 den

164 2060 337 104 Hensigts
544 2072 73 60 at
658 2052 131 86 han
804 2051 87 76 vil
932 2043 297 96 opvække
1254 2048 145 74 dem
1432 2065 77 71 og
1552 2051 187 72 deres

167 2158 260 93 Børn,
467 2147 130 93 som
623 2146 126 81 ikke
779 2165 132 71 ere,
945 2147 68 74 til
1045 2160 70 62 at
1135 2148 196 71 vorde
1363 2139 172 92 hans
1569 2141 136 79 Tie-

167 2275 198 69 nere,
421 2268 132 73 paa
587 2254 102 71 det
723 2265 72 58 ar
827 2251 100 72 det
959 2261 190 58 maae
1177 2259 162 74 gaae
1369 2243 144 73 dem
1537 2246 100 72 vel
1657 2262 78 73 og

159 2358 187 74 deres
379 2345 151 98 ester
553 2350 185 84 dem,
793 2337 133 94 som
969 2334 237 84 Moses
1255 2354 71 69 ey
1357 2341 201 74 allene
1589 2338 162 80 vid-'

158 2467 113 61 ner
306 2464 107 59 om
436 2437 29 84 \
502 2438 287 95 Texten,
852 2455 148 59 men
1038 2430 260 86 David
1364 2438 146 74 med
1564 2433 163 93 ham

158 2539 356 91 bekræfter,
572 2554 168 62 naar
779 2533 133 94 han
941 2531 191 96 siger:
1175 2526 203 89 Dine
1409 2525 313 91 Tieneres

154 2642 217 83 Born
390 2637 119 92 stal
544 2634 117 80 boe
687 2656 82 71 og
806 2639 183 76 deres
1020 2629 191 83 Sæd
1232 2628 121 94 stal
1372 2625 349 103 stadfæstes
1742 2633 161 87 Psal.

147 2736 103 100 for
273 2739 97 82 dit
403 2735 249 95 Ansigt.
1751 2739 257 68 ror,29.

269 2919 123 106 B.)
447 2913 379 95 Maaden
912 2927 162 79 paa
1143 2904 297 99 hvilken
1507 2907 213 102 Gud

410 3045 193 85 vster
642 3048 96 86 og
773 3022 288 108 beviser
1118 3028 243 82 denne
1406 3023 168 96 Loft
1620 3028 98 89 til

408 3143 151 102 sin?
584 3141 397 92 Tieneres
1000 3158 95 88 og
1150 3142 221 85 deres
1404 3139 313 93 Børns

409 3257 397 97 Velstand
857 3274 81 65 er
999 3260 143 80 ved
1201 3262 91 79 at
1347 3255 175 87 kåde
1593 3254 117 96 sin

415 3371 399 119 Gjerning
854 3366 313 116 jBsfor
1228 3374 179 87 dem
1470 3388 96 88 og
1596 3370 115 106 sin

848 3488 104 94 B
1376 3479 210 115 Her.
