2786 4624
1646 544 36 72 5
1714 542 34 72 5

172 742 304 98 Tragten
506 747 144 74 eller
680 737 316 101 Atrraae,
1052 758 134 60 nær
1218 739 20 76 i
1272 739 186 78 deres
1492 735 258 95 Sind,
1804 748 74 66 at

172 872 77 76 de
288 868 193 94 flittig
528 863 197 80 tænke
766 869 301 89 derpaa,
1146 877 137 62 nær
1318 861 23 78 i
1372 863 187 76 deres
1606 856 271 98 Mund,

171 1006 70 64 ar
271 994 70 74 de
377 990 212 94 gierne
631 993 128 74 tale
801 991 272 89 derom,
1153 1001 138 59 nær
1321 983 22 78 i
1373 985 186 76 deres
1613 980 264 98 Hierte,

167 1130 72 62 ar
269 1118 76 72 de
371 1114 274 91 mderlrg
671 1107 264 100 forlyste
963 1110 90 94 sig
1081 1103 244 81 derudi.
1430 1099 175 85 Ved

161 1232 251 84 Sinds
443 1231 409 98 Forfatning
892 1248 62 60 er
978 1248 90 60 nu
1093 1230 187 91 intet,
1313 1223 141 94 som
1487 1225 127 78 kan
1649 1218 229 102 hindre

160 1362 188 74 deres
394 1358 214 78 videre
650 1346 530 100 Dueliggiorelse
1218 1349 72 78 til
1336 1363 72 62 at
1448 1351 122 92 yde
1604 1344 272 100 Herren

156 1484 120 74 den
300 1476 360 95 Betaling,
682 1475 130 98 han
840 1474 88 80 vil
948 1472 184 98 have.
1188 1470 170 99 Hos
1388 1473 142 76 dem
1548 1468 324 94 derimod,

154 1598 135 98 som
321 1600 126 80 ikke
464 1600 213 98 frygte
694 1595 295 102 Herren,
1011 1614 64 60 er
1091 1596 208 91 alting
1318 1595 19 76 i
1358 1589 251 86 Vcien.
1714 1588 165 84 Det

153 1742 200 78 gaaer
383 1726 148 75 med
569 1727 196 88 dem,
833 1717 136 95 som
1005 1722 166 76 onde
1199 1715 432 94 Skyldnere:
1735 1712 138 80 En

153 1846 378 102 Ugudelig
595 1859 218 82 tager
857 1840 92 78 ril
987 1844 222 74 laans
1239 1859 104 80 og
1395 1837 276 80 betaler
1703 1834 164 80 ikke.

156 1964 126 100 Pf.
324 1988 126 72 37,
510 1991 114 52 2i.
750 1961 132 86 De
912 1978 148 78 tage
1090 1964 232 76 immer
1350 1981 136 74 paa
1524 1959 350 95 Regning,

162 2108 146 60 men
360 2086 200 80 tænke
590 2087 22 78 i
642 2089 102 76 det
774 2084 224 96 øvrige
1034 2084 214 95 aldrig
1280 2101 136 76 paa
1450 2081 428 97 Regningen.

156 2208 278 98 Daglig
456 2209 328 96 oppebære
802 2211 76 76 de
894 2203 720 101 rusindfoldGodheder
1632 2200 222 102 afHer-

159 2342 156 70 rens
343 2332 192 80 milde
553 2329 290 98 Haand,
897 2332 172 76 uden
1097 2344 70 64 at
1197 2327 296 96 bekymre
1521 2326 126 96 sigi
1669 2328 180 78 mind-

157 2456 82 94 ste
257 2452 302 82 Maader
605 2471 132 74 om,
769 2451 164 98 hvor
977 2452 160 94 store
1169 2454 186 76 deres
1373 2447 348 84 Summer
1760 2467 96 59 ere-

147 2573 71 96 ja
147 2574 72 94 ja
257 2582 272 88 glemme
561 2575 88 96 sig
679 2574 384 79 undertiden
1085 2570 120 93 selv
1243 2571 112 94 faa
1391 2577 272 89 aldeles,
1701 2588 72 62 ar
1805 2576 78 74 de

148 2698 24 80 i
204 2694 276 86 Steden
498 2696 102 95 for
618 2711 72 64 at
708 2697 144 96 give
866 2700 164 92 gode
1064 2694 164 84 Ord
1258 2697 18 76 i
1296 2699 102 76 det
1416 2695 298 97 mindste,
1746 2714 100 60 me-

152 2836 102 80 get
284 2840 168 58 mere
500 2820 274 79 betaler
794 2821 170 78 Om
1132 2820 196 79 Got.
1432 2813 126 100 Pf.
1588 2840 116 72 Z5,
1768 2842 112 52 12.

152 2938 266 100 Førend
462 2946 110 75 der
602 2961 92 60 nu
726 2947 120 74 ved
876 2940 334 92 saadanne
1242 2939 124 80 kan
1396 2941 166 78 blive
1586 2954 196 80 noget
1804 2954 74 64 at

153 3062 512 98 udrette,førend
699 3069 74 78 de
801 3079 185 67 enten
1021 3064 128 78 kan
1165 3061 370 97 faaeVillie
1575 3066 144 74 eller
1743 3058 110 84 Ev-

151 3204 76 58 ne
273 3186 70 78 til
369 3204 70 60 ar
477 3186 232 95 betale,
773 3206 196 59 maae
1015 3192 74 72 de
1133 3185 172 96 slaae
1337 3187 18 78 i
1385 3187 88 94 sig
1513 3183 124 94 felv
1673 3182 192 96 først,

149 3304 281 82 erkiende
479 3312 195 75 deres
729 3309 245 95 forrige
1009 3310 159 78 Uret
1219 3329 81 74 og
1347 3304 391 96 Skændsel,
1791 3324 87 76 og

148 3428 166 80 blive
352 3421 322 105 begierlige
704 3431 154 98 efter
888 3436 74 74 de
984 3428 540 97 Naadekræster,
1564 3427 136 93 som
1718 3444 136 58 nær-

144 3568 170 64 mere
346 3548 126 84 kan
502 3549 286 100 befordre
824 3555 70 80 til
926 3558 104 74 der
1060 3570 160 63 rette
1284 3549 236 86 Maal.
1622 3546 266 84 Denne

930 3672 99 88 D
1082 3698 53 70 4
1574 3667 209 99 første
