<?xml version="1.0" encoding="utf-8"?>
<alto xmlns="http://www.loc.gov/standards/alto/ns-v3#" xmlns:xs="http://www.w3.org/2001/XMLSchema-instance" xmlns:xlink="http://www.w3.org/1999/xlink">
	<Description>
		<MeasurementUnit>pixel</MeasurementUnit>
		<sourceImageInformation>
			<fileName>130017168151_2_021_012_070.tif</fileName>
		</sourceImageInformation>
		<OCRProcessing ID="OCR1">
			<ocrProcessingStep>
				<processingDateTime>2018-09-15</processingDateTime>
				<processingAgency>Zissor AS</processingAgency>
				<processingStepSettings>Combined OCR</processingStepSettings>
				<processingSoftware>
					<softwareCreator>Zissor AS</softwareCreator>
					<softwareName>ContentOCR-11; ContentOCR-Tesseract</softwareName>
					<softwareVersion>2.0.2; 2.0.0</softwareVersion>
					<applicationDescription>OCR Component for Zissor Content System</applicationDescription>
				</processingSoftware>
			</ocrProcessingStep>
		</OCRProcessing>
	</Description>
	<Styles>
		<TextStyle ID="STYLE1" FONTFAMILY="Times New Roman" FONTSIZE="12" FONTSTYLE=""/>
		<TextStyle ID="STYLE2" FONTFAMILY="Times New Roman" FONTSIZE="14" FONTSTYLE=""/>
		<TextStyle ID="STYLE3" FONTFAMILY="Times New Roman" FONTSIZE="13" FONTSTYLE=""/>
		<TextStyle ID="STYLE4" FONTFAMILY="Arial" FONTSIZE="13" FONTSTYLE=""/>
		<TextStyle ID="STYLE5" FONTFAMILY="Arial" FONTSIZE="12" FONTSTYLE=""/>
	</Styles>
	<Layout>
		<Page ID="PAGE446" HEIGHT="4464" WIDTH="2784" PHYSICAL_IMG_NR="446" PROCESSING="OCR1" PC="0.72">
			<TopMargin HEIGHT="552" WIDTH="2784" HPOS="0" VPOS="0"/>
			<LeftMargin HEIGHT="3204" WIDTH="922" HPOS="0" VPOS="552"/>
			<RightMargin HEIGHT="3204" WIDTH="140" HPOS="2644" VPOS="552"/>
			<BottomMargin HEIGHT="706" WIDTH="2784" HPOS="0" VPOS="3758"/>
			<PrintSpace ID="PRINTSPACE1" HEIGHT="3204" WIDTH="1720" HPOS="923" VPOS="553">
				<ComposedBlock xs:type="ComposedBlockType" ID="ARTICLE126047" HEIGHT="3204" WIDTH="1720" HPOS="923" VPOS="553" xlink:type="simple">
					<TextBlock xs:type="TextBlockType" ID="ZONE1295394" HEIGHT="74" WIDTH="108" HPOS="1053" VPOS="553" xlink:type="simple">
						<TextLine ID="LINE1" HEIGHT="74" WIDTH="108" HPOS="1053" VPOS="553">
							<String ID="STRING1" STYLEREFS="STYLE1" HEIGHT="74" WIDTH="108" HPOS="1053" VPOS="553" CONTENT="66" WC="0.25" LANG="nob"/>
						</TextLine>
					</TextBlock>
					<TextBlock xs:type="TextBlockType" ID="ZONE1295395" HEIGHT="2908" WIDTH="1720" HPOS="923" VPOS="739" xlink:type="simple">
						<TextLine ID="LINE2" HEIGHT="110" WIDTH="1678" HPOS="925" VPOS="739">
							<String ID="STRING2" STYLEREFS="STYLE2" HEIGHT="98" WIDTH="244" HPOS="925" VPOS="751" CONTENT="samme" WC="0.72" LANG="dan"/>
							<SP ID="SP1" WIDTH="24" HPOS="1169" VPOS="751"/>
							<String ID="STRING3" STYLEREFS="STYLE2" HEIGHT="100" WIDTH="190" HPOS="1193" VPOS="745" CONTENT="Ord," WC="0.42" LANG="dan"/>
							<SP ID="SP2" WIDTH="54" HPOS="1383" VPOS="745"/>
							<String ID="STRING4" STYLEREFS="STYLE2" HEIGHT="98" WIDTH="136" HPOS="1437" VPOS="745" CONTENT="som" WC="0.81" LANG="dan"/>
							<SP ID="SP3" WIDTH="36" HPOS="1573" VPOS="745"/>
							<String ID="STRING5" STYLEREFS="STYLE2" HEIGHT="104" WIDTH="254" HPOS="1609" VPOS="741" CONTENT="Peder," WC="0.59" LANG="dan"/>
							<SP ID="SP4" WIDTH="56" HPOS="1863" VPOS="741"/>
							<String ID="STRING6" STYLEREFS="STYLE2" HEIGHT="78" WIDTH="86" HPOS="1919" VPOS="747" CONTENT="da" WC="0.77" LANG="dan"/>
							<SP ID="SP5" WIDTH="30" HPOS="2005" VPOS="747"/>
							<String ID="STRING7" STYLEREFS="STYLE2" HEIGHT="100" WIDTH="132" HPOS="2035" VPOS="741" CONTENT="han" WC="0.81" LANG="dan"/>
							<SP ID="SP6" WIDTH="30" HPOS="2167" VPOS="741"/>
							<String ID="STRING8" STYLEREFS="STYLE2" HEIGHT="82" WIDTH="20" HPOS="2197" VPOS="743" CONTENT="i" WC="0.38" LANG="dan"/>
							<SP ID="SP7" WIDTH="30" HPOS="2217" VPOS="743"/>
							<String ID="STRING9" STYLEREFS="STYLE2" HEIGHT="102" WIDTH="356" HPOS="2247" VPOS="739" CONTENT="forbemeld" SUBS_TYPE="HypPart1" SUBS_CONTENT="forbemeldte" WC="0.7" LANG="dan"/>
							<HYP CONTENT="-"/>
						</TextLine>
						<TextLine ID="LINE3" HEIGHT="104" WIDTH="1704" HPOS="925" VPOS="865">
							<String ID="STRING10" STYLEREFS="STYLE2" HEIGHT="66" WIDTH="64" HPOS="925" VPOS="891" CONTENT="te" SUBS_TYPE="HypPart2" SUBS_CONTENT="forbemeldte" WC="0.66" LANG="dan"/>
							<SP ID="SP8" WIDTH="40" HPOS="989" VPOS="891"/>
							<String ID="STRING11" STYLEREFS="STYLE2" HEIGHT="98" WIDTH="308" HPOS="1029" VPOS="871" CONTENT="Lejlighed" WC="0.7" LANG="dan"/>
							<SP ID="SP9" WIDTH="32" HPOS="1337" VPOS="871"/>
							<String ID="STRING12" STYLEREFS="STYLE2" HEIGHT="98" WIDTH="226" HPOS="1369" VPOS="869" CONTENT="sagde:" WC="0.66" LANG="dan"/>
							<SP ID="SP10" WIDTH="54" HPOS="1595" VPOS="869"/>
							<String ID="STRING13" STYLEREFS="STYLE2" HEIGHT="94" WIDTH="262" HPOS="1649" VPOS="867" CONTENT="Herre," WC="0.5" LANG="dan"/>
							<SP ID="SP11" WIDTH="70" HPOS="1911" VPOS="867"/>
							<String ID="STRING14" STYLEREFS="STYLE2" HEIGHT="100" WIDTH="144" HPOS="1981" VPOS="867" CONTENT="gak" WC="0.6" LANG="dan"/>
							<SP ID="SP12" WIDTH="24" HPOS="2125" VPOS="867"/>
							<String ID="STRING15" STYLEREFS="STYLE2" HEIGHT="72" WIDTH="100" HPOS="2149" VPOS="873" CONTENT="ud" WC="0.53" LANG="dan"/>
							<SP ID="SP13" WIDTH="26" HPOS="2249" VPOS="873"/>
							<String ID="STRING16" STYLEREFS="STYLE2" HEIGHT="96" WIDTH="122" HPOS="2275" VPOS="865" CONTENT="fra" WC="0.38" LANG="dan"/>
							<SP ID="SP14" WIDTH="30" HPOS="2397" VPOS="865"/>
							<String ID="STRING17" STYLEREFS="STYLE2" HEIGHT="102" WIDTH="202" HPOS="2427" VPOS="865" CONTENT="mig;" WC="0.48" LANG="dan"/>
						</TextLine>
						<TextLine ID="LINE4" HEIGHT="112" WIDTH="1708" HPOS="925" VPOS="985">
							<String ID="STRING18" STYLEREFS="STYLE3" HEIGHT="94" WIDTH="122" HPOS="925" VPOS="997" CONTENT="thi" WC="0.51" LANG="dan"/>
							<SP ID="SP15" WIDTH="26" HPOS="1047" VPOS="997"/>
							<String ID="STRING19" STYLEREFS="STYLE2" HEIGHT="100" WIDTH="116" HPOS="1073" VPOS="997" CONTENT="jeg" WC="0.41" LANG="dan"/>
							<SP ID="SP16" WIDTH="16" HPOS="1189" VPOS="997"/>
							<String ID="STRING20" STYLEREFS="STYLE2" HEIGHT="54" WIDTH="74" HPOS="1205" VPOS="1017" CONTENT="er" WC="0.57" LANG="dan"/>
							<SP ID="SP17" WIDTH="32" HPOS="1279" VPOS="1017"/>
							<String ID="STRING21" STYLEREFS="STYLE2" HEIGHT="58" WIDTH="86" HPOS="1311" VPOS="1015" CONTENT="en" WC="0.37" LANG="dan"/>
							<SP ID="SP18" WIDTH="22" HPOS="1397" VPOS="1015"/>
							<String ID="STRING22" STYLEREFS="STYLE2" HEIGHT="104" WIDTH="260" HPOS="1419" VPOS="989" CONTENT="syndig" WC="0.5" LANG="dan"/>
							<SP ID="SP19" WIDTH="16" HPOS="1679" VPOS="989"/>
							<String ID="STRING23" STYLEREFS="STYLE2" HEIGHT="80" WIDTH="304" HPOS="1695" VPOS="991" CONTENT="Mand:" WC="0.35" LANG="dan"/>
							<SP ID="SP20" WIDTH="106" HPOS="1999" VPOS="991"/>
							<String ID="STRING24" STYLEREFS="STYLE2" HEIGHT="96" WIDTH="110" HPOS="2105" VPOS="985" CONTENT="saa" WC="0.84" LANG="dan"/>
							<SP ID="SP21" WIDTH="28" HPOS="2215" VPOS="985"/>
							<String ID="STRING25" STYLEREFS="STYLE2" HEIGHT="76" WIDTH="146" HPOS="2243" VPOS="991" CONTENT="med" WC="0.65" LANG="dan"/>
							<SP ID="SP22" WIDTH="36" HPOS="2389" VPOS="991"/>
							<String ID="STRING26" STYLEREFS="STYLE2" HEIGHT="74" WIDTH="208" HPOS="2425" VPOS="991" CONTENT="andre" WC="0.61" LANG="dan"/>
						</TextLine>
						<TextLine ID="LINE5" HEIGHT="110" WIDTH="1706" HPOS="927" VPOS="1105">
							<String ID="STRING27" STYLEREFS="STYLE2" HEIGHT="98" WIDTH="80" HPOS="927" VPOS="1117" CONTENT="af" WC="0.82" LANG="dan"/>
							<SP ID="SP23" WIDTH="36" HPOS="1007" VPOS="1117"/>
							<String ID="STRING28" STYLEREFS="STYLE2" HEIGHT="56" WIDTH="76" HPOS="1043" VPOS="1139" CONTENT="en" WC="1" LANG="dan"/>
							<SP ID="SP24" WIDTH="50" HPOS="1119" VPOS="1139"/>
							<String ID="STRING29" STYLEREFS="STYLE2" HEIGHT="90" WIDTH="120" HPOS="1169" VPOS="1121" CONTENT="lige" WC="0.7" LANG="dan"/>
							<SP ID="SP25" WIDTH="44" HPOS="1289" VPOS="1121"/>
							<String ID="STRING30" STYLEREFS="STYLE2" HEIGHT="98" WIDTH="340" HPOS="1333" VPOS="1111" CONTENT="Mening," WC="0.67" LANG="dan"/>
							<SP ID="SP26" WIDTH="58" HPOS="1673" VPOS="1111"/>
							<String ID="STRING31" STYLEREFS="STYLE2" HEIGHT="78" WIDTH="82" HPOS="1731" VPOS="1127" CONTENT="og" WC="0.69" LANG="dan"/>
							<SP ID="SP27" WIDTH="32" HPOS="1813" VPOS="1127"/>
							<String ID="STRING32" STYLEREFS="STYLE2" HEIGHT="94" WIDTH="254" HPOS="1845" VPOS="1109" CONTENT="saadan" WC="0.93" LANG="dan"/>
							<SP ID="SP28" WIDTH="26" HPOS="2099" VPOS="1109"/>
							<String ID="STRING33" STYLEREFS="STYLE2" HEIGHT="102" WIDTH="508" HPOS="2125" VPOS="1105" CONTENT="Beskaffenhed," WC="0.76" LANG="dan"/>
						</TextLine>
						<TextLine ID="LINE6" HEIGHT="106" WIDTH="1710" HPOS="927" VPOS="1229">
							<String ID="STRING34" STYLEREFS="STYLE2" HEIGHT="66" WIDTH="76" HPOS="927" VPOS="1255" CONTENT="at" WC="0.75" LANG="dan"/>
							<SP ID="SP29" WIDTH="56" HPOS="1003" VPOS="1255"/>
							<String ID="STRING35" STYLEREFS="STYLE2" HEIGHT="76" WIDTH="76" HPOS="1059" VPOS="1243" CONTENT="de" WC="0.64" LANG="dan"/>
							<SP ID="SP30" WIDTH="50" HPOS="1135" VPOS="1243"/>
							<String ID="STRING36" STYLEREFS="STYLE2" HEIGHT="98" WIDTH="242" HPOS="1185" VPOS="1237" CONTENT="tydelig" WC="0.53" LANG="dan"/>
							<SP ID="SP31" WIDTH="52" HPOS="1427" VPOS="1237"/>
							<String ID="STRING37" STYLEREFS="STYLE2" HEIGHT="80" WIDTH="128" HPOS="1479" VPOS="1233" CONTENT="nok" WC="0.87" LANG="dan"/>
							<SP ID="SP32" WIDTH="66" HPOS="1607" VPOS="1233"/>
							<String ID="STRING38" STYLEREFS="STYLE2" HEIGHT="82" WIDTH="194" HPOS="1673" VPOS="1231" CONTENT="vidne" WC="0.68" LANG="dan"/>
							<SP ID="SP33" WIDTH="68" HPOS="1867" VPOS="1231"/>
							<String ID="STRING39" STYLEREFS="STYLE2" HEIGHT="60" WIDTH="108" HPOS="1935" VPOS="1251" CONTENT="om" WC="1" LANG="dan"/>
							<SP ID="SP34" WIDTH="64" HPOS="2043" VPOS="1251"/>
							<String ID="STRING40" STYLEREFS="STYLE2" HEIGHT="94" WIDTH="244" HPOS="2107" VPOS="1229" CONTENT="samme" WC="0.96" LANG="dan"/>
							<SP ID="SP35" WIDTH="50" HPOS="2351" VPOS="1229"/>
							<String ID="STRING41" STYLEREFS="STYLE2" HEIGHT="92" WIDTH="236" HPOS="2401" VPOS="1233" CONTENT="yndige" WC="0.72" LANG="dan"/>
						</TextLine>
						<TextLine ID="LINE7" HEIGHT="110" WIDTH="1710" HPOS="927" VPOS="1345">
							<String ID="STRING42" STYLEREFS="STYLE2" HEIGHT="86" WIDTH="252" HPOS="927" VPOS="1357" CONTENT="Sinds" WC="0.8" LANG="dan"/>
							<SP ID="SP36" WIDTH="20" HPOS="1179" VPOS="1357"/>
							<String ID="STRING43" STYLEREFS="STYLE2" HEIGHT="40" WIDTH="24" HPOS="1199" VPOS="1389" CONTENT="-" WC="1" LANG="dan"/>
							<SP ID="SP37" WIDTH="28" HPOS="1223" VPOS="1389"/>
							<String ID="STRING44" STYLEREFS="STYLE2" HEIGHT="104" WIDTH="428" HPOS="1251" VPOS="1351" CONTENT="Forfatning." WC="0.75" LANG="dan"/>
							<SP ID="SP38" WIDTH="158" HPOS="1679" VPOS="1351"/>
							<String ID="STRING45" STYLEREFS="STYLE2" HEIGHT="84" WIDTH="144" HPOS="1837" VPOS="1351" CONTENT="Luc." WC="0.64" LANG="dan"/>
							<SP ID="SP39" WIDTH="46" HPOS="1981" VPOS="1351"/>
							<String ID="STRING46" STYLEREFS="STYLE4" HEIGHT="83" WIDTH="76" HPOS="2027" VPOS="1365" CONTENT="5," WC="0.86" LANG="dan"/>
							<SP ID="SP40" WIDTH="60" HPOS="2103" VPOS="1365"/>
							<String ID="STRING47" STYLEREFS="STYLE2" HEIGHT="74" WIDTH="64" HPOS="2163" VPOS="1361" CONTENT="8." WC="1" LANG="dan"/>
							<SP ID="SP41" WIDTH="156" HPOS="2227" VPOS="1361"/>
							<String ID="STRING48" STYLEREFS="STYLE2" HEIGHT="106" WIDTH="166" HPOS="2383" VPOS="1345" CONTENT="Har" WC="0.53" LANG="dan"/>
							<SP ID="SP42" WIDTH="30" HPOS="2549" VPOS="1345"/>
							<String ID="STRING49" STYLEREFS="STYLE2" HEIGHT="68" WIDTH="58" HPOS="2579" VPOS="1363" CONTENT="et" WC="0.73" LANG="dan"/>
						</TextLine>
						<TextLine ID="LINE8" HEIGHT="104" WIDTH="1714" HPOS="925" VPOS="1471">
							<String ID="STRING50" STYLEREFS="STYLE2" HEIGHT="74" WIDTH="276" HPOS="925" VPOS="1487" CONTENT="velarter" WC="0.68" LANG="dan"/>
							<SP ID="SP43" WIDTH="44" HPOS="1201" VPOS="1487"/>
							<String ID="STRING51" STYLEREFS="STYLE2" HEIGHT="86" WIDTH="222" HPOS="1245" VPOS="1475" CONTENT="Barn" WC="0.74" LANG="dan"/>
							<SP ID="SP44" WIDTH="40" HPOS="1467" VPOS="1475"/>
							<String ID="STRING52" STYLEREFS="STYLE2" HEIGHT="100" WIDTH="162" HPOS="1507" VPOS="1475" CONTENT="havt" WC="0.76" LANG="dan"/>
							<SP ID="SP45" WIDTH="40" HPOS="1669" VPOS="1475"/>
							<String ID="STRING53" STYLEREFS="STYLE2" HEIGHT="96" WIDTH="288" HPOS="1709" VPOS="1473" CONTENT="særdeles" WC="0.89" LANG="dan"/>
							<SP ID="SP46" WIDTH="48" HPOS="1997" VPOS="1473"/>
							<String ID="STRING54" STYLEREFS="STYLE2" HEIGHT="96" WIDTH="284" HPOS="2045" VPOS="1471" CONTENT="Beviser" WC="0.84" LANG="dan"/>
							<SP ID="SP47" WIDTH="40" HPOS="2329" VPOS="1471"/>
							<String ID="STRING55" STYLEREFS="STYLE2" HEIGHT="78" WIDTH="136" HPOS="2369" VPOS="1491" CONTENT="paa" WC="0.94" LANG="dan"/>
							<SP ID="SP48" WIDTH="38" HPOS="2505" VPOS="1491"/>
							<String ID="STRING56" STYLEREFS="STYLE2" HEIGHT="96" WIDTH="96" HPOS="2543" VPOS="1475" CONTENT="fin" WC="0.48" LANG="dan"/>
						</TextLine>
						<TextLine ID="LINE9" HEIGHT="114" WIDTH="1714" HPOS="925" VPOS="1587">
							<String ID="STRING57" STYLEREFS="STYLE2" HEIGHT="100" WIDTH="272" HPOS="925" VPOS="1601" CONTENT="Faders" WC="0.75" LANG="dan"/>
							<SP ID="SP49" WIDTH="34" HPOS="1197" VPOS="1601"/>
							<String ID="STRING58" STYLEREFS="STYLE2" HEIGHT="98" WIDTH="250" HPOS="1231" VPOS="1597" CONTENT="kierlige" WC="0.72" LANG="dan"/>
							<SP ID="SP50" WIDTH="30" HPOS="1481" VPOS="1597"/>
							<String ID="STRING59" STYLEREFS="STYLE2" HEIGHT="96" WIDTH="452" HPOS="1511" VPOS="1595" CONTENT="Sindelaug," WC="0.68" LANG="dan"/>
							<SP ID="SP51" WIDTH="56" HPOS="1963" VPOS="1595"/>
							<String ID="STRING60" STYLEREFS="STYLE2" HEIGHT="100" WIDTH="116" HPOS="2019" VPOS="1587" CONTENT="saa" WC="0.75" LANG="dan"/>
							<SP ID="SP52" WIDTH="24" HPOS="2135" VPOS="1587"/>
							<String ID="STRING61" STYLEREFS="STYLE2" HEIGHT="100" WIDTH="200" HPOS="2159" VPOS="1591" CONTENT="kysser" WC="0.83" LANG="dan"/>
							<SP ID="SP53" WIDTH="30" HPOS="2359" VPOS="1591"/>
							<String ID="STRING62" STYLEREFS="STYLE2" HEIGHT="78" WIDTH="106" HPOS="2389" VPOS="1597" CONTENT="det" WC="0.61" LANG="dan"/>
							<SP ID="SP54" WIDTH="14" HPOS="2495" VPOS="1597"/>
							<String ID="STRING63" STYLEREFS="STYLE2" HEIGHT="82" WIDTH="130" HPOS="2509" VPOS="1593" CONTENT="ikke" WC="0.83" LANG="dan"/>
						</TextLine>
						<TextLine ID="LINE10" HEIGHT="108" WIDTH="1698" HPOS="941" VPOS="1709">
							<String ID="STRING64" STYLEREFS="STYLE2" HEIGHT="74" WIDTH="222" HPOS="941" VPOS="1729" CONTENT="aleene" WC="0.99" LANG="dan"/>
							<SP ID="SP55" WIDTH="30" HPOS="1163" VPOS="1729"/>
							<String ID="STRING65" STYLEREFS="STYLE2" HEIGHT="96" WIDTH="178" HPOS="1193" VPOS="1721" CONTENT="hans" WC="0.9" LANG="dan"/>
							<SP ID="SP56" WIDTH="32" HPOS="1371" VPOS="1721"/>
							<String ID="STRING66" STYLEREFS="STYLE2" HEIGHT="100" WIDTH="296" HPOS="1403" VPOS="1717" CONTENT="Haand," WC="0.78" LANG="dan"/>
							<SP ID="SP57" WIDTH="26" HPOS="1699" VPOS="1717"/>
							<String ID="STRING67" STYLEREFS="STYLE2" HEIGHT="76" WIDTH="82" HPOS="1725" VPOS="1735" CONTENT="og" WC="0.64" LANG="dan"/>
							<SP ID="SP58" WIDTH="16" HPOS="1807" VPOS="1735"/>
							<String ID="STRING68" STYLEREFS="STYLE2" HEIGHT="78" WIDTH="216" HPOS="1823" VPOS="1717" CONTENT="takker" WC="0.71" LANG="dan"/>
							<SP ID="SP59" WIDTH="42" HPOS="2039" VPOS="1717"/>
							<String ID="STRING69" STYLEREFS="STYLE2" HEIGHT="92" WIDTH="114" HPOS="2081" VPOS="1715" CONTENT="saa" WC="0.76" LANG="dan"/>
							<SP ID="SP60" WIDTH="20" HPOS="2195" VPOS="1715"/>
							<String ID="STRING70" STYLEREFS="STYLE2" HEIGHT="80" WIDTH="140" HPOS="2215" VPOS="1733" CONTENT="got," WC="0.55" LANG="dan"/>
							<SP ID="SP61" WIDTH="24" HPOS="2355" VPOS="1733"/>
							<String ID="STRING71" STYLEREFS="STYLE2" HEIGHT="98" WIDTH="138" HPOS="2379" VPOS="1709" CONTENT="som" WC="0.77" LANG="dan"/>
							<SP ID="SP62" WIDTH="18" HPOS="2517" VPOS="1709"/>
							<String ID="STRING72" STYLEREFS="STYLE2" HEIGHT="76" WIDTH="104" HPOS="2535" VPOS="1719" CONTENT="det" WC="0.52" LANG="dan"/>
						</TextLine>
						<TextLine ID="LINE11" HEIGHT="106" WIDTH="1714" HPOS="929" VPOS="1833">
							<String ID="STRING73" STYLEREFS="STYLE2" HEIGHT="84" WIDTH="132" HPOS="929" VPOS="1841" CONTENT="kan" WC="0.6" LANG="dan"/>
							<SP ID="SP63" WIDTH="60" HPOS="1061" VPOS="1841"/>
							<String ID="STRING74" STYLEREFS="STYLE2" HEIGHT="74" WIDTH="84" HPOS="1121" VPOS="1863" CONTENT="og" WC="0.65" LANG="dan"/>
							<SP ID="SP64" WIDTH="60" HPOS="1205" VPOS="1863"/>
							<String ID="STRING75" STYLEREFS="STYLE2" HEIGHT="100" WIDTH="368" HPOS="1265" VPOS="1839" CONTENT="forstaaer," WC="0.74" LANG="dan"/>
							<SP ID="SP65" WIDTH="72" HPOS="1633" VPOS="1839"/>
							<String ID="STRING76" STYLEREFS="STYLE2" HEIGHT="60" WIDTH="148" HPOS="1705" VPOS="1855" CONTENT="men" WC="0.65" LANG="dan"/>
							<SP ID="SP66" WIDTH="54" HPOS="1853" VPOS="1855"/>
							<String ID="STRING77" STYLEREFS="STYLE2" HEIGHT="96" WIDTH="248" HPOS="1907" VPOS="1837" CONTENT="hopper" WC="0.75" LANG="dan"/>
							<SP ID="SP67" WIDTH="58" HPOS="2155" VPOS="1837"/>
							<String ID="STRING78" STYLEREFS="STYLE2" HEIGHT="76" WIDTH="296" HPOS="2213" VPOS="1839" CONTENT="desuden" WC="0.65" LANG="dan"/>
							<SP ID="SP68" WIDTH="56" HPOS="2509" VPOS="1839"/>
							<String ID="STRING79" STYLEREFS="STYLE2" HEIGHT="98" WIDTH="78" HPOS="2565" VPOS="1833" CONTENT="af" WC="0.88" LANG="dan"/>
						</TextLine>
						<TextLine ID="LINE12" HEIGHT="106" WIDTH="1704" HPOS="933" VPOS="1951">
							<String ID="STRING80" STYLEREFS="STYLE2" HEIGHT="86" WIDTH="244" HPOS="933" VPOS="1963" CONTENT="Glæde" WC="0.75" LANG="dan"/>
							<SP ID="SP69" WIDTH="52" HPOS="1177" VPOS="1963"/>
							<String ID="STRING81" STYLEREFS="STYLE2" HEIGHT="74" WIDTH="80" HPOS="1229" VPOS="1983" CONTENT="og" WC="0.85" LANG="dan"/>
							<SP ID="SP70" WIDTH="44" HPOS="1309" VPOS="1983"/>
							<String ID="STRING82" STYLEREFS="STYLE2" HEIGHT="96" WIDTH="142" HPOS="1353" VPOS="1961" CONTENT="giør" WC="0.65" LANG="dan"/>
							<SP ID="SP71" WIDTH="42" HPOS="1495" VPOS="1961"/>
							<String ID="STRING83" STYLEREFS="STYLE2" HEIGHT="106" WIDTH="470" HPOS="1537" VPOS="1951" CONTENT="Huusfolkene" WC="0.82" LANG="dan"/>
							<SP ID="SP72" WIDTH="26" HPOS="2007" VPOS="1951"/>
							<String ID="STRING84" STYLEREFS="STYLE2" HEIGHT="82" WIDTH="232" HPOS="2033" VPOS="1955" CONTENT="derudi" WC="0.68" LANG="dan"/>
							<SP ID="SP73" WIDTH="36" HPOS="2265" VPOS="1955"/>
							<String ID="STRING85" STYLEREFS="STYLE2" HEIGHT="100" WIDTH="336" HPOS="2301" VPOS="1955" CONTENT="deelagtig." WC="0.75" LANG="dan"/>
						</TextLine>
						<TextLine ID="LINE13" HEIGHT="106" WIDTH="1704" HPOS="931" VPOS="2075">
							<String ID="STRING86" STYLEREFS="STYLE2" HEIGHT="98" WIDTH="380" HPOS="931" VPOS="2083" CONTENT="Oppebære" WC="0.77" LANG="dan"/>
							<SP ID="SP74" WIDTH="28" HPOS="1311" VPOS="2083"/>
							<String ID="STRING87" STYLEREFS="STYLE2" HEIGHT="76" WIDTH="206" HPOS="1339" VPOS="2087" CONTENT="andre" WC="0.76" LANG="dan"/>
							<SP ID="SP75" WIDTH="38" HPOS="1545" VPOS="2087"/>
							<String ID="STRING88" STYLEREFS="STYLE2" HEIGHT="96" WIDTH="78" HPOS="1583" VPOS="2079" CONTENT="af" WC="0.73" LANG="dan"/>
							<SP ID="SP76" WIDTH="24" HPOS="1661" VPOS="2079"/>
							<String ID="STRING89" STYLEREFS="STYLE2" HEIGHT="76" WIDTH="210" HPOS="1685" VPOS="2099" CONTENT="nogen" WC="0.88" LANG="dan"/>
							<SP ID="SP77" WIDTH="20" HPOS="1895" VPOS="2099"/>
							<String ID="STRING90" STYLEREFS="STYLE2" HEIGHT="98" WIDTH="164" HPOS="1915" VPOS="2079" CONTENT="store" WC="0.74" LANG="dan"/>
							<SP ID="SP78" WIDTH="12" HPOS="2079" VPOS="2079"/>
							<String ID="STRING91" STYLEREFS="STYLE2" HEIGHT="102" WIDTH="544" HPOS="2091" VPOS="2075" CONTENT="Velgierninger," WC="0.77" LANG="dan"/>
						</TextLine>
						<TextLine ID="LINE14" HEIGHT="98" WIDTH="1708" HPOS="929" VPOS="2203">
							<String ID="STRING92" STYLEREFS="STYLE2" HEIGHT="96" WIDTH="308" HPOS="929" VPOS="2205" CONTENT="efterlade" WC="0.87" LANG="dan"/>
							<SP ID="SP79" WIDTH="56" HPOS="1237" VPOS="2205"/>
							<String ID="STRING93" STYLEREFS="STYLE2" HEIGHT="74" WIDTH="74" HPOS="1293" VPOS="2209" CONTENT="de" WC="0.64" LANG="dan"/>
							<SP ID="SP80" WIDTH="56" HPOS="1367" VPOS="2209"/>
							<String ID="STRING94" STYLEREFS="STYLE2" HEIGHT="94" WIDTH="442" HPOS="1423" VPOS="2205" CONTENT="ingenlunde," WC="0.78" LANG="dan"/>
							<SP ID="SP81" WIDTH="80" HPOS="1865" VPOS="2205"/>
							<String ID="STRING95" STYLEREFS="STYLE2" HEIGHT="62" WIDTH="110" HPOS="1945" VPOS="2219" CONTENT="om" WC="0.92" LANG="dan"/>
							<SP ID="SP82" WIDTH="54" HPOS="2055" VPOS="2219"/>
							<String ID="STRING96" STYLEREFS="STYLE2" HEIGHT="76" WIDTH="112" HPOS="2109" VPOS="2205" CONTENT="der" WC="0.71" LANG="dan"/>
							<SP ID="SP83" WIDTH="46" HPOS="2221" VPOS="2205"/>
							<String ID="STRING97" STYLEREFS="STYLE2" HEIGHT="62" WIDTH="66" HPOS="2267" VPOS="2219" CONTENT="er" WC="0.77" LANG="dan"/>
							<SP ID="SP84" WIDTH="38" HPOS="2333" VPOS="2219"/>
							<String ID="STRING98" STYLEREFS="STYLE2" HEIGHT="96" WIDTH="266" HPOS="2371" VPOS="2203" CONTENT="mindste" WC="0.62" LANG="dan"/>
						</TextLine>
						<TextLine ID="LINE15" HEIGHT="102" WIDTH="1678" HPOS="933" VPOS="2319">
							<String ID="STRING99" STYLEREFS="STYLE2" HEIGHT="84" WIDTH="216" HPOS="933" VPOS="2327" CONTENT="Gran" WC="0.92" LANG="dan"/>
							<SP ID="SP85" WIDTH="38" HPOS="1149" VPOS="2327"/>
							<String ID="STRING100" STYLEREFS="STYLE2" HEIGHT="94" WIDTH="76" HPOS="1187" VPOS="2325" CONTENT="af" WC="0.8" LANG="dan"/>
							<SP ID="SP86" WIDTH="32" HPOS="1263" VPOS="2325"/>
							<String ID="STRING101" STYLEREFS="STYLE2" HEIGHT="84" WIDTH="158" HPOS="1295" VPOS="2325" CONTENT="Got" WC="0.82" LANG="dan"/>
							<SP ID="SP87" WIDTH="30" HPOS="1453" VPOS="2325"/>
							<String ID="STRING102" STYLEREFS="STYLE2" HEIGHT="98" WIDTH="126" HPOS="1483" VPOS="2323" CONTENT="hos" WC="0.87" LANG="dan"/>
							<SP ID="SP88" WIDTH="32" HPOS="1609" VPOS="2323"/>
							<String ID="STRING103" STYLEREFS="STYLE2" HEIGHT="90" WIDTH="186" HPOS="1641" VPOS="2327" CONTENT="dem," WC="0.65" LANG="dan"/>
							<SP ID="SP89" WIDTH="54" HPOS="1827" VPOS="2327"/>
							<String ID="STRING104" STYLEREFS="STYLE2" HEIGHT="64" WIDTH="74" HPOS="1881" VPOS="2337" CONTENT="at" WC="0.64" LANG="dan"/>
							<SP ID="SP90" WIDTH="28" HPOS="1955" VPOS="2337"/>
							<String ID="STRING105" STYLEREFS="STYLE2" HEIGHT="84" WIDTH="266" HPOS="1983" VPOS="2319" CONTENT="bevidne" WC="0.65" LANG="dan"/>
							<SP ID="SP91" WIDTH="34" HPOS="2249" VPOS="2319"/>
							<String ID="STRING106" STYLEREFS="STYLE2" HEIGHT="102" WIDTH="328" HPOS="2283" VPOS="2319" CONTENT="Velgjøre" SUBS_TYPE="HypPart1" SUBS_CONTENT="Velgjøreren" WC="0.84" LANG="nob"/>
							<HYP CONTENT="-"/>
						</TextLine>
						<TextLine ID="LINE16" HEIGHT="106" WIDTH="1704" HPOS="931" VPOS="2439">
							<String ID="STRING107" STYLEREFS="STYLE2" HEIGHT="62" WIDTH="116" HPOS="931" VPOS="2469" CONTENT="ren" SUBS_TYPE="HypPart2" SUBS_CONTENT="Velgjøreren" WC="0.8" LANG="nob"/>
							<SP ID="SP92" WIDTH="30" HPOS="1047" VPOS="2469"/>
							<String ID="STRING108" STYLEREFS="STYLE2" HEIGHT="94" WIDTH="92" HPOS="1077" VPOS="2451" CONTENT="sin" WC="0.76" LANG="dan"/>
							<SP ID="SP93" WIDTH="22" HPOS="1169" VPOS="2451"/>
							<String ID="STRING109" STYLEREFS="STYLE2" HEIGHT="96" WIDTH="616" HPOS="1191" VPOS="2445" CONTENT="Taknemmelighed" WC="0.84" LANG="dan"/>
							<SP ID="SP94" WIDTH="18" HPOS="1807" VPOS="2445"/>
							<String ID="STRING110" STYLEREFS="STYLE2" HEIGHT="76" WIDTH="144" HPOS="1825" VPOS="2447" CONTENT="med" WC="0.78" LANG="dan"/>
							<SP ID="SP95" WIDTH="22" HPOS="1969" VPOS="2447"/>
							<String ID="STRING111" STYLEREFS="STYLE2" HEIGHT="78" WIDTH="74" HPOS="1991" VPOS="2447" CONTENT="de" WC="0.81" LANG="dan"/>
							<SP ID="SP96" WIDTH="20" HPOS="2065" VPOS="2447"/>
							<String ID="STRING112" STYLEREFS="STYLE2" HEIGHT="104" WIDTH="550" HPOS="2085" VPOS="2439" CONTENT="udsøgtesteOrd," WC="0.66" LANG="dan"/>
						</TextLine>
						<TextLine ID="LINE17" HEIGHT="106" WIDTH="1674" HPOS="933" VPOS="2561">
							<String ID="STRING113" STYLEREFS="STYLE2" HEIGHT="100" WIDTH="152" HPOS="933" VPOS="2567" CONTENT="helst" WC="0.81" LANG="dan"/>
							<SP ID="SP97" WIDTH="48" HPOS="1085" VPOS="2567"/>
							<String ID="STRING114" STYLEREFS="STYLE2" HEIGHT="60" WIDTH="106" HPOS="1133" VPOS="2589" CONTENT="om" WC="1" LANG="dan"/>
							<SP ID="SP98" WIDTH="38" HPOS="1239" VPOS="2589"/>
							<String ID="STRING115" STYLEREFS="STYLE2" HEIGHT="96" WIDTH="134" HPOS="1277" VPOS="2569" CONTENT="han" WC="0.84" LANG="dan"/>
							<SP ID="SP99" WIDTH="30" HPOS="1411" VPOS="2569"/>
							<String ID="STRING116" STYLEREFS="STYLE2" HEIGHT="76" WIDTH="186" HPOS="1441" VPOS="2573" CONTENT="ellers" WC="0.88" LANG="dan"/>
							<SP ID="SP100" WIDTH="32" HPOS="1627" VPOS="2573"/>
							<String ID="STRING117" STYLEREFS="STYLE2" HEIGHT="82" WIDTH="126" HPOS="1659" VPOS="2565" CONTENT="ikke" WC="0.77" LANG="dan"/>
							<SP ID="SP101" WIDTH="33" HPOS="1785" VPOS="2565"/>
							<String ID="STRING118" STYLEREFS="STYLE5" HEIGHT="98" WIDTH="210" HPOS="1818" VPOS="2565" CONTENT="saaer" WC="0.88" LANG="dan"/>
							<SP ID="SP102" WIDTH="35" HPOS="2028" VPOS="2565"/>
							<String ID="STRING119" STYLEREFS="STYLE2" HEIGHT="80" WIDTH="20" HPOS="2063" VPOS="2567" CONTENT="i" WC="0.44" LANG="dan"/>
							<SP ID="SP103" WIDTH="30" HPOS="2083" VPOS="2567"/>
							<String ID="STRING120" STYLEREFS="STYLE2" HEIGHT="80" WIDTH="210" HPOS="2113" VPOS="2583" CONTENT="nogen" WC="0.88" LANG="dan"/>
							<SP ID="SP104" WIDTH="32" HPOS="2323" VPOS="2583"/>
							<String ID="STRING121" STYLEREFS="STYLE2" HEIGHT="104" WIDTH="252" HPOS="2355" VPOS="2561" CONTENT="Forbin" SUBS_TYPE="HypPart1" SUBS_CONTENT="Forbindelse" WC="0.62" LANG="dan"/>
							<HYP CONTENT="-"/>
						</TextLine>
						<TextLine ID="LINE18" HEIGHT="104" WIDTH="1706" HPOS="929" VPOS="2683">
							<String ID="STRING122" STYLEREFS="STYLE2" HEIGHT="98" WIDTH="158" HPOS="929" VPOS="2685" CONTENT="delse" SUBS_TYPE="HypPart2" SUBS_CONTENT="Forbindelse" WC="0.77" LANG="dan"/>
							<SP ID="SP105" WIDTH="26" HPOS="1087" VPOS="2685"/>
							<String ID="STRING123" STYLEREFS="STYLE2" HEIGHT="76" WIDTH="144" HPOS="1113" VPOS="2693" CONTENT="med" WC="0.7" LANG="dan"/>
							<SP ID="SP106" WIDTH="26" HPOS="1257" VPOS="2693"/>
							<String ID="STRING124" STYLEREFS="STYLE2" HEIGHT="74" WIDTH="164" HPOS="1283" VPOS="2695" CONTENT="dem." WC="0.71" LANG="dan"/>
							<SP ID="SP107" WIDTH="108" HPOS="1447" VPOS="2695"/>
							<String ID="STRING125" STYLEREFS="STYLE2" HEIGHT="102" WIDTH="114" HPOS="1555" VPOS="2683" CONTENT="Ja" WC="1" LANG="dan"/>
							<SP ID="SP108" WIDTH="36" HPOS="1669" VPOS="2683"/>
							<String ID="STRING126" STYLEREFS="STYLE2" HEIGHT="74" WIDTH="74" HPOS="1705" VPOS="2693" CONTENT="de" WC="0.73" LANG="dan"/>
							<SP ID="SP109" WIDTH="28" HPOS="1779" VPOS="2693"/>
							<String ID="STRING127" STYLEREFS="STYLE2" HEIGHT="94" WIDTH="180" HPOS="1807" VPOS="2689" CONTENT="giøre" WC="0.75" LANG="dan"/>
							<SP ID="SP110" WIDTH="28" HPOS="1987" VPOS="2689"/>
							<String ID="STRING128" STYLEREFS="STYLE2" HEIGHT="94" WIDTH="90" HPOS="2015" VPOS="2691" CONTENT="sig" WC="0.45" LANG="dan"/>
							<SP ID="SP111" WIDTH="40" HPOS="2105" VPOS="2691"/>
							<String ID="STRING129" STYLEREFS="STYLE2" HEIGHT="100" WIDTH="392" HPOS="2145" VPOS="2687" CONTENT="derforuden" WC="0.78" LANG="dan"/>
							<SP ID="SP112" WIDTH="26" HPOS="2537" VPOS="2687"/>
							<String ID="STRING130" STYLEREFS="STYLE2" HEIGHT="62" WIDTH="72" HPOS="2563" VPOS="2709" CONTENT="en" WC="1" LANG="dan"/>
						</TextLine>
						<TextLine ID="LINE19" HEIGHT="106" WIDTH="1681" HPOS="929" VPOS="2805">
							<String ID="STRING131" STYLEREFS="STYLE2" HEIGHT="100" WIDTH="398" HPOS="929" VPOS="2809" CONTENT="besynderlig" WC="0.67" LANG="dan"/>
							<SP ID="SP113" WIDTH="40" HPOS="1327" VPOS="2809"/>
							<String ID="STRING132" STYLEREFS="STYLE2" HEIGHT="104" WIDTH="372" HPOS="1367" VPOS="2805" CONTENT="Fornøjelse" WC="0.82" LANG="dan"/>
							<SP ID="SP114" WIDTH="50" HPOS="1739" VPOS="2805"/>
							<String ID="STRING133" STYLEREFS="STYLE2" HEIGHT="98" WIDTH="78" HPOS="1789" VPOS="2809" CONTENT="af" WC="0.81" LANG="dan"/>
							<SP ID="SP115" WIDTH="44" HPOS="1867" VPOS="2809"/>
							<String ID="STRING134" STYLEREFS="STYLE2" HEIGHT="64" WIDTH="74" HPOS="1911" VPOS="2827" CONTENT="at" WC="0.64" LANG="dan"/>
							<SP ID="SP116" WIDTH="54" HPOS="1985" VPOS="2827"/>
							<String ID="STRING135" STYLEREFS="STYLE2" HEIGHT="80" WIDTH="328" HPOS="2039" VPOS="2813" CONTENT="berømme" WC="0.77" LANG="dan"/>
							<SP ID="SP117" WIDTH="46" HPOS="2367" VPOS="2813"/>
							<String ID="STRING136" STYLEREFS="STYLE2" HEIGHT="76" WIDTH="80" HPOS="2413" VPOS="2835" CONTENT="og" WC="0.85" LANG="dan"/>
							<SP ID="SP118" WIDTH="40" HPOS="2493" VPOS="2835"/>
							<String ID="STRING137" STYLEREFS="STYLE4" HEIGHT="86" WIDTH="77" HPOS="2533" VPOS="2805" CONTENT="be" SUBS_TYPE="HypPart1" SUBS_CONTENT="bekientgieireik’" WC="0.81" LANG="dan"/>
							<HYP CONTENT="-"/>
						</TextLine>
						<TextLine ID="LINE20" HEIGHT="110" WIDTH="1688" HPOS="925" VPOS="2923">
							<String ID="STRING138" STYLEREFS="STYLE5" HEIGHT="105" WIDTH="378" HPOS="925" VPOS="2923" CONTENT="kientgieireik’" SUBS_TYPE="HypPart2" SUBS_CONTENT="bekientgieireik’" WC="0.8" LANG="dan"/>
							<SP ID="SP119" WIDTH="18" HPOS="1303" VPOS="2923"/>
							<String ID="STRING139" STYLEREFS="STYLE2" HEIGHT="94" WIDTH="176" HPOS="1321" VPOS="2931" CONTENT="hans" WC="0.86" LANG="dan"/>
							<SP ID="SP120" WIDTH="34" HPOS="1497" VPOS="2931"/>
							<String ID="STRING140" STYLEREFS="STYLE2" HEIGHT="98" WIDTH="558" HPOS="1531" VPOS="2931" CONTENT="ZEdelmodighed" WC="0.7" LANG="dan"/>
							<SP ID="SP121" WIDTH="34" HPOS="2089" VPOS="2931"/>
							<String ID="STRING141" STYLEREFS="STYLE2" HEIGHT="76" WIDTH="122" HPOS="2123" VPOS="2941" CONTENT="ved" WC="0.59" LANG="dan"/>
							<SP ID="SP122" WIDTH="36" HPOS="2245" VPOS="2941"/>
							<String ID="STRING142" STYLEREFS="STYLE2" HEIGHT="76" WIDTH="122" HPOS="2281" VPOS="2941" CONTENT="alle" WC="1" LANG="dan"/>
							<SP ID="SP123" WIDTH="28" HPOS="2403" VPOS="2941"/>
							<String ID="STRING143" STYLEREFS="STYLE2" HEIGHT="98" WIDTH="182" HPOS="2431" VPOS="2935" CONTENT="Lejlig" SUBS_TYPE="HypPart1" SUBS_CONTENT="Lejligheder.-" WC="0.75" LANG="dan"/>
							<HYP CONTENT="-"/>
						</TextLine>
						<TextLine ID="LINE21" HEIGHT="106" WIDTH="1710" HPOS="925" VPOS="3049">
							<String ID="STRING144" STYLEREFS="STYLE2" HEIGHT="100" WIDTH="246" HPOS="925" VPOS="3055" CONTENT="heder.-" SUBS_TYPE="HypPart2" SUBS_CONTENT="Lejligheder.-" WC="0.79" LANG="dan"/>
							<SP ID="SP124" WIDTH="118" HPOS="1171" VPOS="3055"/>
							<String ID="STRING145" STYLEREFS="STYLE2" HEIGHT="98" WIDTH="236" HPOS="1289" VPOS="3049" CONTENT="Meget" WC="0.73" LANG="dan"/>
							<SP ID="SP125" WIDTH="30" HPOS="1525" VPOS="3049"/>
							<String ID="STRING146" STYLEREFS="STYLE2" HEIGHT="62" WIDTH="170" HPOS="1555" VPOS="3071" CONTENT="mere" WC="0.76" LANG="dan"/>
							<SP ID="SP126" WIDTH="34" HPOS="1725" VPOS="3071"/>
							<String ID="STRING147" STYLEREFS="STYLE2" HEIGHT="80" WIDTH="88" HPOS="1759" VPOS="3053" CONTENT="vil" WC="0.95" LANG="dan"/>
							<SP ID="SP127" WIDTH="34" HPOS="1847" VPOS="3053"/>
							<String ID="STRING148" STYLEREFS="STYLE2" HEIGHT="60" WIDTH="58" HPOS="1881" VPOS="3071" CONTENT="et" WC="0.67" LANG="dan"/>
							<SP ID="SP128" WIDTH="36" HPOS="1939" VPOS="3071"/>
							<String ID="STRING149" STYLEREFS="STYLE2" HEIGHT="88" WIDTH="224" HPOS="1975" VPOS="3049" CONTENT="Guds" WC="0.63" LANG="dan"/>
							<SP ID="SP129" WIDTH="40" HPOS="2199" VPOS="3049"/>
							<String ID="STRING150" STYLEREFS="STYLE2" HEIGHT="102" WIDTH="272" HPOS="2239" VPOS="3053" CONTENT="Barn," WC="0.81" LANG="dan"/>
							<SP ID="SP130" WIDTH="54" HPOS="2511" VPOS="3053"/>
							<String ID="STRING151" STYLEREFS="STYLE2" HEIGHT="62" WIDTH="70" HPOS="2565" VPOS="3077" CONTENT="en" WC="1" LANG="dan"/>
						</TextLine>
						<TextLine ID="LINE22" HEIGHT="106" WIDTH="1714" HPOS="925" VPOS="3171">
							<String ID="STRING152" STYLEREFS="STYLE2" HEIGHT="82" WIDTH="430" HPOS="925" VPOS="3175" CONTENT="veltænkende" WC="0.8" LANG="dan"/>
							<SP ID="SP131" WIDTH="30" HPOS="1355" VPOS="3175"/>
							<String ID="STRING153" STYLEREFS="STYLE2" HEIGHT="100" WIDTH="328" HPOS="1385" VPOS="3171" CONTENT="Christen," WC="0.7" LANG="dan"/>
							<SP ID="SP132" WIDTH="26" HPOS="1713" VPOS="3171"/>
							<String ID="STRING154" STYLEREFS="STYLE2" HEIGHT="92" WIDTH="134" HPOS="1739" VPOS="3175" CONTENT="som" WC="0.99" LANG="dan"/>
							<SP ID="SP133" WIDTH="18" HPOS="1873" VPOS="3175"/>
							<String ID="STRING155" STYLEREFS="STYLE2" HEIGHT="92" WIDTH="178" HPOS="1891" VPOS="3181" CONTENT="veed," WC="0.71" LANG="dan"/>
							<SP ID="SP134" WIDTH="20" HPOS="2069" VPOS="3181"/>
							<String ID="STRING156" STYLEREFS="STYLE2" HEIGHT="62" WIDTH="70" HPOS="2089" VPOS="3195" CONTENT="ar" WC="0.63" LANG="dan"/>
							<SP ID="SP135" WIDTH="34" HPOS="2159" VPOS="3195"/>
							<String ID="STRING157" STYLEREFS="STYLE2" HEIGHT="98" WIDTH="136" HPOS="2193" VPOS="3179" CONTENT="han" WC="0.78" LANG="dan"/>
							<SP ID="SP136" WIDTH="24" HPOS="2329" VPOS="3179"/>
							<String ID="STRING158" STYLEREFS="STYLE2" HEIGHT="78" WIDTH="190" HPOS="2353" VPOS="3181" CONTENT="ikkun" WC="0.83" LANG="dan"/>
							<SP ID="SP137" WIDTH="32" HPOS="2543" VPOS="3181"/>
							<String ID="STRING159" STYLEREFS="STYLE2" HEIGHT="62" WIDTH="64" HPOS="2575" VPOS="3199" CONTENT="er" WC="0.44" LANG="dan"/>
						</TextLine>
						<TextLine ID="LINE23" HEIGHT="116" WIDTH="1718" HPOS="923" VPOS="3289">
							<String ID="STRING160" STYLEREFS="STYLE5" HEIGHT="115" WIDTH="230" HPOS="923" VPOS="3290" CONTENT="Støv" WC="0.8" LANG="dan"/>
							<SP ID="SP138" WIDTH="46" HPOS="1153" VPOS="3290"/>
							<String ID="STRING161" STYLEREFS="STYLE2" HEIGHT="74" WIDTH="82" HPOS="1199" VPOS="3319" CONTENT="og" WC="0.64" LANG="dan"/>
							<SP ID="SP139" WIDTH="50" HPOS="1281" VPOS="3319"/>
							<String ID="STRING162" STYLEREFS="STYLE2" HEIGHT="104" WIDTH="224" HPOS="1331" VPOS="3289" CONTENT="Aste," WC="0.37" LANG="dan"/>
							<SP ID="SP140" WIDTH="82" HPOS="1555" VPOS="3289"/>
							<String ID="STRING163" STYLEREFS="STYLE2" HEIGHT="94" WIDTH="294" HPOS="1637" VPOS="3297" CONTENT="uværdig" WC="0.63" LANG="dan"/>
							<SP ID="SP141" WIDTH="34" HPOS="1931" VPOS="3297"/>
							<String ID="STRING164" STYLEREFS="STYLE2" HEIGHT="78" WIDTH="70" HPOS="1965" VPOS="3299" CONTENT="til" WC="0.71" LANG="dan"/>
							<SP ID="SP142" WIDTH="38" HPOS="2035" VPOS="3299"/>
							<String ID="STRING165" STYLEREFS="STYLE2" HEIGHT="76" WIDTH="106" HPOS="2073" VPOS="3303" CONTENT="det" WC="0.55" LANG="dan"/>
							<SP ID="SP143" WIDTH="36" HPOS="2179" VPOS="3303"/>
							<String ID="STRING166" STYLEREFS="STYLE2" HEIGHT="94" WIDTH="426" HPOS="2215" VPOS="3305" CONTENT="allermindste" WC="0.77" LANG="dan"/>
						</TextLine>
						<TextLine ID="LINE24" HEIGHT="108" WIDTH="1716" HPOS="923" VPOS="3415">
							<String ID="STRING167" STYLEREFS="STYLE2" HEIGHT="88" WIDTH="210" HPOS="923" VPOS="3417" CONTENT="Gøde" WC="0.75" LANG="dan"/>
							<SP ID="SP144" WIDTH="58" HPOS="1133" VPOS="3417"/>
							<String ID="STRING168" STYLEREFS="STYLE2" HEIGHT="66" WIDTH="72" HPOS="1191" VPOS="3435" CONTENT="at" WC="0.76" LANG="dan"/>
							<SP ID="SP145" WIDTH="44" HPOS="1263" VPOS="3435"/>
							<String ID="STRING169" STYLEREFS="STYLE2" HEIGHT="94" WIDTH="176" HPOS="1307" VPOS="3419" CONTENT="nyde" WC="0.8" LANG="dan"/>
							<SP ID="SP146" WIDTH="52" HPOS="1483" VPOS="3419"/>
							<String ID="STRING170" STYLEREFS="STYLE2" HEIGHT="98" WIDTH="106" HPOS="1535" VPOS="3415" CONTENT="for" WC="0.67" LANG="dan"/>
							<SP ID="SP147" WIDTH="62" HPOS="1641" VPOS="3415"/>
							<String ID="STRING171" STYLEREFS="STYLE2" HEIGHT="94" WIDTH="94" HPOS="1703" VPOS="3419" CONTENT="sin" WC="0.91" LANG="dan"/>
							<SP ID="SP148" WIDTH="56" HPOS="1797" VPOS="3419"/>
							<String ID="STRING172" STYLEREFS="STYLE2" HEIGHT="76" WIDTH="154" HPOS="1853" VPOS="3437" CONTENT="egen" WC="0.83" LANG="dan"/>
							<SP ID="SP149" WIDTH="56" HPOS="2007" VPOS="3437"/>
							<String ID="STRING173" STYLEREFS="STYLE2" HEIGHT="100" WIDTH="270" HPOS="2063" VPOS="3419" CONTENT="Skyld," WC="0.69" LANG="dan"/>
							<SP ID="SP150" WIDTH="54" HPOS="2333" VPOS="3419"/>
							<String ID="STRING174" STYLEREFS="STYLE2" HEIGHT="96" WIDTH="126" HPOS="2387" VPOS="3423" CONTENT="vise" WC="0.88" LANG="dan"/>
							<SP ID="SP151" WIDTH="38" HPOS="2513" VPOS="3423"/>
							<String ID="STRING175" STYLEREFS="STYLE2" HEIGHT="96" WIDTH="88" HPOS="2551" VPOS="3427" CONTENT="sig" WC="0.66" LANG="dan"/>
						</TextLine>
						<TextLine ID="LINE25" HEIGHT="112" WIDTH="1710" HPOS="929" VPOS="3535">
							<String ID="STRING176" STYLEREFS="STYLE2" HEIGHT="78" WIDTH="282" HPOS="929" VPOS="3545" CONTENT="redebon" WC="0.71" LANG="dan"/>
							<SP ID="SP152" WIDTH="52" HPOS="1211" VPOS="3545"/>
							<String ID="STRING177" STYLEREFS="STYLE2" HEIGHT="66" WIDTH="74" HPOS="1263" VPOS="3555" CONTENT="ar" WC="0.63" LANG="dan"/>
							<SP ID="SP153" WIDTH="54" HPOS="1337" VPOS="3555"/>
							<String ID="STRING178" STYLEREFS="STYLE2" HEIGHT="100" WIDTH="430" HPOS="1391" VPOS="3535" CONTENT="fremkomme" WC="0.75" LANG="dan"/>
							<SP ID="SP154" WIDTH="66" HPOS="1821" VPOS="3535"/>
							<String ID="STRING179" STYLEREFS="STYLE2" HEIGHT="82" WIDTH="148" HPOS="1887" VPOS="3543" CONTENT="med" WC="0.7" LANG="dan"/>
							<SP ID="SP155" WIDTH="62" HPOS="2035" VPOS="3543"/>
							<String ID="STRING180" STYLEREFS="STYLE2" HEIGHT="80" WIDTH="122" HPOS="2097" VPOS="3547" CONTENT="den" WC="0.78" LANG="dan"/>
							<SP ID="SP156" WIDTH="64" HPOS="2219" VPOS="3547"/>
							<String ID="STRING181" STYLEREFS="STYLE2" HEIGHT="100" WIDTH="356" HPOS="2283" VPOS="3547" CONTENT="inderligste" WC="0.68" LANG="dan"/>
						</TextLine>
					</TextBlock>
					<TextBlock xs:type="TextBlockType" ID="ZONE1295396" HEIGHT="92" WIDTH="180" HPOS="2365" VPOS="3665" xlink:type="simple">
						<TextLine ID="LINE26" HEIGHT="92" WIDTH="180" HPOS="2365" VPOS="3665">
							<String ID="STRING182" STYLEREFS="STYLE2" HEIGHT="92" WIDTH="180" HPOS="2365" VPOS="3665" CONTENT="Tak-" WC="0.65" LANG="dan"/>
						</TextLine>
					</TextBlock>
				</ComposedBlock>
			</PrintSpace>
		</Page>
	</Layout>
</alto>
