2695 4545
643 509 224 90 Psalm.
935 517 338 88 Kommer
1349 541 84 80 og
1497 521 120 94 feet
1693 523 310 98 Herrens
2097 521 418 106 Gjetninger!

649 605 108 76 46/
787 609 64 62 s°
939 617 164 90 Der
1145 619 270 84 Soelen
1455 643 78 78 og
1577 621 402 86 Stjernerne
2007 643 96 62 ere
2141 647 140 74 paa
2317 627 172 96 Him-

947 731 248 84 melen,
1251 723 104 76 det
1395 739 64 68 er
1511 721 288 96 Kongen
1849 743 80 76 og
1987 729 106 78 det
2153 727 364 94 Kongelige

947 823 226 98 Huus
1203 815 18 80 i
1265 835 76 64 en
1381 819 214 84 Stak.
1671 819 138 100 For
1829 817 148 96 faae
2009 819 148 86 Aar
2179 823 172 92 siden
2383 831 113 86 op-

645 919 161 104 Sud
869 929 58 56 v.
949 925 204 78 randt
1209 921 108 78 der
1363 913 326 96 saadanne
1735 917 396 96 vildfarende
2189 919 330 84 Stierner

793 1021 102 68 rz.
947 1037 140 78 paa
1143 1013 312 86 Statens
1495 1015 356 100 Himmel,
1907 1021 110 76 der
2047 1013 219 97 syntes
2301 1039 76 62 at
2399 1021 88 80 vil-

945 1123 56 76 le
1031 1117 226 90 betage
1291 1119 74 78 de
1399 1117 162 92 store
1601 1135 82 74 og
1723 1131 160 64 rette
1917 1113 128 96 Lys
2085 1121 270 76 aldeeles
2409 1125 74 74 de-

941 1223 110 72 res
1085 1209 222 86 Skin.
1411 1211 214 98 Gud,
1677 1209 104 98 for
1815 1211 526 98 hvisDomstoel
2361 1239 128 72 nog-

935 1317 58 78 le
1027 1307 78 96 af
1135 1313 458 80 demallereede
1607 1323 98 68 ere
1733 1311 396 96 indgangne,
2185 1319 154 76 veed
2357 1315 156 96 best,

939 1409 182 96 hvad
1153 1411 78 78 de
1269 1407 120 94 har
1415 1411 180 94 sigtet
1637 1411 66 78 til
1755 1417 146 74 med
1949 1407 338 98 Kongens
2343 1411 148 96 Per-

939 1507 114 94 son
1103 1527 80 72 og
1239 1509 104 78 det
1405 1505 366 100 Kongelige
1809 1507 268 96 Huus,
2151 1527 156 60 men
2351 1513 170 82 dette

937 1611 158 76 veed
1127 1603 102 96 vi,
1281 1619 72 64 at
1371 1609 74 78 de
1475 1603 174 98 søgte
1701 1623 74 64 at
1815 1603 318 96 fordærve
2181 1603 340 98 Kongens

939 1701 240 94 Siæl,
1249 1699 134 104 (og
1423 1721 108 60 vee
1569 1709 104 76 det
1705 1703 216 90 Land,
1977 1701 132 92 som
2143 1701 122 96 stal
2331 1705 164 94 regio-

933 1811 116 72 res
1079 1797 80 98 af
1179 1817 76 62 en
1271 1801 302 96 ugudelig
1599 1799 322 98 Konge!)
1975 1797 224 88 Dette
2213 1799 200 94 sølede
2431 1801 92 92 vi,

935 1915 80 64 at
1045 1897 178 96 hvad
1261 1895 588 94 Underfaatternes
1891 1895 314 94 Velfærd
2243 1917 122 60 var
2405 1919 87 57 an-

934 1993 449 102 jbelangende,
1453 1993 114 94 faa
1607 1997 234 78 raabte
1889 1999 118 88 de,
2061 1995 134 90 som
2253 1991 270 86 Edoms

945 2089 228 90 Børn
1229 2101 110 70 om
1375 2089 412 98 Jerusalem:
1841 2091 210 98 giører
2083 2093 176 92 bart,
2313 2095 210 94 giører

655 2191 228 86 Psalm,
951 2191 154 82 bart
1139 2189 184 82 indtil
1351 2189 500 86 Grundvolden
1883 2191 20 78 i
1933 2195 140 76 den.
2175 2187 186 90 Gud
2385 2188 113 91 frie-

666 2294 145 66 137·
857 2293 168 78 7«de
1055 2287 292 94 Kongen
1379 2307 86 74 og
1495 2287 246 82 Landet
1765 2283 106 96 fra
1913 2283 142 98 disse
2107 2295 174 70 onde
2325 2291 176 84 Men-

945 2383 214 96 nisser.
1259 2381 122 84 Vi
1415 2385 120 86 har
1561 2403 80 72 og
1675 2385 172 90 siden
1891 2387 120 74 den
2043 2381 152 86 Bid
2225 2387 272 78 mærkeli-

943 2501 126 60 sen
1091 2477 156 98 føket
1263 2475 624 98 Vederqvægelsens
1903 2475 250 90 Bider:
2207 2481 176 84 Gud
2405 2487 120 90 har

945 2579 74 80 til
1069 2593 72 64 at
1173 2581 142 76 lette
1357 2575 336 94 Kongens
1749 2575 282 92 Byrder
2085 2597 80 74 og
2217 2577 278 100 Bekym-

945 2675 218 98 ringer
1197 2671 298 96 bestikket
1527 2691 74 60 en
1631 2673 280 90 dyrebar
1945 2671 412 102 Dronning,
2417 2685 108 74 der

945 2775 326 99 omgaaes
1337 2771 208 80 baade
1629 2769 154 92 ham
1843 2789 80 74 og
1971 2767 246 86 Landet
2269 2781 228 76 moder-

945 2871 130 104 lig,
1129 2889 76 60 en
1235 2869 280 94 dyrebar
1543 2865 226 100 Printz
1803 2885 78 76 og
1913 2865 304 102 Broder,
2275 2893 134 74 om,
2441 2895 82 74 og

949 2973 74 78 rrl
1053 2967 288 98 hvilken,
1395 2983 170 64 naar
1593 2963 64 80 vi
1689 2965 210 92 havde
1935 2963 332 98 Leylighed
2305 2971 222 94 dertil,

951 3067 68 82 vi
1049 3081 252 66 maatte
1335 3065 150 94 sige,
1551 3053 160 94 Det
1745 3061 134 92 som
1937 3059 354 90 Termllus
2335 3065 192 98 sagde

661 3165 206 76 Giem.
955 3165 70 86 til
1079 3163 218 102 Felix:
1367 3179 74 64 at
1487 3159 66 82 vi
1605 3165 164 86 nyde
1813 3161 130 96 stor
1985 3159 176 98 Fred
2205 3169 120 76 ved
2371 3167 154 96 dig,

659 3269 116 64 »4«
803 3261 234 100 Z.v.øg
1075 3281 72 62 at
1169 3279 238 78 mange
1443 3273 164 66 rette
1635 3255 179 97 Ting
1850 3257 127 97 skee
2003 3263 170 76 dette
2209 3261 164 98 Folk
2395 3263 102 96 for-

953 3363 256 94 medelst
1239 3361 106 78 din
1375 3355 298 102 Forsyn,
1729 3363 104 74 det
1865 3377 362 62 annamme
2261 3361 66 78 vi
2356 3361 177 97 bag-.

1089 3463 270 78 aldeeles
1409 3477 78 76 og
1553 3461 324 88 allevegne
1939 3459 144 76 med
2155 3457 372 98 Taksigelse.

951 3559 178 88 Gud
1167 3559 118 96 har
1315 3555 18 84 i
1369 3579 86 76 53
1513 3553 148 90 Aar
1709 3555 298 98 velsigner
2057 3573 154 68 vore
2255 3555 278 98 Konger

2345 3673 80 78 og
