2739 4619
1022 483 81 64 14

1034 625 537 133 Lextens
1640 612 760 144 Forklaring

936 802 246 181 Det
1237 840 63 60 er
1373 820 284 92 Mosts!
1713 820 166 78 den'
1913 814 222 83 Guds
2199 809 307 93 Timer,

1176 925 107 79 der
1330 916 243 97 ligesom
1620 913 267 84 David
1932 914 119 91 har
2100 915 167 74 dette
2330 909 178 78 Ære

937 1018 221 90 Navn
1188 1017 74 91 af
1284 1018 170 82 Gud
1486 1019 240 87 baade,
1779 1014 23 78 i
1840 1034 76 70 og
1934 1007 152 92 efter
2103 1007 215 93 Liver,
2375 1004 137 90 som

938 1117 176 96 forer
1152 1117 220 83 Order
1404 1116 20 74 i
1454 1133 120 58 vor
1608 1111 186 87 Brr.
1844 1108 182 82 Den
2074 1127 66 56 er
2194 1126 80 58 en
2322 1102 192 83 Deel

940 1212 73 95 af
1052 1217 271 91 Moses
1384 1216 121 77 den
1564 1214 243 72 Guds
1876 1206 319 77 Mands
2278 1201 235 91 Bdn,

939 1313 136 92 som
1115 1319 204 75 under
1369 1316 198 73 denne
1617 1305 220 80 Tirul
1895 1324 80 71 og
2025 1294 366 96 Overssrift
2447 1316 68 59 er

935 1407 329 100 indrykker
1295 1408 250 79 iblandt
1567 1404 314 80 Davids
1927 1400 358 95 psalmer.
2315 1396 198 80 'Saa

940 1525 206 78 meget
1186 1507 126 79 kan
1350 1504 64 79 vi
1464 1508 86 73 da
1622 1506 142 74 med
1816 1497 282 94 Vished
2180 1495 189 94 slige,
2444 1506 76 65 at

942 1615 124 72 den
1110 1622 62 62 er
1208 1602 178 98 opsat
1415 1602 21 78 i
1465 1598 279 96 Ørken,
1799 1601 89 74 da
1931 1593 279 90 Mosts
2264 1610 126 59 var
2442 1608 78 59 en

942 1701 291 90 Anfører
1274 1700 101 94 for
1408 1698 293 99 Israel,
1758 1713 147 61 men
1940 1698 87 77 da
2060 1698 165 73 dette
2276 1686 245 98 Folkes

942 1801 481 93 Udlendigheds
1472 1796 221 91 Dage
1740 1798 235 74 varede
2040 1788 107 93 her
2194 1810 99 70 40
2326 1784 195 94 Aar,

943 1924 85 74 og
1061 1907 109 74 der
1197 1899 21 79 i
1249 1905 201 73 denne
1477 1908 261 62 rumme
1769 1887 195 94 Bid,
2019 1905 125 60 var
2179 1884 107 91 faa
2329 1902 161 59 man-

945 2020 77 79 ge
1051 2019 79 72 og
1168 1996 113 90 faa
1302 1990 353 96 forfkiellige
1690 1984 499 95 Begivenheder
2211 1984 144 76 med
2388 1986 103 73 det-

948 2117 64 60 re
1048 2095 306 94 Herrens
1382 2085 204 100 Folk,
1640 2081 112 92 saa
1790 2082 196 78 bliver
2044 2084 102 75 der
2196 2099 78 73 og
2316 2090 208 77 meget

949 2191 173 94 uvist
1151 2207 75 63 at
1266 2188 186 94 stige,
1505 2187 121 72 ved
1660 2179 176 92 hvad
1872 2176 284 92 særdeles
2202 2172 326 94 Leylighed

953 2312 86 72 og
1084 2282 433 99 Begivenhed
1566 2276 277 94 Mosts
1906 2272 119 94 har
2078 2273 191 93 udøst
2328 2276 201 76 denne

953 2372 190 98 Bøn
1177 2381 104 95 for
1309 2384 266 91 Herren
1605 2377 98 93 sin
1743 2372 224 82 Guds
2031 2366 266 98 Ansigt.
2367 2365 162 86 Det

951 2503 129 62 var
1113 2481 133 79 kun
1293 2492 75 64 at
1407 2472 187 96 spilde
1633 2469 393 88 Bidenmed
2055 2469 307 94 a;gierte,
2395 2464 133 87 som

948 2583 299 80 desuden
1298 2574 195 80 bliver
1546 2579 81 70 os
1688 2582 205 78 meget
1938 2566 257 93 kostbar
2216 2618 21 38 ,
2294 2562 125 80 nok
2466 2580 61 60 er

952 2687 108 74 det
1078 2677 78 78 vi
1168 2670 306 96 mærker,
1544 2685 72 62 at
1660 2665 180 94 hvad
1882 2662 280 93 Mosts
2198 2664 132 78 bad
2382 2681 146 73 om,

953 2795 127 62 var
1110 2773 20 78 i
1158 2771 248 99 Hoved
1446 2766 260 94 Sagen
1740 2768 174 74 dette
1959 2800 94 19 —
2093 2781 73 60 ar
2198 2759 180 85 Gud
2419 2756 85 81 vil-

950 2881 79 76 de
1066 2867 119 93 vist
1220 2866 311 97 Lost'til
1577 2862 228 94 -Hans
1848 2858 267 94 Folkes
2158 2880 79 74 og
2280 2856 253 80 Time,

953 2994 125 55 res
1107 2968 412 94 Velstand,
1571 2967 105 77 det
1719 2959 179 83 Gud
1927 2963 99 74 vel
2057 2976 241 76 mange
2325 2970 207 82 gange

957 3069 215 92 havde
1207 3065 171 97 givet
1409 3068 147 77 dem
1603 3062 161 90 store
1813 3055 279 98 Prøver
2135 3075 181 74 paa,
2383 3068 151 61 men

952 3171 132 90 dog
1126 3162 182 98 (som
1352 3168 104 75 det
1512 3157 422 96 foregaaende
1984 3175 82 68 15
2124 3161 156 70 vers
2332 3144 201 98 viser)

958 3263 250 97 ligesom
1250 3279 134 70 naa
1412 3277 206 76 nogen
1640 3253 150 88 Bid
1816 3255 270 77 udlader
2122 3253 166 77 med.
2344 3246 190 94 Dog

953 3384 72 59 «r
1054 3367 105 76 det
1188 3362 21 80 i
1242 3357 373 93 Erindring
1649 3375 78 73 og
1763 3370 134 74 paa
1930 3348 261 83 Grusid
2213 3341 78 95 af
2310 3345 223 85 Guds

955 3461 234 96 forrige
1221 3453 550 97 Msffundheder
1801 3450 180 79 imod
2023 3452 172 77 dette
2241 3445 78 91 sit
2367 3436 162 102 Folk

957 3574 77 73 at
1065 3557 277 97 Mosts
1377 3553 189 86 beder
1611 3589 115 25 —
1765 3548 165 86 Lad
1973 3541 133 85 din
2151 3542 377 95 Giermug

2296 3641 140 93 sies
