2735 4540
1564 519 106 72 48

118 728 104 71 19.
296 727 112 72 2Z.
564 701 98 84 At
712 709 200 77 denne
960 704 436 100 Himmelskat
1440 713 212 76 under
1694 713 122 78 alke

112 824 502 101 Forandringer
660 827 140 80 blev
846 840 82 66 os
964 828 302 96 bevarer;
1380 819 438 108 Forligelfens

122 944 332 101 Embete,
514 949 136 94 som
710 948 266 96 tilforn,
1046 948 470 101 vedligeholdt;
1576 971 72 62 ar
1700 959 120 72 den

119 1074 72 75 til
237 1091 72 58 en
345 1069 174 98 Lid,
575 1069 80 100 af
691 1078 226 90 nogle,
983 1076 84 76 da
1115 1070 370 99 Mægtige,
1571 1079 250 90 yttrede

123 1188 260 99 Spots
413 1193 118 96 hed
625 1213 152 60 over
875 1190 390 98 Religionen
1357 1214 82 75 og
1533 1193 256 98 Ligegyl-

111 1313 234 98 dighed
385 1319 158 78 mod
589 1313 234 98 Laster,
877 1314 122 78 ikke
1057 1318 244 74 naaede
1353 1318 74 93 sit
1471 1311 346 100 Øiemeed,

117 1432 138 95 som
279 1455 88 76 er,
423 1453 72 62 at
527 1435 314 92 nedsænke
871 1440 206 84 andre
1107 1440 144 74 med
1281 1438 88 93 sig
1401 1437 20 78 i
1437 1435 358 96 Vildfarel-

113 1552 114 101 ser,
285 1577 78 74 og
396 1556 380 95 alehaande
819 1556 298 96 ffadelige
1149 1578 80 74 og
1259 1561 290 92 daarlige
1571 1557 220 98 Begie-

114 1679 256 96 ringer,
438 1697 98 62 ere
586 1683 88 76 da
718 1684 174 76 uden
938 1686 66 74 al
1048 1676 392 98 Modsigelse
1482 1678 337 94 saadanne

116 1792 234 101 Velgi'
372 1803 290 94 rninger,
690 1801 136 92 som
852 1804 212 92 aldrig
1096 1800 126 80 kan
1256 1806 406 93 vederlegges
1698 1809 120 76 den

118 1916 288 101 Hoieste.
508 1919 138 100 Thi
676 1927 172 77 uden
884 1920 144 98 disse
1060 1922 230 96 ffulde,
1344 1929 206 90 endog
1588 1933 94 72 alt
1706 1947 86 58 an-

118 2042 112 77 det
262 2045 276 94 vundet,
590 2047 128 88 dog
754 2046 290 94 uendelig
1078 2064 168 60 mere
1280 2062 166 63 være
1478 2047 170 94 tabt,
1704 2053 120 74 end

132 2165 270 76 vundet.
502 2161 234 98 -Hvad
772 2186 282 80 gavner
1082 2172 118 72 det
1232 2166 450 99 Mennesket,
1704 2193 126 56 om

131 2280 154 97 han
313 2285 262 80 vinder
603 2293 136 72 den
771 2286 256 104 ganske
1041 2290 334 95 Verden,
1431 2313 158 56 men
1615 2311 214 82 tager

129 2400 266 85 Skade
435 2427 146 76 paa
619 2409 106 96 sin
775 2408 232 86 Giel?
1111 2410 158 76 eller
1301 2414 202 90 hvad
1547 2417 254 78 Veder-

125 2528 134 99 lag
313 2527 142 78 kan
505 2547 68 60 et
617 2529 396 97 Menneske
1057 2534 170 98 give
1269 2532 122 94 for
1433 2537 102 94 sin
1585 2537 244 82 Siel?

127 2644 238 103 Mach.
409 2657 364 92 16,26.—
827 2652 208 84 Gaae
1069 2658 64 76 vi
1169 2654 214 98 herfra
1419 2663 70 74 til
1521 2663 72 74 de
1627 2665 208 76 andre

131 2766 224 85 Guds
371 2775 608 101 Velgjerninger,
1033 2774 134 94 som
1199 2776 150 96 hore
1381 2781 70 80 til
1481 2783 351 96 Gielden,

132 2890 272 81 betænke
450 2895 66 78 vi
566 2899 184 76 deres
790 2900 326 96 uendelige
1166 2898 320 99 Mængde
1534 2925 134 74 paa
1714 2911 124 76 den

140 3030 164 77 rene,
330 3017 182 76 deres
544 3015 376 103 Vigtighed
952 3042 136 74 paa
1118 3024 120 78 den
1266 3028 214 77 anden
1498 3023 216 100 Side,
1752 3049 88 76 og

142 3136 126 75 den
298 3135 292 98 ønskelige
614 3137 286 101 Maade,
938 3146 76 78 de
1046 3144 176 78 bleve
1260 3156 78 68 os
1360 3147 304 96 tilbragte
1680 3169 162 78 paa,

142 3256 92 77 da
280 3275 186 60 maae
510 3261 64 78 vi
612 3279 182 63 enten
832 3284 168 60 være
1037 3265 224 97 ganske
1302 3266 338 97 foleslose,
1694 3277 146 74 eller

141 3375 274 99 tilsaae-
468 3397 70 64 at
572 3383 72 86 de
674 3382 198 103 ogsaa
902 3388 22 82 i
956 3388 94 98 sin
1086 3386 188 88 Deel
1302 3408 96 64 ere
1420 3393 244 76 aldeles
1682 3389 134 82 ube-

1423 3509 320 104 talelige.
