2808 4502
1056 540 107 71 90

1067 710 220 82 Møde
1301 709 66 80 vi
1385 727 88 60 nu
1497 707 268 99 Herren
1787 725 136 76 paa
1953 707 120 75 den
2091 705 376 79 anordnede
2481 698 156 98 Fest

911 839 25 78 i
949 835 217 93 Dag,
1217 832 291 94 saakdes
1527 828 133 111 som
1681 826 313 98 forklaret
2005 846 93 74 er,
2127 829 147 78 med
2293 823 341 94 følsomme

912 959 274 96 Hjerter
1236 959 118 76 ved
1412 955 174 96 hans
1644 948 564 97 Velgierningers
2270 946 362 99 højtidelige

912 1077 423 96 Erindring,
1431 1078 146 78 med
1632 1076 273 93 inderlig
1958 1069 365 99 Taksigelse
2384 1066 247 98 derfor,

909 1207 148 74 sned
1091 1196 446 99 Redebonhed
1573 1212 74 64 at
1677 1195 124 94 vise
1823 1215 76 58 en
1917 1196 284 94 oprigtig
2221 1190 378 94 Skiønsom-

910 1323 118 98 hed
1044 1327 18 77 i
1078 1324 442 93 Gierningen,
1564 1322 146 76 med
1742 1318 410 94 ydmyg-slige
2183 1316 445 95 Begieringer

908 1467 110 60 om
1066 1446 178 96 hans
1300 1446 408 77 vedvarende
1754 1438 510 96 Bevaagenhed
2320 1457 154 60 over
2522 1440 104 76 det

1121 1567 424 100 Nongelige
1567 1562 252 96 Huus,
1845 1563 338 99 Rigerne
2219 1579 82 76 og
2331 1569 110 82 os,
2475 1560 148 76 med

901 1691 162 94 sand
1079 1688 200 90 Tillid
1299 1691 70 76 til
1401 1689 176 94 hans
1611 1688 166 78 alrid
1807 1683 328 96 befundne
2151 1677 468 103 Fader-Huld

894 1837 94 72 og
1016 1809 470 97 Miskundhed,
1534 1806 156 94 efter
1728 1806 178 95 hans
1942 1803 178 97 Lofte
2154 1806 72 76 til
2256 1809 76 74 de
2358 1801 234 95 Oprig-

900 1937 165 94 tige;
1168 1938 115 88 da,
1334 1931 194 76 mine
1574 1930 331 91 Brødre,
1960 1931 88 73 da
2094 1928 166 92 siges
2300 1925 66 76 vi
2404 1938 74 62 at
2508 1922 84 78 be-

899 2052 464 96 tale-Herren
1397 2051 176 98 hans
1613 2056 184 74 ellers
1819 2047 438 100 ubetalelige
2271 2046 318 100 Velgjer-

901 2183 317 95 ninger,
1297 2173 175 98 fordi
1503 2174 65 78 vi
1595 2174 179 94 giøre
1821 2175 143 92 det,
2017 2168 137 96 som
2180 2171 210 94 saaer
2427 2169 21 78 i
2493 2184 123 62 vor

898 2303 242 93 Magr,
1198 2296 156 98 efter
1388 2303 118 72 den
1544 2291 510 99 Naade-Gud
1860 2291 196 86 GUd
2090 2293 186 79 dertil
2305 2289 113 93 saa
2454 2290 130 94 gier-

896 2445 81 58 ne
1000 2425 89 76 vil
1120 2423 404 77 meddele.—
1576 2416 247 93 Dette,
1858 2414 503 95 Merkiereste,
2390 2431 67 60 er
2484 2410 125 96 just

895 2551 124 72 den
1049 2542 418 99 Betaling,
1533 2538 290 96 Herren
1847 2535 410 103 forlanger.
2415 2533 190 83 Selv

895 2669 125 96 har
1061 2664 131 96 han
1237 2664 173 96 giver
1447 2671 79 68 os
1563 2666 75 74 de
1665 2662 269 80 Evner
1969 2664 123 76 ved
2125 2664 367 75 Naturen
2525 2678 79 74 og

892 2792 360 86 Naade-»
1310 2781 134 94 som
1474 2784 188 79 dertil
1702 2781 382 94 udfordres.
2240 2779 176 102 Han
2446 2779 126 85 ind-

893 2896 234 106 blcesc
1154 2908 23 76 i
1212 2903 379 93 Skabelsen
1626 2910 121 74 den
1780 2902 517 84 Livs-Aande
2319 2955 22 42 ,
2410 2903 163 98 hvor-

885 3037 124 76 ved
1055 3024 434 97 Mennesket
1555 3024 164 80 blev
1771 3027 92 78 til
1913 3049 84 55 en
2051 3030 298 75 levende
2399 3025 198 83 Siel,

889 3179 35 48 i
953 3150 199 96 Mose
1183 3148 111 86 B.
1329 3175 73 68 2,
1455 3169 71 70 7.
1657 3146 115 86 En
1799 3145 195 97 Siel,
2051 3146 137 94 som
2219 3151 121 76 ved
2373 3147 113 84 Liv
2515 3166 81 78 og

878 3272 246 101 Følelse
1156 3292 64 60 er
1250 3274 88 93 sig
1372 3265 122 98 selv
1536 3270 292 95 bevidst,
1882 3270 282 94 virksom
2196 3271 72 80 ril
2302 3285 72 64 at
2414 3275 152 75 døm-

875 3417 104 58 me
1019 3416 80 76 og
1150 3396 185 96 simre
1373 3393 82 94 af
1474 3397 73 76 de
1578 3396 21 74 i
1629 3414 82 74 og
1747 3411 106 58 om
1884 3397 147 74 dem
2066 3390 527 96 forekommende

875 3513 184 104 Ting
1121 3536 108 62 om
1281 3520 182 79 deres
1516 3511 489 105 Beskafenhed
2045 3536 82 76 og
2169 3513 302 100 Forhold
2517 3516 74 80 til

2318 3641 168 80 dens
