2752 4575
640 423 441 92 *£Sf54*C!Ö*
1565 461 84 67 41

186 608 79 77 eg
294 587 200 87 kande
534 596 138 78 med
722 613 74 62 en
842 597 467 91 stedsevarende
1360 604 211 102 Fred,
1640 632 81 77 og

189 711 158 62 naar
377 690 60 78 vi
465 691 200 83 baade
697 693 112 82 udi
839 702 74 74 de
939 694 236 102 forrige
1219 723 78 74 og
1315 699 232 95 seenere
1578 705 108 85 Aa-

186 793 196 98 ringe-ti
427 788 113 97 har
569 791 149 95 hørr
751 789 301 103 Krigens
1069 799 123 83 Lue
1222 817 70 64 at
1327 800 253 94 fortære
1600 828 88 60 an-

190 896 101 75 dre
322 886 153 98 Folk
522 911 77 75 og
632 888 325 99 Slæder,
1012 893 273 93 saa-har
1166 896 119 87 har
1340 902 177 84 Gud
1576 906 111 94 lige-

185 988 123 95 som
335 985 369 97 forudsendt
739 993 93 94 sin
871 991 491 102 Skyts-Engel
1401 1018 151 63 over
1593 1014 123 89 os,

184 1092 104 77 der
324 1087 114 95 har
476 1088 234 81 raabt:
776 1089 288 86 Skader
1114 1092 128 83 ikke
1292 1095 311 101 Jorden,
1658 1122 73 77 ey

183 1186 176 89 heller
393 1186 274 99 Havet,
723 1209 70 74 ey
829 1190 182 96 heller
1051 1189 344 99 Træerne,
1449 1197 186 84 indtil
1667 1203 62 78 vi

181 1280 175 97 faaer
419 1283 255 99 beseglet
722 1305 118 63 vor
887 1288 217 87 Guds
1165 1293 267 90 Tienere
1477 1297 21 76 i
1544 1301 188 78 deres
1841 1286 61 64 7'
1959 1279 57 64 3"

180 1382 311 101 Pander.
592 1384 153 85 End
782 1385 119 96 har
958 1391 177 84 Gud
1168 1416 103 75 og,
1308 1387 277 99 foruden
1626 1394 113 92 saa

181 1486 163 91 store
371 1482 419 99 Velsignelser
831 1488 19 76 i
885 1492 395 95 Naturen,
1337 1509 253 62 croner
1609 1502 101 74 det-

186 1592 58 67 te
260 1579 185 99 Aar,
502 1605 77 77 og
598 1590 100 74 det
724 1589 176 95 sidste
932 1586 185 98 deraf
1144 1592 151 94 (den
1322 1598 168 75 16de
1504 1591 18 74 i
1538 1588 179 101 afvig-

179 1694 58 65 te
259 1677 334 105 Maaned)
635 1691 142 76 med
813 1691 202 77 denne
1035 1687 421 98 besynderlige
1475 1691 244 96 Velsig-

184 1773 152 92 nelse
367 1776 17 80 i
431 1776 331 103 Staren,
818 1802 72 62 at
945 1790 107 77 det
1105 1786 241 97 Kielffe
1393 1786 357 104 Holsteen,

182 1870 221 99 forhen
442 1879 349 90 tilhørende
808 1879 501 103 Stør-Fyrsten
1340 1886 21 78 i
1396 1884 361 101 Rusland/

185 1993 65 58 er
285 1973 219 80 bleven
537 1975 177 93 hans
759 1977 339 94 Majestæt
1139 2000 121 61 vor
1297 1983 433 96 Allernaadig-

190 2070 84 95 ste
290 2067 265 100 Konge,
588 2071 589 103 udenSverdsiag,
1200 2083 120 76 ved
1338 2085 228 73 accord
1582 2098 150 61 over-

189 2172 276 86 dragen.
565 2163 170 99 Hvo
751 2173 106 75 der
873 2170 190 81 ikkun
1083 2181 150 74 veed
1259 2195 78 75 og
1359 2174 278 81 erindrer
1649 2178 118 93 sig,

196 2279 74 64 at
331 2270 227 73 derved
611 2282 61 60 er
714 2265 214 96 giordt
981 2267 189 87 Ende
1206 2293 132 72 paa
1372 2295 132 70 113
1573 2274 191 82 Aars

196 2358 509 107 Stridigheder,
760 2379 71 63 at
860 2366 163 77 dette
1064 2365 227 82 immer
1312 2371 117 93 har
1462 2388 193 64 været
1702 2391 61 58 er

191 2454 305 100 Tvistens
539 2458 239 95 LEble,
833 2456 131 94 som
1013 2461 209 83 kunde
1273 2468 141 91 give
1475 2467 255 84 Andled-

192 2555 154 97 ning
386 2554 68 82 til
484 2551 222 100 Kriig,
752 2553 134 96 som
918 2557 176 94 vifor
1119 2586 80 49 11
1172 2586 28 49 i
1244 2561 146 85 Aar
1408 2568 170 93 siden
1600 2568 130 90 hav-

191 2654 76 77 de
297 2673 76 59 en
428 2650 315 95 ssræksom
768 2653 419 101 Erfarenhed
1233 2659 92 101 af,
1387 2668 110 76 der
1545 2663 214 82 kunde

193 2746 163 97 have
389 2750 201 83 blevet
629 2759 453 93 ødeleggende,
1141 2760 147 90 hvis
1329 2762 175 82 Gud
1539 2781 71 75 ey
1645 2768 111 91 da,

190 2846 135 95 som
354 2847 203 96 altiid,
598 2870 131 78 paa
752 2873 73 59 en
844 2840 395 113 forunderlig
1262 2857 263 85 Maade
1548 2859 211 97 havde

189 2951 389 93 ræddet-os,
636 2968 70 61 at
749 2955 163 76 dette
941 2953 177 82 Land
1157 2976 63 59 er
1265 2953 149 89 efter
1465 2961 95 92 sin
1611 2956 119 87 Be-

196 3046 318 97 liggenhed
548 3067 134 75 paa
720 3057 120 76 den
874 3072 138 59 eene
1048 3051 192 86 Side
1280 3055 134 93 fom
1462 3079 76 58 en
1568 3054 192 100 Port

201 3165 78 74 og
302 3143 175 87 Dor
509 3145 66 80 til
615 3152 102 75 det
754 3141 441 106 Holsteenffe,
1250 3151 377 97 fremdeles,
1683 3171 76 62 at

205 3247 115 75 ved
371 3242 441 100 Fælledffabet
865 3248 19 78 i
933 3252 101 75 det
1095 3250 443 99 Holsteenjke,
1625 3250 133 96 som

204 3337 281 97 Kongen
504 3357 91 64 nn
614 3364 61 58 er
698 3345 223 81 bleven
940 3343 373 89 Eenevolds
1334 3350 219 98 Herre
1578 3368 177 73 over,

201 3455 98 62 ere
367 3458 226 75 mange
633 3443 243 95 nyttige
923 3444 483 106 Indretninger
1465 3451 67 76 til
1601 3448 129 82 Lan-

200 3539 156 83 dets
394 3532 154 103 Flor
586 3560 76 80 og
712 3539 362 105 Velstand,
1146 3548 224 83 blevne
1422 3547 338 96 hindrede,

784 3637 63 87 C
907 3664 30 71 s
1540 3635 121 89 den
