2746 4487
773 1262 724 141 Forerindring!

193 1501 173 124 £*%
405 1529 261 100 h«»r«6
704 1527 96 95 jeg
861 1531 121 100 har
1030 1527 240 95 Kraft,
1322 1538 72 68 al
1462 1542 164 64 man
1689 1521 129 80 ikke
1877 1525 133 79 kun-

297 1608 62 136 %
419 1636 72 74 de
545 1629 174 94 giøre
755 1629 100 94 for
899 1624 318 96 meget-til
1147 1626 72 78 til
1251 1639 72 66 at
1359 1622 396 92 underholde
1789 1617 218 100 Erind-

218 1765 3 5 -
681 1723 74 90 af
785 1733 120 74 den
935 1724 190 98 Fest,
1177 1743 134 70 paa
1345 1719 244 92 hvilken
1619 1724 198 74 denne
1839 1716 170 97 Præ-

187 1824 183 82 diken
403 1844 61 62 er
497 1823 253 94 holdet,
801 1831 109 71 der
941 1824 127 90 har
1097 1802 421 112 forekommet
1539 1818 133 96 mig
1693 1814 133 94 som
1849 1816 159 101 Ind-

188 1920 458 96 samlingernes
686 1920 288 95 Hoytiid
1018 1918 206 80 iblant
1268 1915 344 96 Jøderne,
1682 1936 72 64 ey
1804 1912 240 82 alleens

188 2018 358 92 ihenseende
586 2017 72 76 til
694 2013 252 84 Aarets
978 2013 488 99 Frugtbarhed,
1524 2033 148 57 men
1706 2010 112 94 saa
1850 2031 160 58 man-

196 2136 74 74 ge
316 2120 180 88 fieere
558 2111 220 82 Guds
838 2110 536 96 Velgjerninger,
1450 2107 134 92 som
1654 2114 106 72 der
1826 2108 220 92 findes

194 2212 269 112 famlede
496 2209 67 78 til
594 2207 217 82 Guds
852 2206 175 94 Lov,
1088 2225 191 61 maae
1314 2205 101 94 jeg
1456 2211 129 87 dog
1626 2206 285 94 tilstaae,
1966 2219 81 68 at

189 2312 100 92 jeg
347 2308 106 92 saa
501 2307 144 76 lider
711 2311 120 74 ved
893 2308 262 86 denne,
1241 2301 136 92 som
1433 2307 118 74 ved
1619 2298 427 97 foregaaende

187 2406 368 94 Lejligheder
611 2399 118 92 har
769 2394 140 99 haft
955 2400 18 78 i
1029 2398 238 82 Sinde
1309 2413 72 64 at
1417 2399 144 80 ville
1609 2402 234 94 udgive
1899 2401 142 80 min

187 2500 348 102 Prædiken
571 2499 18 76 i
621 2497 334 95 Trykken,
1009 2516 146 60 men
1175 2502 82 73 da
1289 2501 180 90 nogle
1505 2493 80 95 af
1593 2504 120 72 den
1731 2497 274 96 Meenig-

185 2602 119 90 hed
335 2602 17 78 i
399 2597 243 99 hvilken
671 2597 101 94 jeg
822 2596 192 78 tiener
1077 2596 167 92 strax
1271 2589 367 102 forlangede
1658 2600 146 90 det,
1860 2601 182 76 uden

436 2694 510 96 fornemmeligen
1000 2694 18 78 i
1082 2692 462 97 Betragtning
1590 2688 76 100 af
1714 2698 124 76 den

700 2797 88 76 da
836 2799 120 75 den
994 2810 62 60 er
1090 2790 244 97 holdet,
1392 2789 118 98 har
1548 2791 96 97 jeg
1694 2806 208 80 troet,
1958 2807 78 66 at

178 2914 101 78 jeg
324 2914 75 76 ey
452 2908 261 79 længere
754 2909 123 62 var
950 2884 219 104 Herre
1238 2907 151 62 over
1440 2887 131 95 mig
1622 2886 183 96 selv,
1882 2909 157 60 men

177 2992 276 96 skyldede
487 2997 140 76 dem
663 2993 124 78 ved
835 2995 242 83 denne,
1129 2986 134 94 som
1307 2991 118 78 ved
1467 2993 122 75 alle

187 3092 262 92 ligheder
503 3093 92 76 alt
649 3089 174 94 hvad
873 3086 96 88 jeg
1021 3086 208 80 kunde
1255 3085 176 88 giore
1475 3085 68 82 til

191 3184 290 100 byggelse.
535 3185 266 82 Maae!

289 3286 81 98 lig
