2800 4559
837 728 227 100 derfor
1111 723 227 101 ganske
1375 721 411 98 forandres,
1837 724 191 77 inden
2079 722 357 94 Udøvelsen
2485 716 83 101 af

842 861 126 70 den
998 866 160 64 rette
1190 840 580 98 Erkiendrligheds
1810 840 224 100 Pligt,
2062 845 134 94 som
2226 847 332 95 herunder

842 971 232 83 Naon
1104 970 78 96 af
1204 969 372 97 Betaling
1602 964 360 99 forestilles,
2016 967 126 80 kan
2184 971 164 78 blwe
2378 988 178 60 mue»

840 1097 141 93 lig,
1037 1098 142 74 eller
1229 1093 388 94 nogensinde
1674 1086 253 80 komme
1972 1091 21 74 i
2030 1087 237 97 Drift.
2422 1088 137 84 De

841 1216 300 94 daarlige
1179 1212 430 99 Fordomme,
1665 1228 162 58 man
1871 1210 122 95 har
2021 1209 194 94 fattet
2269 1230 106 58 om
2409 1208 150 98 visse

841 1340 326 77 udvortes
1199 1334 346 95 Andagter
1577 1330 138 96 (der
1747 1336 186 74 ellers
1961 1333 20 78 i
2017 1335 90 94 sig
2141 1355 80 72 og
2263 1334 18 76 i
2315 1334 90 94 sin
2435 1346 124 64 ret»

842 1473 66 66 te
950 1456 226 98 Brug
1220 1456 128 79 kan
1402 1473 168 60 være
1610 1450 188 98 gode)
1850 1450 136 92 som
2044 1473 76 58 en
2174 1453 382 97 Giengield,

842 1579 298 98 hvorved
1192 1597 162 58 man
1388 1577 144 94 giør
1566 1572 368 97 Aftegning
1970 1581 144 72 med
2148 1593 134 60 vor-
2312 1572 250 98 Herre,

210 1731 4 50 i
838 1721 90 74 og
962 1700 222 96 holder
1224 1698 156 95 ham
1420 1695 334 96 skadesløs
1792 1694 106 92 for
1944 1695 250 94 beviiste
2248 1692 324 98 Velgier»

843 1824 266 94 uinger,
1167 1820 122 78 bør
1323 1815 228 100 ganske
1577 1818 364 90 udryddes.
2077 1815 178 84 Den
2293 1818 282 78 naturli»

851 1964 78 77 ge
945 1940 364 96 Uforstand
1347 1957 136 76 paa
1517 1939 126 89 det,
1667 1932 132 94 som
1835 1938 200 76 tiener
2057 1937 70 78 til
2143 1946 198 69 vores
2363 1934 206 98 Fred,

847 2066 155 92 vige
1031 2062 105 96 for
1167 2060 223 83 Guds
1419 2055 251 86 Aands
1707 2056 189 78 bedre
1929 2053 427 99 Oplysning.
2411 2054 163 86 Det

844 2185 186 81 kolde
1088 2180 208 86 Sind
1368 2186 362 89 opvarmes
1800 2174 78 98 af
1926 2173 172 98 Jesu
2160 2175 404 101 Kierlighed.

836 2303 172 87 Det
1040 2304 290 84 Sceen»
1354 2299 259 95 Hjerte
1652 2296 426 103 borttages,
2134 2319 80 76 og
2244 2308 322 90 omvexles

840 2432 149 74 med
1024 2430 77 76 de
1126 2440 243 74 ømme
1396 2420 349 95 Følelser,
1820 2418 137 94 som
1988 2409 313 117 Aanden
2334 2422 227 80 virker.

839 2545 224 101 Ezech.
1101 2554 114 90 z6,
1273 2551 118 70 26.
1453 2569 118 62 27.
1729 2540 426 103 Sandelig,
2209 2545 160 91 siger
2401 2538 162 104 Tex»

841 2685 136 81 ten,
1007 2668 226 94 -Hans
1261 2665 232 94 Frelst
1525 2687 74 56 er
1618 2670 170 87 nær
1821 2662 144 92 hos
1991 2671 190 88 dem,
2211 2665 154 91 som
2385 2668 176 86 ham

840 2789 276 103 frygte,
1170 2788 204 98 forat
1408 2785 120 94 vist
1556 2791 120 71 den
1692 2782 312 100 Høiestes
2024 2783 448 99 Redebonhed
2490 2802 72 64 at

840 2913 150 96 give
1054 2912 308 80 aadanne
1390 2909 94 96 sin
1520 2905 330 97 Bistand,
1908 2927 172 60 naar
2120 2913 102 74 det
2252 2908 308 96 behøves,

838 3053 89 75 og
952 3048 72 64 at
1070 3030 134 98 han
1254 3035 86 76 da
1386 3029 128 80 ikke
1560 3030 90 76 vil
1692 3046 168 62 være
1900 3034 190 91 langt
2122 3029 235 99 borte,
2410 3052 150 58 men

835 3153 194 100 holde
1059 3156 92 94 sig
1187 3171 136 61 nær
1355 3153 96 92 til,
1505 3149 138 94 som
1677 3168 76 60 en
1785 3150 236 93 trofast
2051 3147 198 86 Ven.
2383 3150 66 100 I
2485 3174 74 60 en

837 3280 220 76 anden
1095 3274 290 93 Mening
1413 3271 128 82 kan
1573 3274 168 94 siges
1777 3276 144 77 med
1951 3271 248 96 samme
2229 3271 326 101 Vished:

835 3395 339 95 Herrens
1215 3394 233 95 Frelst
1499 3417 75 54 er
1615 3413 160 57 nær
1811 3396 143 92 hos
1987 3401 169 72 dem
2189 3395 157 93 som
2377 3398 181 89 ham
