2780 4526
1007 572 104 70 50

873 776 87 75 og
993 740 376 102 Mennesket
1387 745 34 84 i
1453 739 412 101 Forfatning
1899 750 72 67 at
2001 740 120 92 yde
2138 733 271 100 Herren
2446 734 133 93 det,

878 876 139 96 som
1076 872 109 98 her
1224 867 295 98 begribes
1542 868 207 75 under
1780 859 223 81 Navn
2030 858 79 96 af
2128 854 450 99 Beralning.

881 996 115 83 En
1015 995 243 94 Konge
1283 990 257 96 fordrer
1567 985 129 81 ikke
1713 982 355 95 Giengield
2097 978 107 97 for
2235 975 321 99 sineNaa-

880 1126 121 74 des
1021 1149 24 37 -
1072 1115 521 93 Beviisninger,
1646 1108 97 98 thi
1772 1111 105 73 det
1912 1105 169 78 vilde
2114 1118 171 60 være
2298 1098 157 93 ham
2472 1094 117 92 faa

880 1237 488 99 uanstændigt,
1432 1233 138 89 fom
1597 1231 21 78 i
1650 1244 240 78 mange
1921 1220 301 96 Tilfælde
2254 1218 336 95 ugiorligt,

881 1382 149 61 men
1061 1360 133 96 han
1221 1358 133 93 vil,
1419 1368 88 66 at-
1539 1357 75 76 de
1647 1350 123 96 stal
1799 1345 230 97 holdes
2057 1344 20 78 i
2113 1338 142 98 Agt
2293 1359 81 76 og
2413 1333 175 85 Ære

880 1479 675 100 afUndersaatterne,
1610 1492 83 74 og
1726 1470 129 95 hvo
1876 1466 125 79 kan
2024 1479 227 82 nægte,
2286 1477 75 64 ar
2390 1467 103 75 det
2522 1479 65 60 er

881 1606 191 82 deres
1105 1600 201 99 Pligt
1323 1604 35 73 ?
1465 1594 115 84 En
1597 1591 229 99 Fader
1861 1587 231 81 tænker
2121 1585 127 80 ikke
2279 1601 135 78 paa
2429 1580 129 85 Ve-

881 1731 228 89 derlag
1138 1722 105 97 for
1267 1726 128 74 den
1421 1707 195 90 Møie
1651 1734 80 75 og
1762 1717 75 76 de
1864 1708 539 97 Omkostninger,
2456 1706 133 94 han

882 1850 341 80 anvender
1254 1857 138 79 paa
1428 1839 178 99 hans
1622 1835 240 85 Børn.
1964 1829 160 85 Der
2152 1849 62 60 er
2258 1830 176 94 hans
2454 1826 143 95 Lyst

883 1968 229 97 daglig
1145 1979 73 66 at
1249 1964 211 80 kunde
1493 1959 301 99 forbinde
1825 1961 147 75 dem
2001 1956 121 76 ved
2161 1973 89 71 ny
2279 1948 287 94 Velgier-

886 2094 257 92 ninger,
1194 2087 179 98 hans
1390 2081 247 96 Ønske,
1692 2097 75 62 ar
1794 2079 135 95 han
1958 2076 215 91 aldrig
2194 2089 193 61 maae
2402 2087 163 61 træn-

888 2234 76 76 ge
998 2215 70 78 til
1104 2216 166 73 dem.
1373 2205 183 81 Men
1583 2200 411 96 Kierlighed,
2033 2192 351 100 Lydighed,
2413 2191 159 99 Hen-

889 2332 319 100 givenhed
1233 2381 27 43 ,
1343 2347 81 76 og
1467 2322 204 90 Tillid
1719 2322 261 97 fordrer
2025 2319 134 97 han
2207 2320 146 76 med
2387 2315 212 96 største

890 2454 375 97 Billighed,
1296 2472 81 71 og
1416 2449 223 95 holder
1666 2448 89 95 sig
1794 2447 233 77 derved
2042 2459 171 62 mere
2240 2443 123 74 end
2382 2437 215 79 betalt.

889 2575 215 98 Passe
1129 2577 123 75 end
1283 2569 171 98 disse,
1487 2574 143 75 eller
1653 2573 215 74 andre
1903 2564 252 97 deilige
2189 2559 309 99 Lignelser
2515 2558 85 95 sig

890 2699 131 81 ikke
1070 2689 567 103 fuldkommeligen
1689 2692 74 77 til
1803 2682 194 88 Gud
2148 2682 124 95 saa
2326 2685 159 76 tiene
2530 2683 73 76 de

890 2824 137 91 dog
1064 2820 72 80 til
1164 2833 74 64 ar
1268 2822 218 72 danne
1512 2827 58 66 et
1608 2815 414 92 nogenlunde
2036 2811 278 93 værdigt
2332 2803 274 97 Begreb

895 2961 115 93 om
1039 2938 567 100 Betalningen,
1677 2932 137 94 som
1843 2934 67 78 vi
1947 2931 109 98 her
2083 2932 169 92 have
2277 2945 75 64 at
2379 2927 231 98 handle

896 3084 139 60 om.
1226 3061 177 81 Med
1452 3074 63 64 et
1556 3060 201 78 andet
1798 3053 167 85 Ord
2012 3055 229 79 kaldes
2296 3058 123 75 den
2462 3049 121 82 Er-

904 3178 505 108 kiendtlighexd
1430 3186 142 76 eller
1591 3175 815 102 Taknemmelighed,og
2425 3170 185 100 synes

895 3313 106 76 vel
1033 3322 74 66 at
1143 3324 168 63 være
1347 3311 104 76 det
1483 3304 323 94 mindste,
1859 3298 270 99 Herren
2165 3297 128 80 kan
2329 3294 282 99 havefor

898 3436 127 75 alle
1054 3432 129 96 sine
1212 3431 273 93 utallige
1518 3422 391 98 Godheder,
1962 3438 151 62 men
2148 3439 67 60 er
2246 3422 129 95 dog
2408 3429 205 84 meget

901 3570 201 80 mere,
1155 3555 123 81 end
1303 3551 69 82 vi
1399 3548 197 100 afos
1623 3547 169 96 selv,
1845 3542 157 96 som
2033 3544 91 98 af
2145 3565 95 59 os
2267 3544 169 94 selv,
2477 3538 133 98 for-

2319 3680 196 65 maae

2381 3906 20 34 i
