2648 4404
944 489 39 72 I
1004 483 44 56 2

795 677 196 88 Time
1021 668 169 82 kom-.
1344 668 181 97 Han
1583 673 394 96 forandrer
2021 676 328 104 beleilige
2391 685 106 100 og

795 799 332 92 bestemte
1153 792 246 84 Tider.
1429 792 212 86 Dan.
1675 823 70 72 2,
1799 813 115 62 sex-.
2043 798 182 84 Saa
2257 802 102 94 glk
2391 809 104 74 det

793 925 147 74 med
993 921 197 76 denne
1237 914 113 94 saa
1391 916 367 83 krænkende
1789 921 155 92 dyre
1974 916 136 90 Tid
2217 944 79 74 og
2327 922 139 99 For-

790 1043 368 92 andringen
1220 1056 66 60 er
1346 1042 116 74 des
1514 1036 302 101 herligere
1866 1091 24 42 ,
1992 1046 90 76 da
2130 1046 74 76 de
2258 1062 240 77 mange

788 1163 244 96 forrige
1074 1181 258 59 »navre
1358 1156 330 99 Aaringer
1722 1159 256 98 ligesom
2012 1166 146 76 med
2190 1180 88 62 eet
2302 1158 194 103 synes

790 1281 344 102 opslugte
1172 1274 77 100 af
1284 1284 104 76 det
1434 1287 430 74 nærværende
1892 1283 201 97 fede,
2172 1288 146 74 med
2350 1291 148 74 alle#

789 1407 258 96 hagnde
1083 1401 290 99 Frugter
1421 1402 304 97 rigelige»
1767 1405 392 96 velsignede,
2231 1404 170 82 Aar.
2457 1433 34 48 1

787 1525 200 94 Mose
1013 1523 112 84 B.
1147 1548 124 72 41,
1333 1550 30 46 1
1377 1536 38 68 8
1435 1520 180 98 ff.—
1667 1521 178 82 Men
1871 1530 220 74 endnu
2125 1524 124 98 har
2275 1528 66 78 vi
2363 1527 132 80 kun

789 1651 324 90 betragter
1153 1666 126 58 vor
1319 1644 232 80 Gield
1597 1643 108 96 fra
1743 1659 108 66 een
1887 1643 210 87 Side.
2251 1646 146 98 For
2423 1665 74 64 at

785 1771 215 78 kiende
1029 1773 119 72 den
1177 1784 95 58 rer
1303 1766 19 72 i
1351 1768 91 94 sin
1471 1762 369 99 Omfang,
1895 1785 193 61 maae
2113 1770 103 76 det
2249 1766 245 92 samme

784 1888 119 96 skee
930 1887 112 94 fra
1072 1907 72 57 en
1172 1890 216 74 anden
1420 1880 226 101 Syns
1676 1883 270 104 Punkt,
1998 1890 166 92 hvor
2186 1890 104 76 det
2316 1895 154 88 tyde-

786 2013 166 92 ligen
1000 2009 126 78 kan
1166 2004 342 98 fremlyse,
1586 2019 72 68 at
1704 2003 244 98 samme
1992 2008 286 98 naadige
2300 2007 193 88 Gud

784 2153 85 76 og
896 2129 247 102 Frelser

979 2363 328 105 Dernæst
1351 2368 124 100 har
1521 2369 280 82 tildeelt
1839 2391 94 60 os
1971 2388 242 86 meget
2269 2374 218 99 Got,

779 2497 138 94 som
951 2493 154 98 efter
1143 2490 312 98 Dagens
1485 2488 460 101 Bestemmelse
1975 2498 296 94 ligeledes
2307 2494 158 100 høiti-

776 2617 248 94 deligen
1089 2613 121 81 bør
1264 2614 312 80 erindres.
1753 2611 395 86 Deriblant
2201 2614 161 101 først
2404 2639 82 78 og

778 2737 324 96 fremmest
1122 2786 22 46 ,
1196 2748 74 66 at
1298 2734 134 98 han
1464 2732 122 96 har
1616 2733 262 82 bevaret
1902 2745 82 70 os
2014 2740 78 94 sit
2116 2738 342 101 allerhellig-

778 2861 88 94 ste
914 2855 166 88 Ord
1124 2872 206 78 puurt
1376 2874 82 76 og
1483 2871 174 89 reent
1758 2855 138 94 som
1926 2855 354 101 forkynder
2304 2882 184 61 arme

778 2977 331 96 Syndere
1136 2980 119 76 den
1288 2978 161 96 store
1482 2974 253 99 Frelst,
1794 2977 249 98 hvilken
2074 2980 145 98 hine
2256 2986 197 94 legem-

777 3101 122 96 lige
923 3151 24 44 ,
1013 3095 152 102 efter
1207 3118 76 58 en
1329 3096 432 98 foregaaende
1807 3097 478 103 Anmærkning
2333 3125 152 62 over

1049 3269 24 46 ,
1125 3218 188 80 ikkun
1373 3216 358 101 afbildede;
1833 3225 124 76 den
2005 3222 282 100 Frelst,
2341 3226 138 97 fom

1197 3340 236 80 kunder
1477 3340 250 97 bevæge
1766 3339 193 85 Gud
2001 3346 74 80 til
2103 3366 74 60 ar
2207 3368 150 76 rage
2387 3351 94 96 sig

1410 3466 166 84 nden
1616 3463 72 86 til
1706 3470 128 78 alle
1860 3465 178 98 hans
2052 3470 228 94 øvrige
2298 3466 152 91 Vel-

1990 3588 386 102 gjerninger.
