2990 4624
1214 581 109 70 26

1083 793 248 76 betales
1381 801 136 74 paa
1565 784 200 75 denne
1806 775 272 99 Hørtid,
2135 793 78 73 og
2255 767 278 94 anføres
2587 767 206 77 under

1082 915 123 74 den
1236 906 409 93 almindelige
1676 898 175 92 Ticel
1884 898 77 95 af
1988 894 234 86 Guds
2248 888 539 100 Velgierninger.

1079 1031 123 83 Vi
1235 1031 143 77 ville
1411 1031 17 76 i
1453 1026 323 96 mueligste
1809 1021 307 97 Korthed
2157 1017 215 97 stræbe
2403 1014 153 93 efter
2591 1016 203 74 denne

1081 1151 411 93 Anviisning
1557 1165 306 63 nærmere
1919 1159 70 64 at
2035 1139 237 98 oplyse,
2335 1137 168 96 hvor
2567 1134 222 100 gieid»

1082 1277 295 76 bundne
1434 1272 145 96 diste
1654 1270 261 93 Rigers
1978 1263 451 97 Indbyggere
2492 1257 109 96 fra
2668 1261 119 72 den

1081 1399 227 94 høieste
1349 1392 71 84 til
1473 1401 119 75 den
1634 1393 318 96 ringeste,
2035 1386 306 107 ere-Ale
2169 1389 19 74 i
2219 1390 121 72 alle
2387 1377 395 103 Henseende.

1077 1517 137 99 Thi

1279 1759 199 97 Først
1507 1758 127 78 kan
1669 1759 105 73 det
1801 1750 129 83 ikke
1958 1769 166 66 være
2138 1766 236 78 nogen,
2395 1742 133 94 som
2543 1743 241 92 bruger

1077 1885 271 94 ringeste
1379 1876 427 98 Eftertanke,
1859 1873 329 90 ubekiem,
2245 1886 70 60 at
2349 1867 266 97 Herren
2651 1864 138 89 hid»

1078 2007 193 78 indtil
1322 2006 173 74 deels
1530 1998 121 96 har
1684 1996 289 94 skaaner
2006 2002 79 68 os
2116 1990 153 96 for,
2324 1992 172 76 deels
2534 1982 257 92 befrier

1082 2139 86 68 os
1193 2124 109 97 fra
1330 2136 208 83 meget
1574 2122 295 77 Øret-——-
1921 2112 259 99 Iblant
2216 2116 132 87 alt,
2403 2106 135 94 som
2569 2105 221 78 kaldes

1079 2249 141 96 faa,
1275 2245 309 98 fortiener
1617 2239 463 94 vildfarende
2115 2255 81 74 og
2227 2225 342 103 forførisk
2601 2228 192 76 Lær«

1082 2381 203 84 dom,
1318 2368 135 92 som
1492 2382 183 62 enten
1690 2361 339 97 forkaster,
2070 2364 143 72 eller
2228 2346 537 102 fordunkler/for-

1082 2496 202 79 dreier
1322 2512 79 74 og
1430 2505 296 61 vanærer
1743 2480 397 93 Blidskabet
2172 2497 106 58 om
2313 2481 103 72 det
2454 2469 312 96 menneske-

1081 2617 122 104 lige
1083 2619 121 91 lige
1222 2610 236 81 Kiea
1497 2600 669 104 forbemeldceFrelst
2197 2604 123 73 ved
2345 2594 257 102 Jesus,
2623 2599 167 74 uden

1078 2731 401 100 Modsigelse
1522 2736 103 73 det
1662 2729 245 93 øverste
1940 2724 241 93 Sted,
2264 2722 19 76 i
2314 2718 381 99 Henseende
2722 2717 67 76 til

1080 2855 541 105 Indflydelsen,
1678 2855 120 75 den
1833 2849 199 97 haver
2063 2848 19 76 i
2115 2842 271 83 Sindet
2418 2842 74 78 til
2509 2837 255 83 Menne-

1075 2981 163 96 skets
1269 2975 335 96 Rolighed
1633 3023 23 46 ,
1711 2968 353 96 saavelsom
2097 2985 135 72 paa
2259 2962 393 94 Sæderne,
2709 2983 77 73 og

1076 3109 123 74 den
1228 3100 407 91 almindelige
1660 3088 519 98 Fordærvelse,
2230 3086 137 92 som
2396 3083 189 98 disses
2622 3082 165 99 For»

1076 3225 142 96 fald
1266 3229 236 86 drager
1548 3218 152 93 ester
1748 3218 145 93 sig,
1976 3217 102 74 det
2111 3208 163 95 sund
2314 3207 300 98 Fornuft
2642 3209 142 74 med

1075 3344 417 98 Erfarenhed
1535 3346 229 88 lærer,
1847 3356 81 76 og
1973 3331 327 96 Skriften
2333 3331 77 95 af
2439 3334 73 76 de
2547 3327 239 83 Corm»

1073 3470 208 94 thiers
1313 3488 80 76 og
1434 3469 189 92 fleres
1658 3457 311 99 Exempel
2004 3453 369 99 stadfæster.
2425 3480 28 44 i
2482 3449 299 94 Co-e.15,-

1075 3609 281 75 3-os-.3«3..

2675 3473 108 69 i;,

1076 3611 94 72 sso
1192 3611 155 74 »zz.
1500 3581 287 100 Visselig
1836 3581 186 97 hører
2060 3582 108 78 det
2220 3578 71 80 til
2324 3579 76 80 de
2436 3574 350 97 afvendede

2527 3699 165 96 store
