2790 4544
137 689 245 93 tieffers
419 690 403 96 almindelige
855 689 221 89 Trav,
1107 689 283 85 hvorved
1419 684 93 95 jeg
1533 681 315 95 harfaaet

138 792 229 79 Navn
400 793 79 85 af
502 799 175 86 nogle
738 790 173 91 afen
960 786 125 92 frek
1110 786 375 92 Fritænker,
1542 780 79 90 af
1646 789 201 68 andre

137 889 81 82 af
241 913 73 57 en
351 896 143 87 stolt
527 892 225 88 Aand,
803 887 77 96 af
907 898 71 72 de
1017 891 161 94 fleste
1209 888 209 89 Tittel
1441 883 79 96 af
1541 904 73 60 en
1649 880 199 95 farlig

138 992 259 79 Mand.

343 1092 177 77 Men
565 1090 329 87 Elskelige!
947 1138 101 9 —
1099 1087 141 89 Jeg
1293 1083 125 92 har
1461 1079 197 96 ogsaa
1689 1077 132 76 baa-

134 1196 123 77 rens
134 1202 111 57 ren
280 1203 137 71 paa
434 1183 395 90 Synderen,
853 1202 82 70 og

139 1282 64 77 ke
235 1283 122 91 har
387 1284 194 89 ogsaa
619 1294 178 78 peget
825 1299 130 66 paa
993 1277 163 89 mig,
1211 1287 72 62 at
1309 1273 95 90 jeg
1427 1288 124 57 var
1571 1286 76 56 en
1667 1263 182 78 Son

138 1379 182 90 afen
368 1379 438 90 fuldkommen
854 1373 421 92 Skabning,
1356 1389 142 59 men
1548 1368 198 89 tillige
1778 1380 74 58 en

135 1480 226 95 falden
383 1477 248 82 Adam.

346 1578 204 81 Som
586 1599 76 56 en
691 1574 259 90 Mand,
994 1580 110 73 der
1136 1574 114 88 selv
1269 1567 250 100 kjendte
1566 1584 82 76 og
1694 1575 136 64 troe-

136 1686 101 83 de,
315 1692 70 66 at
414 1677 179 94 hans
624 1677 179 81 Deel
838 1677 17 74 i
886 1673 175 81 Livet
1091 1691 122 57 var
1244 1669 319 90 Mangler
1583 1684 78 71 og
1682 1661 169 94 Feil,

139 1780 353 90 Medgang
530 1798 78 71 og
639 1777 387 91 Modgang,
1073 1767 229 97 Fsdsel
1354 1788 80 74 og
1469 1761 211 92 Dod,
1733 1761 125 91 har

138 1878 97 93 jeg
276 1876 125 78 ikke
448 1885 333 79 paanodet
824 1884 203 68 andre
1056 1860 257 99 arkroe,
1392 1880 71 62 at
1498 1863 95 91 jeg
1622 1880 127 59 var
1782 1878 77 58 en

137 1980 347 87 syndesløs
535 1974 235 81 Mand
798 2024 20 39 ,
893 1978 141 70 eller
1075 1988 71 59 ar
1195 1966 93 93 jeg
1337 1965 195 87 ffuide
1585 1962 165 80 blive
1781 1978 77 62 en

140 2076 255 85 Greve,
444 2080 169 72 uden
648 2088 71 63 at
752 2092 167 60 være
950 2066 341 94 Menneske
1322 2066 211 91 tillige.

345 2174 177 83 Den
571 2174 237 91 hastige
855 2167 175 91 Fart
1075 2165 103 94 fra
1229 2172 119 71 den
1389 2170 143 71 lave
1583 2160 277 98 Plads,

138 2276 101 93 jeg
270 2292 127 60 var
428 2271 95 88 sat
580 2293 133 70 paa
762 2272 21 72 i
820 2267 323 87 Verden,
1210 2267 71 76 til
1334 2275 119 65 den
1496 2261 229 94 farlige
1776 2282 83 72 og

141 2378 167 88 hoye
347 2374 269 79 Wrens
667 2369 303 89 Spids,
1047 2377 109 66 der
1207 2368 211 73 ventet
1463 2383 135 66 paa
1651 2365 135 89 mig
1835 2358 25 78 i

142 2470 503 91 Dannemark,
686 2470 212 94 giordr
932 2468 135 91 mig
1120 2465 358 90 svinglende
1520 2482 81 72 og
1638 2478 168 74 tryg.

353 2572 67 95 I
455 2583 162 66 dette
655 2570 148 84 viste
833 2571 119 89 jeg,
1003 2583 70 58 ar
1107 2567 99 89 jeg
1239 2579 122 58 var
1386 2573 68 64 Et
1833 2574 25 78 ;

140 2695 68 58 er
240 2683 112 71 der
400 2690 206 74 nogen
656 2664 80 96 af
808 2675 72 68 de
946 2662 468 91 Nærværende
1470 2667 106 70 der
1610 2662 246 88 harder

143 2774 186 95 høye,
381 2787 144 60 men
567 2767 126 96 ufle
723 2764 278 97 Begreb
1049 2785 106 53 om
1191 2764 86 87 sig
1311 2759 168 90 selv,
1561 2772 70 62 at
1659 2756 202 81 kunde

140 2871 124 94 vise
300 2876 90 89 sig
432 2891 74 58 en
551 2868 163 93 Helt
758 2888 80 71 og
886 2868 48 75 ei
985 2858 305 92 forvikles
1330 2860 162 76 midt
1533 2859 205 78 iblant
1784 2864 78 68 de

142 2972 213 97 fineste
393 2991 80 72 og
504 2966 277 94 farligste
814 2961 339 98 Fristelser,
1208 2970 87 65 da
1327 2954 192 94 ynker
1548 2957 97 95 jeg
1678 2955 175 94 ham-

351 3070 115 83 En
513 3068 175 83 Mre
736 3088 82 71 og
796 3182 125 62 var
1178 3060 78 89 af
1297 3065 99 70 det
1427 3054 269 96 Slags,
1749 3063 113 73 der

144 3171 103 96 gik
282 3170 135 93 mig
452 3173 19 72 i
506 3168 239 90 Møde,
796 3186 127 59 var
954 3164 123 78 ikke
1094 3158 389 93 almindelig.
1588 3154 271 89 Enhver

143 3279 153 72 veed
323 3268 63 94 jo
421 3289 83 75 og
531 3269 317 90 erindrer,
887 3278 71 64 at
993 3260 361 91 Struensee
1393 3258 155 95 steeg
1597 3253 233 98 hastige-

146 3394 69 61 re
238 3393 83 75 og
356 3370 233 92 høyere
622 3377 121 70 end
772 3386 205 73 nogen
1018 3358 281 85 Rakket-

353 3468 275 83 Skulde
653 3467 95 95 jeg
777 3468 251 93 foragte
1071 3465 139 76 eller
1257 3455 305 94 forkaste,
1613 3452 223 97 forspil-

148 3576 75 75 de
252 3574 141 76 eller
426 3568 341 95 forsømme
796 3581 55 62 er
882 3563 273 89 Tilbud,
1210 3560 133 93 som
1376 3555 239 92 Lykken
1632 3551 181 83 ikkun-

149 3689 289 79 eengang
475 3669 21 81 i
525 3669 121 83 mit
675 3665 111 87 Liv
821 3665 207 84 kunde
1055 3663 181 94 giøre
1287 3658 185 94 mig?

1060 3753 23 4 f

998 3782 43 59 a
1060 3753 77 104 f3
1522 3753 273 92 Enhver
