2836 4624
967 741 196 96 reyste
1197 739 98 94 jeg
1325 732 218 97 herfra
1577 738 70 78 til
1683 736 232 101 Lybek,
1963 741 134 92 som
2129 739 208 96 gierne
2369 742 190 92 pleyer
2587 752 64 68 ar

967 892 168 65 være
1183 879 120 70 den
1365 865 190 99 forste
1601 872 268 96 Udflugt
1919 871 100 96 for
2067 871 276 95 Dansse
2385 870 266 100 Haand»

967 999 453 88 verks-Karle.
1531 1000 143 100 Fra
1711 1004 199 96 Lybek
1943 1011 163 76 vilde
2143 1017 91 86 jeg
2273 1008 157 94 have
2461 1004 193 98 besøgt

964 1140 130 93 hele
1128 1133 412 101 Tydssland;
1590 1140 88 92 thi
1716 1148 100 70 det
1846 1137 242 100 Tydsse
2128 1139 252 97 Sprog
2432 1160 60 60 er
2532 1146 118 88 dog

966 1280 108 75 der
1118 1273 202 88 ældste
1368 1269 20 78 i
1434 1268 324 100 Verden,
1822 1294 82 77 og
1950 1279 122 76 viel
2120 1273 240 96 schöner
2404 1282 112 70 end
2562 1280 92 72 der

968 1403 323 100 Dansse;
1322 1401 89 96 thi
1442 1424 155 60 man
1632 1404 123 80 kan
1786 1423 91 63 ret
1908 1409 177 94 gisre
2118 1407 161 98 Folk
2308 1408 193 94 bange
2528 1416 101 70 der-

973 1549 186 86 med;
1191 1533 212 98 derfor
1433 1538 242 96 bruges
1707 1550 100 70 det
1833 1560 80 77 og
1947 1543 70 78 ril
2055 1539 444 97 Soldaterne,
2535 1538 118 92 som

975 1673 244 94 behøve
1255 1667 152 96 sterk
1437 1668 162 84 Ave.
1703 1672 186 82 Man
1923 1675 286 98 dresserer
2241 1674 192 98 ogsaa
2469 1676 158 96 Hun-

969 1816 76 73 de
1087 1810 278 89 paa-det
1267 1811 98 72 det
1417 1803 293 97 Sprog,
1779 1812 94 75 alt
1913 1809 351 95 formedelst
2309 1808 344 96 Sprogets

968 1943 300 92 myndige
1299 1933 338 115 Graven-.
1742 1938 140 99 Jeg
1918 1959 206 80 kroer,
2156 1949 104 72 der
2288 1960 124 64 var
2442 1960 186 60 umue-

964 2076 118 95 jigt
1116 2087 70 64 ar
1224 2075 140 74 lære
1400 2090 72 60 en
1506 2070 216 98 Hund
1758 2076 122 90 sine
1912 2075 286 94 Kunster
2232 2094 134 76 paa
2394 2053 227 115 Dansk-

967 2191 259 121 Bseiteg4
968 2204 244 97 Bring
1248 2205 168 92 hier,
1446 2216 98 70 det
1570 2204 210 96 falder
1814 2207 194 96 rigtig
2046 2207 580 82 Cvmmando-mes-

971 2344 160 93 sigt;
1175 2357 138 60 men
1345 2335 162 94 hvor
1539 2344 140 92 plat
1715 2340 202 96 falder
1951 2351 100 68 det
2079 2339 122 82 ikke
2229 2358 72 64 at
2331 2344 134 76 ville
2501 2346 110 92 sige-

967 2472 246 95 Bring
964 2470 463 115 Sving-igien
1585 2470 112 96 Ja
1741 2472 118 97 vist
1887 2493 62 60 er
1979 2479 98 74 det
2105 2473 274 99 Dansse
2407 2474 244 96 Sprog

975 2606 222 99 fattigt
1223 2623 78 76 og
1331 2607 180 93 plat;
1563 2612 100 72 det
1699 2602 242 98 Tydsse
1973 2611 284 76 derimod
2289 2610 162 94 rigt,
2485 2628 140 62 over-

976 2741 232 98 flødigt
1228 2789 20 44 ,
1278 2738 294 95 myndigt
1598 2754 80 78 og
1710 2737 376 98 majestetiss.
2244 2739 144 89 Da
2424 2744 92 96 jeg
2546 2760 78 74 op-

974 2874 182 97 holdt
1186 2873 132 94 mig
1354 2871 18 78 i
1390 2869 218 97 Lybek,
1630 2870 136 82 blev
1796 2872 92 95 jeg
1908 2871 272 82 bekiendt
2198 2884 140 70 med
2366 2896 74 60 en
2476 2894 152 78 gam-

976 3013 122 74 mel
1126 3025 198 78 graae
1356 3003 460 97 Skotlænder,
1850 3005 128 96 som
2006 3009 194 94 ogsaa
2228 3027 124 61 var
2384 3006 270 94 Mahler

971 3140 289 96 paa-Isen
1168 3141 91 92 sin
1308 3135 411 100 Profession.
1868 3137 169 98 Han
2094 3143 149 78 talte
2298 3117 356 120 saameget
2455 3156 200 82 meget

973 3273 304 96 prægtigt
1305 3271 100 96 for
1433 3274 128 96 mig
1591 3292 108 60 om
1731 3270 388 99 Skotland,
2161 3293 82 78 og
2269 3277 144 112 dets
2445 3272 180 88 Rari-

971 3420 194 73 teter,
1207 3406 378 98 besynderlig
1625 3426 108 60 om
1783 3416 114 71 den
1929 3405 232 86 Nørre
2193 3405 192 101 Parr
2433 3408 220 100 deraf,

973 3534 161 99 hvor
1169 3541 131 96 han
1335 3561 123 67 var
1487 3540 153 104 fod,
1687 3558 69 72 at
1795 3538 95 101 jeg
1933 3541 83 100 fik
2065 3563 71 66 en
2187 3544 463 96 uovervindelig

2513 3677 136 101 Lys
