2960 4624
1847 454 53 66 7

200 658 347 101 Himmel;
602 657 109 96 her
750 651 123 96 har
918 655 75 73 de
1030 648 326 90 indsluttet
1594 642 141 75 med
1774 639 121 75 alle

207 768 79 76 de
323 755 275 93 Salige.
731 751 233 85 Solen
1003 770 63 57 er
1107 748 103 92 for
1251 752 143 72 dem
1435 740 135 93 som
1609 755 59 64 et
1709 732 77 97 af
1819 739 79 75 de

205 864 165 94 store
394 851 378 95 Akar-Lys,
815 870 81 75 og
918 851 309 85 Maanen
1266 842 135 92 som
1437 856 56 64 et
1522 836 343 93 Skillings-

206 960 177 95 Lys,
440 974 161 60 man
640 951 213 81 kiøber
900 951 127 94 hos
1068 944 523 96 Spekhøkerne;
1668 943 75 73 de
1782 957 89 56 an-

211 1066 115 76 dre
353 1054 323 85 Stierner
713 1052 183 97 holde
935 1055 75 73 de
1031 1045 103 92 for
1171 1059 189 81 noget
1384 1040 219 95 smaae
1627 1031 249 91 Dukke-

212 1158 190 94 Tøy,
440 1155 136 92 som
615 1171 122 60 vor
760 1149 217 97 Herre
1014 1148 125 89 har
1183 1148 216 90 naglet
1436 1134 130 100 fast
1607 1137 70 80 til
1700 1134 175 99 Him-

214 1263 205 76 melen
486 1251 107 95 for
642 1268 73 64 ar
766 1249 255 96 forlyste
1076 1253 183 73 deres
1298 1242 253 96 Øyne,
1608 1257 83 74 og
1744 1235 165 79 tiene

211 1366 151 76 dem
417 1355 69 80 til
539 1374 77 58 en
669 1350 445 99 Promenade.
1265 1340 133 89 De
1451 1340 165 92 selv,
1673 1337 241 91 nemlig

214 1452 464 95 Menneskea
709 1471 65 60 er
816 1444 359 85 Naturens
1218 1443 117 83 Alt
1379 1462 81 74 og
1504 1435 162 94 AK,
1713 1456 81 71 og
1834 1437 77 75 de

214 1563 207 75 andre
458 1557 255 76 levende
752 1547 181 92 Dyr
976 1567 133 73 paa
1148 1544 269 97 Jorden
1470 1538 173 79 kuns
1682 1530 233 97 Offere

219 1646 107 104 for
365 1660 185 74 deres
593 1649 439 94 Graadighed
1073 1667 81 75 og
1197 1637 357 95 Tyrannie.
1584 1676 130 12 —
1737 1632 179 81 Men

222 1758 182 96 hvad
445 1757 243 87 Under,
733 1767 72 61 at
842 1752 103 75 det
984 1748 177 93 stolte
1204 1735 341 96 Menneske
1582 1732 127 80 kan
1752 1729 180 94 troe-»

218 1872 75 64 at
348 1861 75 73 de
476 1855 349 77 umælende
864 1846 181 90 Dyr
1098 1862 97 58 ere
1250 1841 175 95 hans
1466 1828 217 97 Ofre,
1730 1848 202 83 naae

221 1958 137 88 han
409 1954 123 77 kan
583 1967 169 76 troe,
835 1961 75 64 at
963 1949 119 75 alle
1139 1942 177 94 hans
1355 1932 409 100 Jnserieurer
1819 1948 99 60 ere

222 2056 176 98 hans
436 2044 517 101 Slagte-Nød?
1030 2038 443 84 Monarkerne
1516 2031 121 97 har
1679 2034 96 74 alt
1812 2025 105 96 for

222 2152 129 95 ofte
412 2166 195 77 troet,
672 2164 73 62 at
784 2151 75 75 de
900 2143 213 96 havde
1150 2135 351 94 Rettighed
1556 2132 69 78 til
1664 2144 71 64 at
1774 2131 147 76 lade

223 2258 201 94 flagte
461 2249 375 89 Millioner,
895 2247 197 74 allene
1129 2238 103 94 for
1273 2252 73 64 at
1387 2217 277 107 fornøye
1707 2236 215 85 noget,

222 2354 138 92 som
404 2356 77 73 de
520 2350 181 78 kalde
738 2342 359 85 Ambition.
1202 2326 725 110 Premier-Ministerne

226 2456 127 94 har
390 2455 95 75 ak
526 2444 105 94 for
674 2450 199 88 længe
916 2443 181 86 holdt
1140 2436 147 98 for,
1322 2449 71 64 at
1432 2436 103 76 det
1574 2445 125 61 var
1740 2430 189 75 deres

227 2546 433 100 Skyldighed
719 2561 73 64 at
853 2545 295 90 opdynge
1201 2528 529 94 Guld-Skatte
1785 2542 139 75 paa

228 2650 273 101 Folkets
534 2639 444 104 Ødeleggelse;
1024 2638 468 97 Magistraten,
1529 2644 72 64 at
1638 2633 121 74 den
1800 2642 127 61 var

234 2747 235 96 indsat,
510 2743 103 91 for
652 2760 71 64 at
764 2740 199 95 udsue
988 2738 397 95 Borgerne;
1426 2726 507 98 Gejstligheden,

231 2868 77 64 at
363 2856 185 72 deres
585 2840 291 89 Embede
931 2841 217 94 bestod
1191 2841 21 74 i
1249 2854 73 60 at
1363 2815 357 110 sorkættre,
1757 2825 177 94 giøre

232 2948 245 97 Oprør
516 2946 21 78 i
564 2944 362 93 Staterne,
973 2962 81 75 og
1088 2945 129 74 lede
1258 2933 225 101 Folket
1522 2931 78 77 tll
1626 2926 307 91 Baaler;

234 3048 223 94 Krigs
478 3077 25 40 -
522 3041 459 99 Officiererne,
1050 3057 73 63 ar
1182 3061 77 56 en
1312 3038 131 91 stor
1500 3051 81 73 og
1622 3022 321 96 væsentlig

241 3146 189 91 Deel
483 3142 83 96 af
611 3149 183 76 deres
837 3145 195 67 Point
1073 3141 62 65 d’
1183 3142 303 67 honneur
1551 3128 213 95 bestod
1809 3123 23 78 i
1867 3142 75 57 at

239 3248 228 96 prygle
507 3266 81 74 og
629 3260 259 81 tampe;
928 3241 422 88 Rectorerne,
1391 3252 76 66 at
1501 3251 76 60 en
1615 3217 322 105 retskaffen

240 3344 553 89 Skoele-Mand
834 3346 207 91 ffulde
1082 3341 255 81 tiendes
1382 3354 83 74 og
1502 3334 313 77 vurderes
1854 3310 71 102 ef-

227 3466 111 64 orer
391 3454 75 74 de
521 3447 183 93 meest
751 3443 401 93 forpryglede
1195 3434 377 95 Discipler;
1641 3423 275 86 Advoca-

241 3566 195 74 terne,
479 3566 70 60 ar
592 3551 181 76 deres
802 3544 171 84 Ære
1016 3541 217 89 bestod
1268 3540 27 80 i
1339 3549 72 68 at
1450 3528 303 102 forlænge
1776 3518 137 84 Sa-

1018 3638 143 94 A4
1734 3640 213 82 gerne,
