2960 4624
1887 557 48 82 5

251 737 404 96 Bygninger
715 755 152 60 vare
923 739 18 76 i
995 739 192 94 Talk,
1265 735 276 94 Anseelse
1597 759 82 78 øg
1735 737 198 102 Køst»

253 837 242 98 barhed
541 843 184 92 langt
763 839 242 94 ringere
1047 845 118 74 end
1205 837 370 84 Storkens.

471 1033 254 86 Denne
779 1033 230 84 Stork
1069 1033 300 96 fortælles
1433 1057 144 76 om,
1641 1053 72 66 at
1773 1037 168 98 have

251 1153 196 62 været
501 1133 110 92 saa
660 1141 343 89 nemmen
1059 1139 112 80 udi
1227 1139 94 88 sin
1384 1137 382 96 Gjerrighed
1867 1153 74 64 at

251 1237 242 82 Ørnen
535 1241 204 88 endog
787 1243 118 70 ved
957 1237 206 94 stærke
1211 1235 296 82 Skatter
1569 1261 80 74 og
1704 1244 212 83 umaa-

248 1338 162 91 delig
249 1339 162 92 delig
455 1333 178 82 Laan
673 1335 122 80 ikke
837 1333 202 80 kunde
1083 1339 148 86 stille
1273 1343 134 72 den.
1513 1335 134 90 Thi
1679 1343 118 76 den
1827 1359 114 60 an«

251 1433 172 98 søgte
469 1457 78 72 og
589 1433 314 96 bevilgede
947 1435 202 82 Gave
1189 1437 138 76 blev
1375 1457 192 76 neppe
1613 1443 330 90 modtaget

245 1541 144 72 med
437 1539 120 74 den
601 1555 138 62 eene
779 1533 264 98 Haand
1089 1535 228 96 førend
1375 1541 116 74 den
1551 1543 214 74 anden
1825 1557 124 68 var

253 1641 74 72 til
371 1641 174 72 reede
585 1639 142 74 med
765 1635 398 100 Suppliqve
1209 1657 106 56 om
1375 1659 74 56 en
1507 1657 118 68 nye
1687 1659 80 74 og
1827 1645 88 70 an-

249 1733 274 96 seeligere
565 1733 358 98 Foræring.
1077 1735 128 86 De
1261 1739 194 92 fleeste
1509 1737 208 96 Fugle
1773 1737 176 78 bleve

251 1837 266 92 herover
573 1835 228 88 næsten
859 1855 252 74 nøgne,
1175 1855 78 74 og
1311 1841 102 74 det
1469 1855 122 60 var
1647 1841 144 74 med
1837 1839 110 74 ald

227 1931 196 91 Med
467 1947 72 64 at
573 1937 76 74 de
713 1931 288 88 beholdte
1053 1932 489 95 Slag-Denne
1587 1937 20 76 i
1647 1933 274 98 Vinger-

253 2055 114 68 ne,
409 2049 70 60 ac
523 2037 74 74 de
643 2029 204 80 kunde
889 2037 168 88 flyve
1103 2053 110 58 om
1275 2033 274 98 Føden,
1611 2033 134 90 som
1805 2039 114 72 des-

253 2137 170 74 uden
485 2149 130 60 var
669 2131 310 98 vanjkelig
1037 2149 70 62 at
1169 2133 212 94 finde;
1451 2133 220 92 efterdi
1728 2131 194 100 Ober-

228 2228 518 99 Hoktorken
785 2229 132 92 som
981 2231 208 94 havde
1251 2229 368 94 Ejendoms
1683 2233 140 84 Ret
1883 2231 68 80 til

251 2335 76 72 de
369 2333 192 92 fleeste
607 2327 282 94 Klipper
933 2353 80 72 og
1055 2329 194 84 Dale
1303 2333 196 94 vidste
1565 2351 72 60 at
1691 2333 260 92 udpiine

243 2427 236 102 Føden
521 2431 70 76 til
635 2435 72 74 de
739 2429 258 100 Fattige
1043 2433 174 78 imod
1261 2437 182 76 deres
1487 2435 182 96 sidste
1697 2431 214 88 Dun.

467 2625 150 88 Da
659 2635 200 76 denne
917 2627 278 96 fromme
1235 2629 244 94 Keyser
1525 2639 118 78 ved
1683 2629 268 90 Døden

251 2747 126 60 var
419 2727 368 98 afgangen,
831 2729 138 78 blev
1013 2729 594 100 Fugle-Scepteret
1651 2739 276 74 overdra-

253 2847 102 76 get
395 2831 70 78 til
507 2835 118 74 den
671 2831 206 94 ældste
921 2825 82 98 af
1039 2833 174 96 hans
1275 2827 324 98 efterladte
1639 2831 286 98 Keyserli-

251 2949 76 74 ge
367 2927 318 100 Printzer.

465 3125 178 88 Den
685 3149 120 74 nye
861 3129 244 94 Keyser
1165 3131 186 92 besad
1411 3135 120 78 den
1594 3130 332 101 Mere-Usle-

255 3226 168 97 ligse
463 3225 408 98 Vittighed,
917 3253 80 74 og
1041 3253 76 58 en
1159 3231 288 92 særdeles
1485 3229 472 100 Hengivenhed

257 3329 68 76 til
369 3343 70 64 at
479 3325 292 94 befordre
813 3331 126 86 sine
1003 3329 500 92 Undersaatters
1551 3331 336 94 Velstand
1939 3335 22 76 i

257 3423 458 100 Betragtning
757 3429 82 94 af
873 3433 102 78 det
1023 3431 160 94 heele
1225 3451 80 72 og
1349 3437 170 76 uden
1561 3429 284 100 Hensigt
1883 3435 72 78 til

259 3527 250 94 private
583 3525 292 102 yndest;
965 3529 176 102 Han
1197 3529 320 84 erklærede
1577 3535 94 94 sig
1729 3533 166 94 strar
1937 3535 22 74 i

1029 3629 66 86 A
1149 3653 36 72 3
1759 3635 198 82 Gier-
