<?xml version="1.0" encoding="utf-8"?>
<alto xmlns="http://www.loc.gov/standards/alto/ns-v3#" xmlns:xs="http://www.w3.org/2001/XMLSchema-instance" xmlns:xlink="http://www.w3.org/1999/xlink">
	<Description>
		<MeasurementUnit>pixel</MeasurementUnit>
		<sourceImageInformation>
			<fileName>130016340708_1_015_011_005.tif</fileName>
		</sourceImageInformation>
		<OCRProcessing ID="OCR1">
			<ocrProcessingStep>
				<processingDateTime>2018-09-14</processingDateTime>
				<processingAgency>Zissor AS</processingAgency>
				<processingStepSettings>Combined OCR</processingStepSettings>
				<processingSoftware>
					<softwareCreator>Zissor AS</softwareCreator>
					<softwareName>ContentOCR-11; ContentOCR-Tesseract</softwareName>
					<softwareVersion>2.0.2; 2.0.0</softwareVersion>
					<applicationDescription>OCR Component for Zissor Content System</applicationDescription>
				</processingSoftware>
			</ocrProcessingStep>
		</OCRProcessing>
	</Description>
	<Styles>
		<TextStyle ID="STYLE1" FONTFAMILY="Arial" FONTSIZE="14" FONTSTYLE=""/>
		<TextStyle ID="STYLE2" FONTFAMILY="Arial" FONTSIZE="10.5" FONTSTYLE=""/>
		<TextStyle ID="STYLE3" FONTFAMILY="Arial" FONTSIZE="13" FONTSTYLE=""/>
	</Styles>
	<Layout>
		<Page ID="PAGE299" HEIGHT="4624" WIDTH="2960" PHYSICAL_IMG_NR="299" PROCESSING="OCR1" PC="0.77">
			<TopMargin HEIGHT="519" WIDTH="2960" HPOS="0" VPOS="0"/>
			<LeftMargin HEIGHT="3319" WIDTH="202" HPOS="0" VPOS="519"/>
			<RightMargin HEIGHT="3319" WIDTH="1007" HPOS="1953" VPOS="519"/>
			<BottomMargin HEIGHT="784" WIDTH="2960" HPOS="0" VPOS="3840"/>
			<PrintSpace ID="PRINTSPACE1" HEIGHT="3319" WIDTH="1749" HPOS="203" VPOS="520">
				<ComposedBlock xs:type="ComposedBlockType" ID="ARTICLE113230" HEIGHT="3319" WIDTH="1749" HPOS="203" VPOS="520" xlink:type="simple">
					<TextBlock xs:type="TextBlockType" ID="ZONE1168993" HEIGHT="88" WIDTH="53" HPOS="1860" VPOS="520" xlink:type="simple">
						<TextLine ID="LINE1" HEIGHT="88" WIDTH="53" HPOS="1860" VPOS="520">
							<String ID="STRING1" STYLEREFS="STYLE1" HEIGHT="88" WIDTH="53" HPOS="1860" VPOS="520" CONTENT="5" WC="0.94" LANG="nob"/>
						</TextLine>
					</TextBlock>
					<TextBlock xs:type="TextBlockType" ID="ZONE1168994" HEIGHT="1418" WIDTH="1735" HPOS="203" VPOS="708" xlink:type="simple">
						<TextLine ID="LINE2" HEIGHT="106" WIDTH="1689" HPOS="203" VPOS="708">
							<String ID="STRING2" STYLEREFS="STYLE2" HEIGHT="77" WIDTH="137" HPOS="203" VPOS="737" CONTENT="paa" WC="0.49" LANG="nob"/>
							<SP ID="SP1" WIDTH="37" HPOS="340" VPOS="737"/>
							<String ID="STRING3" STYLEREFS="STYLE2" HEIGHT="90" WIDTH="95" HPOS="377" VPOS="721" CONTENT="sin" WC="0.63" LANG="nob"/>
							<SP ID="SP2" WIDTH="33" HPOS="472" VPOS="721"/>
							<String ID="STRING4" STYLEREFS="STYLE2" HEIGHT="99" WIDTH="303" HPOS="505" VPOS="714" CONTENT="Maade," WC="0.7" LANG="nob"/>
							<SP ID="SP3" WIDTH="37" HPOS="808" VPOS="714"/>
							<String ID="STRING5" STYLEREFS="STYLE2" HEIGHT="94" WIDTH="275" HPOS="845" VPOS="716" CONTENT="arbeyde" WC="0.8" LANG="nob"/>
							<SP ID="SP4" WIDTH="27" HPOS="1120" VPOS="716"/>
							<String ID="STRING6" STYLEREFS="STYLE2" HEIGHT="96" WIDTH="361" HPOS="1147" VPOS="715" CONTENT="forgieves," WC="0.78" LANG="nob"/>
							<SP ID="SP5" WIDTH="47" HPOS="1508" VPOS="715"/>
							<String ID="STRING7" STYLEREFS="STYLE2" HEIGHT="77" WIDTH="81" HPOS="1555" VPOS="732" CONTENT="og" WC="0.43" LANG="nob"/>
							<SP ID="SP6" WIDTH="33" HPOS="1636" VPOS="732"/>
							<String ID="STRING8" STYLEREFS="STYLE2" HEIGHT="82" WIDTH="125" HPOS="1669" VPOS="711" CONTENT="kan" WC="0.9" LANG="nob"/>
							<SP ID="SP7" WIDTH="31" HPOS="1794" VPOS="711"/>
							<String ID="STRING9" STYLEREFS="STYLE2" HEIGHT="82" WIDTH="67" HPOS="1825" VPOS="708" CONTENT="in" SUBS_TYPE="HypPart1" SUBS_CONTENT="intet" WC="0.69" LANG="nob"/>
							<HYP CONTENT="-"/>
						</TextLine>
						<TextLine ID="LINE3" HEIGHT="102" WIDTH="1714" HPOS="206" VPOS="844">
							<String ID="STRING10" STYLEREFS="STYLE2" HEIGHT="66" WIDTH="86" HPOS="206" VPOS="866" CONTENT="tet" SUBS_TYPE="HypPart2" SUBS_CONTENT="intet" WC="0.34" LANG="nob"/>
							<SP ID="SP8" WIDTH="30" HPOS="292" VPOS="866"/>
							<String ID="STRING11" STYLEREFS="STYLE2" HEIGHT="90" WIDTH="260" HPOS="322" VPOS="847" CONTENT="fortiene" WC="0.59" LANG="dan"/>
							<SP ID="SP9" WIDTH="20" HPOS="582" VPOS="847"/>
							<String ID="STRING12" STYLEREFS="STYLE2" HEIGHT="72" WIDTH="22" HPOS="602" VPOS="872" CONTENT=";" WC="0.35" LANG="dan"/>
							<SP ID="SP10" WIDTH="38" HPOS="624" VPOS="872"/>
							<String ID="STRING13" STYLEREFS="STYLE2" HEIGHT="89" WIDTH="92" HPOS="662" VPOS="850" CONTENT="thi" WC="0.59" LANG="dan"/>
							<SP ID="SP11" WIDTH="30" HPOS="754" VPOS="850"/>
							<String ID="STRING14" STYLEREFS="STYLE2" HEIGHT="72" WIDTH="72" HPOS="784" VPOS="857" CONTENT="de" WC="0.65" LANG="dan"/>
							<SP ID="SP12" WIDTH="34" HPOS="856" VPOS="857"/>
							<String ID="STRING15" STYLEREFS="STYLE2" HEIGHT="99" WIDTH="176" HPOS="890" VPOS="847" CONTENT="Rige" WC="0.73" LANG="dan"/>
							<SP ID="SP13" WIDTH="32" HPOS="1066" VPOS="847"/>
							<String ID="STRING16" STYLEREFS="STYLE2" HEIGHT="90" WIDTH="258" HPOS="1098" VPOS="855" CONTENT="mangle" WC="0.65" LANG="nob"/>
							<SP ID="SP14" WIDTH="36" HPOS="1356" VPOS="855"/>
							<String ID="STRING17" STYLEREFS="STYLE2" HEIGHT="70" WIDTH="132" HPOS="1392" VPOS="870" CONTENT="paa" WC="0.73" LANG="nob"/>
							<SP ID="SP15" WIDTH="36" HPOS="1524" VPOS="870"/>
							<String ID="STRING18" STYLEREFS="STYLE2" HEIGHT="98" WIDTH="360" HPOS="1560" VPOS="844" CONTENT="Vittighed" WC="0.56" LANG="dan"/>
						</TextLine>
						<TextLine ID="LINE4" HEIGHT="100" WIDTH="1719" HPOS="206" VPOS="979">
							<String ID="STRING19" STYLEREFS="STYLE2" HEIGHT="73" WIDTH="85" HPOS="206" VPOS="1006" CONTENT="og" WC="0.52" LANG="nob"/>
							<SP ID="SP16" WIDTH="57" HPOS="291" VPOS="1006"/>
							<String ID="STRING20" STYLEREFS="STYLE2" HEIGHT="96" WIDTH="521" HPOS="348" VPOS="983" CONTENT="Skionfomhed." WC="0.68" LANG="nob"/>
							<SP ID="SP17" WIDTH="151" HPOS="869" VPOS="983"/>
							<String ID="STRING21" STYLEREFS="STYLE2" HEIGHT="95" WIDTH="167" HPOS="1020" VPOS="980" CONTENT="De," WC="0.69" LANG="nob"/>
							<SP ID="SP18" WIDTH="63" HPOS="1187" VPOS="980"/>
							<String ID="STRING22" STYLEREFS="STYLE2" HEIGHT="94" WIDTH="129" HPOS="1250" VPOS="983" CONTENT="som" WC="0.54" LANG="nob"/>
							<SP ID="SP19" WIDTH="63" HPOS="1379" VPOS="983"/>
							<String ID="STRING23" STYLEREFS="STYLE2" HEIGHT="96" WIDTH="121" HPOS="1442" VPOS="980" CONTENT="har" WC="0.62" LANG="nob"/>
							<SP ID="SP20" WIDTH="59" HPOS="1563" VPOS="980"/>
							<String ID="STRING24" STYLEREFS="STYLE2" HEIGHT="93" WIDTH="303" HPOS="1622" VPOS="979" CONTENT="Gulvet," WC="0.65" LANG="nob"/>
						</TextLine>
						<TextLine ID="LINE5" HEIGHT="100" WIDTH="1694" HPOS="205" VPOS="1111">
							<String ID="STRING25" STYLEREFS="STYLE2" HEIGHT="95" WIDTH="256" HPOS="205" VPOS="1116" CONTENT="knappe" WC="0.66" LANG="nob"/>
							<SP ID="SP21" WIDTH="40" HPOS="461" VPOS="1116"/>
							<String ID="STRING26" STYLEREFS="STYLE2" HEIGHT="94" WIDTH="80" HPOS="501" VPOS="1114" CONTENT="af" WC="0.53" LANG="dan"/>
							<SP ID="SP22" WIDTH="22" HPOS="581" VPOS="1114"/>
							<String ID="STRING27" STYLEREFS="STYLE2" HEIGHT="74" WIDTH="138" HPOS="603" VPOS="1136" CONTENT="paa" WC="1" LANG="dan"/>
							<SP ID="SP23" WIDTH="36" HPOS="741" VPOS="1136"/>
							<String ID="STRING28" STYLEREFS="STYLE2" HEIGHT="90" WIDTH="468" HPOS="777" VPOS="1115" CONTENT="alleMaader," WC="0.82" LANG="dan"/>
							<SP ID="SP24" WIDTH="34" HPOS="1245" VPOS="1115"/>
							<String ID="STRING29" STYLEREFS="STYLE2" HEIGHT="72" WIDTH="82" HPOS="1279" VPOS="1137" CONTENT="og" WC="0.48" LANG="dan"/>
							<SP ID="SP25" WIDTH="36" HPOS="1361" VPOS="1137"/>
							<String ID="STRING30" STYLEREFS="STYLE2" HEIGHT="76" WIDTH="138" HPOS="1397" VPOS="1116" CONTENT="lade" WC="0.81" LANG="dan"/>
							<SP ID="SP26" WIDTH="34" HPOS="1535" VPOS="1116"/>
							<String ID="STRING31" STYLEREFS="STYLE2" HEIGHT="91" WIDTH="186" HPOS="1569" VPOS="1116" CONTENT="ingen" WC="0.89" LANG="dan"/>
							<SP ID="SP27" WIDTH="40" HPOS="1755" VPOS="1116"/>
							<String ID="STRING32" STYLEREFS="STYLE2" HEIGHT="93" WIDTH="104" HPOS="1795" VPOS="1111" CONTENT="for" SUBS_TYPE="HypPart1" SUBS_CONTENT="fortiene" WC="0.54" LANG="dan"/>
							<HYP CONTENT="-"/>
						</TextLine>
						<TextLine ID="LINE6" HEIGHT="103" WIDTH="1722" HPOS="210" VPOS="1241">
							<String ID="STRING33" STYLEREFS="STYLE2" HEIGHT="80" WIDTH="160" HPOS="210" VPOS="1248" CONTENT="tiene" SUBS_TYPE="HypPart2" SUBS_CONTENT="fortiene" WC="0.76" LANG="dan"/>
							<SP ID="SP28" WIDTH="30" HPOS="370" VPOS="1248"/>
							<String ID="STRING34" STYLEREFS="STYLE2" HEIGHT="80" WIDTH="188" HPOS="400" VPOS="1260" CONTENT="noget" WC="0.83" LANG="dan"/>
							<SP ID="SP29" WIDTH="34" HPOS="588" VPOS="1260"/>
							<String ID="STRING35" STYLEREFS="STYLE2" HEIGHT="94" WIDTH="122" HPOS="622" VPOS="1250" CONTENT="hos" WC="0.67" LANG="nob"/>
							<SP ID="SP30" WIDTH="46" HPOS="744" VPOS="1250"/>
							<String ID="STRING36" STYLEREFS="STYLE2" HEIGHT="83" WIDTH="184" HPOS="790" VPOS="1257" CONTENT="dem," WC="0.64" LANG="nob"/>
							<SP ID="SP31" WIDTH="46" HPOS="974" VPOS="1257"/>
							<String ID="STRING37" STYLEREFS="STYLE2" HEIGHT="72" WIDTH="84" HPOS="1020" VPOS="1272" CONTENT="og" WC="0.35" LANG="nob"/>
							<SP ID="SP32" WIDTH="42" HPOS="1104" VPOS="1272"/>
							<String ID="STRING38" STYLEREFS="STYLE2" HEIGHT="81" WIDTH="250" HPOS="1146" VPOS="1246" CONTENT="komme" WC="0.64" LANG="nob"/>
							<SP ID="SP33" WIDTH="26" HPOS="1396" VPOS="1246"/>
							<String ID="STRING39" STYLEREFS="STYLE2" HEIGHT="70" WIDTH="74" HPOS="1422" VPOS="1254" CONTENT="de" WC="0.63" LANG="nob"/>
							<SP ID="SP34" WIDTH="50" HPOS="1496" VPOS="1254"/>
							<String ID="STRING40" STYLEREFS="STYLE2" HEIGHT="95" WIDTH="264" HPOS="1546" VPOS="1244" CONTENT="Fattige" WC="0.73" LANG="nob"/>
							<SP ID="SP35" WIDTH="45" HPOS="1810" VPOS="1244"/>
							<String ID="STRING41" STYLEREFS="STYLE3" HEIGHT="98" WIDTH="77" HPOS="1855" VPOS="1241" CONTENT="tit" WC="0.79" LANG="dan"/>
						</TextLine>
						<TextLine ID="LINE7" HEIGHT="99" WIDTH="1723" HPOS="210" VPOS="1376">
							<String ID="STRING42" STYLEREFS="STYLE2" HEIGHT="97" WIDTH="525" HPOS="210" VPOS="1378" CONTENT="Spekhokeren," WC="0.8" LANG="nob"/>
							<SP ID="SP36" WIDTH="49" HPOS="735" VPOS="1378"/>
							<String ID="STRING43" STYLEREFS="STYLE2" HEIGHT="90" WIDTH="133" HPOS="784" VPOS="1381" CONTENT="som" WC="0.48" LANG="dan"/>
							<SP ID="SP37" WIDTH="47" HPOS="917" VPOS="1381"/>
							<String ID="STRING44" STYLEREFS="STYLE2" HEIGHT="60" WIDTH="65" HPOS="964" VPOS="1400" CONTENT="er" WC="0.79" LANG="dan"/>
							<SP ID="SP38" WIDTH="51" HPOS="1029" VPOS="1400"/>
							<String ID="STRING45" STYLEREFS="STYLE2" HEIGHT="93" WIDTH="193" HPOS="1080" VPOS="1382" CONTENT="rigere" WC="0.7" LANG="dan"/>
							<SP ID="SP39" WIDTH="41" HPOS="1273" VPOS="1382"/>
							<String ID="STRING46" STYLEREFS="STYLE2" HEIGHT="76" WIDTH="21" HPOS="1314" VPOS="1379" CONTENT="i" WC="1" LANG="nob"/>
							<SP ID="SP40" WIDTH="35" HPOS="1335" VPOS="1379"/>
							<String ID="STRING47" STYLEREFS="STYLE2" HEIGHT="92" WIDTH="91" HPOS="1370" VPOS="1380" CONTENT="sin" WC="0.85" LANG="nob"/>
							<SP ID="SP41" WIDTH="37" HPOS="1461" VPOS="1380"/>
							<String ID="STRING48" STYLEREFS="STYLE2" HEIGHT="95" WIDTH="435" HPOS="1498" VPOS="1376" CONTENT="Skindpelts," WC="0.81" LANG="nob"/>
						</TextLine>
						<TextLine ID="LINE8" HEIGHT="99" WIDTH="1723" HPOS="209" VPOS="1510">
							<String ID="STRING49" STYLEREFS="STYLE2" HEIGHT="71" WIDTH="122" HPOS="209" VPOS="1523" CONTENT="end" WC="0.72" LANG="nob"/>
							<SP ID="SP42" WIDTH="50" HPOS="331" VPOS="1523"/>
							<String ID="STRING50" STYLEREFS="STYLE2" HEIGHT="75" WIDTH="236" HPOS="381" VPOS="1533" CONTENT="mange" WC="0.97" LANG="nob"/>
							<SP ID="SP43" WIDTH="34" HPOS="617" VPOS="1533"/>
							<String ID="STRING51" STYLEREFS="STYLE2" HEIGHT="95" WIDTH="252" HPOS="651" VPOS="1514" CONTENT="Herrer" WC="0.6" LANG="nob"/>
							<SP ID="SP44" WIDTH="46" HPOS="903" VPOS="1514"/>
							<String ID="STRING52" STYLEREFS="STYLE2" HEIGHT="70" WIDTH="140" HPOS="949" VPOS="1522" CONTENT="med" WC="0.71" LANG="nob"/>
							<SP ID="SP45" WIDTH="44" HPOS="1089" VPOS="1522"/>
							<String ID="STRING53" STYLEREFS="STYLE2" HEIGHT="91" WIDTH="160" HPOS="1133" VPOS="1516" CONTENT="store" WC="0.73" LANG="nob"/>
							<SP ID="SP46" WIDTH="48" HPOS="1293" VPOS="1516"/>
							<String ID="STRING54" STYLEREFS="STYLE2" HEIGHT="88" WIDTH="424" HPOS="1341" VPOS="1513" CONTENT="Caraccerer," WC="0.81" LANG="nob"/>
							<SP ID="SP47" WIDTH="54" HPOS="1765" VPOS="1513"/>
							<String ID="STRING55" STYLEREFS="STYLE1" HEIGHT="88" WIDTH="113" HPOS="1819" VPOS="1510" CONTENT="saae" WC="0.75" LANG="dan"/>
						</TextLine>
						<TextLine ID="LINE9" HEIGHT="99" WIDTH="1690" HPOS="210" VPOS="1639">
							<String ID="STRING56" STYLEREFS="STYLE2" HEIGHT="92" WIDTH="166" HPOS="210" VPOS="1645" CONTENT="vises" WC="0.68" LANG="nob"/>
							<SP ID="SP48" WIDTH="43" HPOS="376" VPOS="1645"/>
							<String ID="STRING57" STYLEREFS="STYLE2" HEIGHT="69" WIDTH="109" HPOS="419" VPOS="1655" CONTENT="der" WC="0.74" LANG="nob"/>
							<SP ID="SP49" WIDTH="32" HPOS="528" VPOS="1655"/>
							<String ID="STRING58" STYLEREFS="STYLE2" HEIGHT="58" WIDTH="72" HPOS="560" VPOS="1666" CONTENT="en" WC="1" LANG="nob"/>
							<SP ID="SP50" WIDTH="37" HPOS="632" VPOS="1666"/>
							<String ID="STRING59" STYLEREFS="STYLE2" HEIGHT="95" WIDTH="641" HPOS="669" VPOS="1643" CONTENT="Ubarmhiertighed," WC="0.59" LANG="nob"/>
							<SP ID="SP51" WIDTH="31" HPOS="1310" VPOS="1643"/>
							<String ID="STRING60" STYLEREFS="STYLE2" HEIGHT="89" WIDTH="129" HPOS="1341" VPOS="1645" CONTENT="som" WC="0.51" LANG="dan"/>
							<SP ID="SP52" WIDTH="33" HPOS="1470" VPOS="1645"/>
							<String ID="STRING61" STYLEREFS="STYLE2" HEIGHT="98" WIDTH="397" HPOS="1503" VPOS="1639" CONTENT="Tiger-Dy" SUBS_TYPE="HypPart1" SUBS_CONTENT="Tiger-Dyrene" WC="0.61" LANG="dan"/>
							<HYP CONTENT="-"/>
						</TextLine>
						<TextLine ID="LINE10" HEIGHT="100" WIDTH="1712" HPOS="224" VPOS="1771">
							<String ID="STRING62" STYLEREFS="STYLE2" HEIGHT="62" WIDTH="146" HPOS="224" VPOS="1800" CONTENT="rene" SUBS_TYPE="HypPart2" SUBS_CONTENT="Tiger-Dyrene" WC="0.85" LANG="dan"/>
							<SP ID="SP53" WIDTH="30" HPOS="370" VPOS="1800"/>
							<String ID="STRING63" STYLEREFS="STYLE2" HEIGHT="94" WIDTH="118" HPOS="400" VPOS="1777" CONTENT="selv" WC="0.94" LANG="nob"/>
							<SP ID="SP54" WIDTH="38" HPOS="518" VPOS="1777"/>
							<String ID="STRING64" STYLEREFS="STYLE2" HEIGHT="62" WIDTH="192" HPOS="556" VPOS="1796" CONTENT="maae" WC="0.83" LANG="nob"/>
							<SP ID="SP55" WIDTH="30" HPOS="748" VPOS="1796"/>
							<String ID="STRING65" STYLEREFS="STYLE2" HEIGHT="94" WIDTH="206" HPOS="778" VPOS="1777" CONTENT="ffielve" WC="0.69" LANG="nob"/>
							<SP ID="SP56" WIDTH="34" HPOS="984" VPOS="1777"/>
							<String ID="STRING66" STYLEREFS="STYLE2" HEIGHT="94" WIDTH="118" HPOS="1018" VPOS="1774" CONTENT="for." WC="0.75" LANG="nob"/>
							<SP ID="SP57" WIDTH="104" HPOS="1136" VPOS="1774"/>
							<String ID="STRING67" STYLEREFS="STYLE2" HEIGHT="98" WIDTH="392" HPOS="1240" VPOS="1771" CONTENT="Imidlertid" WC="0.61" LANG="nob"/>
							<SP ID="SP58" WIDTH="22" HPOS="1632" VPOS="1771"/>
							<String ID="STRING68" STYLEREFS="STYLE2" HEIGHT="61" WIDTH="186" HPOS="1654" VPOS="1790" CONTENT="maae" WC="0.85" LANG="nob"/>
							<SP ID="SP59" WIDTH="20" HPOS="1840" VPOS="1790"/>
							<String ID="STRING69" STYLEREFS="STYLE2" HEIGHT="68" WIDTH="76" HPOS="1860" VPOS="1782" CONTENT="de" WC="0.36" LANG="nob"/>
						</TextLine>
						<TextLine ID="LINE11" HEIGHT="105" WIDTH="1700" HPOS="213" VPOS="1902">
							<String ID="STRING70" STYLEREFS="STYLE2" HEIGHT="83" WIDTH="298" HPOS="213" VPOS="1912" CONTENT="Stakler" WC="0.62" LANG="dan"/>
							<SP ID="SP60" WIDTH="40" HPOS="511" VPOS="1912"/>
							<String ID="STRING71" STYLEREFS="STYLE2" HEIGHT="84" WIDTH="124" HPOS="551" VPOS="1922" CONTENT="dog" WC="0.3" LANG="dan"/>
							<SP ID="SP61" WIDTH="30" HPOS="675" VPOS="1922"/>
							<String ID="STRING72" STYLEREFS="STYLE2" HEIGHT="96" WIDTH="140" HPOS="705" VPOS="1911" CONTENT="give" WC="0.67" LANG="dan"/>
							<SP ID="SP62" WIDTH="36" HPOS="845" VPOS="1911"/>
							<String ID="STRING73" STYLEREFS="STYLE2" HEIGHT="90" WIDTH="244" HPOS="881" VPOS="1908" CONTENT="Skar," WC="0.64" LANG="dan"/>
							<SP ID="SP63" WIDTH="46" HPOS="1125" VPOS="1908"/>
							<String ID="STRING74" STYLEREFS="STYLE2" HEIGHT="92" WIDTH="224" HPOS="1171" VPOS="1907" CONTENT="hvilket" WC="0.59" LANG="dan"/>
							<SP ID="SP64" WIDTH="44" HPOS="1395" VPOS="1907"/>
							<String ID="STRING75" STYLEREFS="STYLE2" HEIGHT="60" WIDTH="64" HPOS="1439" VPOS="1926" CONTENT="er" WC="0.68" LANG="dan"/>
							<SP ID="SP65" WIDTH="44" HPOS="1503" VPOS="1926"/>
							<String ID="STRING76" STYLEREFS="STYLE2" HEIGHT="94" WIDTH="202" HPOS="1547" VPOS="1907" CONTENT="artigt" WC="0.57" LANG="dan"/>
							<SP ID="SP66" WIDTH="38" HPOS="1749" VPOS="1907"/>
							<String ID="STRING77" STYLEREFS="STYLE2" HEIGHT="82" WIDTH="126" HPOS="1787" VPOS="1902" CONTENT="nok" SUBS_TYPE="HypPart1" SUBS_CONTENT="nokR." WC="0.79" LANG="nob"/>
							<HYP CONTENT="-"/>
						</TextLine>
						<TextLine ID="LINE12" HEIGHT="82" WIDTH="107" HPOS="1019" VPOS="2040">
							<String ID="STRING78" STYLEREFS="STYLE2" HEIGHT="82" WIDTH="107" HPOS="1019" VPOS="2040" CONTENT="R." SUBS_TYPE="HypPart2" SUBS_CONTENT="nokR." WC="1" LANG="nob"/>
						</TextLine>
					</TextBlock>
					<TextBlock xs:type="TextBlockType" ID="ZONE1168995" HEIGHT="1446" WIDTH="1742" HPOS="210" VPOS="2166" xlink:type="simple">
						<TextLine ID="LINE13" HEIGHT="109" WIDTH="1518" HPOS="420" VPOS="2168">
							<String ID="STRING79" STYLEREFS="STYLE2" HEIGHT="98" WIDTH="236" HPOS="420" VPOS="2179" CONTENT="Ingen" WC="0.89" LANG="nob"/>
							<SP ID="SP67" WIDTH="34" HPOS="656" VPOS="2179"/>
							<String ID="STRING80" STYLEREFS="STYLE2" HEIGHT="92" WIDTH="180" HPOS="690" VPOS="2179" CONTENT="giver" WC="0.77" LANG="nob"/>
							<SP ID="SP68" WIDTH="34" HPOS="870" VPOS="2179"/>
							<String ID="STRING81" STYLEREFS="STYLE2" HEIGHT="93" WIDTH="236" HPOS="904" VPOS="2175" CONTENT="Skar," WC="0.64" LANG="nob"/>
							<SP ID="SP69" WIDTH="34" HPOS="1140" VPOS="2175"/>
							<String ID="STRING82" STYLEREFS="STYLE2" HEIGHT="95" WIDTH="350" HPOS="1174" VPOS="2171" CONTENT="Monsieur" WC="0.67" LANG="deu"/>
							<SP ID="SP70" WIDTH="32" HPOS="1524" VPOS="2171"/>
							<String ID="STRING83" STYLEREFS="STYLE2" HEIGHT="97" WIDTH="226" HPOS="1556" VPOS="2168" CONTENT="Blye," WC="0.75" LANG="nob"/>
							<SP ID="SP71" WIDTH="42" HPOS="1782" VPOS="2168"/>
							<String ID="STRING84" STYLEREFS="STYLE2" HEIGHT="76" WIDTH="114" HPOS="1824" VPOS="2176" CONTENT="der" WC="0.74" LANG="nob"/>
						</TextLine>
						<TextLine ID="LINE14" HEIGHT="94" WIDTH="1731" HPOS="210" VPOS="2306">
							<String ID="STRING85" STYLEREFS="STYLE2" HEIGHT="84" WIDTH="127" HPOS="210" VPOS="2312" CONTENT="ikke" WC="0.75" LANG="dan"/>
							<SP ID="SP72" WIDTH="31" HPOS="337" VPOS="2312"/>
							<String ID="STRING86" STYLEREFS="STYLE2" HEIGHT="81" WIDTH="129" HPOS="368" VPOS="2313" CONTENT="kan" WC="0.91" LANG="dan"/>
							<SP ID="SP73" WIDTH="36" HPOS="497" VPOS="2313"/>
							<String ID="STRING87" STYLEREFS="STYLE2" HEIGHT="76" WIDTH="172" HPOS="533" VPOS="2318" CONTENT="taale" WC="0.85" LANG="nob"/>
							<SP ID="SP74" WIDTH="36" HPOS="705" VPOS="2318"/>
							<String ID="STRING88" STYLEREFS="STYLE2" HEIGHT="70" WIDTH="116" HPOS="741" VPOS="2321" CONTENT="der." WC="0.63" LANG="dan"/>
							<SP ID="SP75" WIDTH="131" HPOS="857" VPOS="2321"/>
							<String ID="STRING89" STYLEREFS="STYLE2" HEIGHT="82" WIDTH="175" HPOS="988" VPOS="2308" CONTENT="Men" WC="0.76" LANG="dan"/>
							<SP ID="SP76" WIDTH="33" HPOS="1163" VPOS="2308"/>
							<String ID="STRING90" STYLEREFS="STYLE2" HEIGHT="90" WIDTH="173" HPOS="1196" VPOS="2309" CONTENT="hvad" WC="0.7" LANG="dan"/>
							<SP ID="SP77" WIDTH="38" HPOS="1369" VPOS="2309"/>
							<String ID="STRING91" STYLEREFS="STYLE2" HEIGHT="68" WIDTH="90" HPOS="1407" VPOS="2316" CONTENT="du" WC="0.62" LANG="nob"/>
							<SP ID="SP78" WIDTH="35" HPOS="1497" VPOS="2316"/>
							<String ID="STRING92" STYLEREFS="STYLE2" HEIGHT="94" WIDTH="157" HPOS="1532" VPOS="2306" CONTENT="siger" WC="0.46" LANG="nob"/>
							<SP ID="SP79" WIDTH="34" HPOS="1689" VPOS="2306"/>
							<String ID="STRING93" STYLEREFS="STYLE2" HEIGHT="58" WIDTH="106" HPOS="1723" VPOS="2323" CONTENT="om" WC="0.65" LANG="nob"/>
							<SP ID="SP80" WIDTH="36" HPOS="1829" VPOS="2323"/>
							<String ID="STRING94" STYLEREFS="STYLE2" HEIGHT="66" WIDTH="76" HPOS="1865" VPOS="2314" CONTENT="de" WC="0.52" LANG="nob"/>
						</TextLine>
						<TextLine ID="LINE15" HEIGHT="117" WIDTH="1730" HPOS="211" VPOS="2433">
							<String ID="STRING95" STYLEREFS="STYLE2" HEIGHT="95" WIDTH="226" HPOS="211" VPOS="2448" CONTENT="Riges" WC="0.77" LANG="dan"/>
							<SP ID="SP81" WIDTH="68" HPOS="437" VPOS="2448"/>
							<String ID="STRING96" STYLEREFS="STYLE2" HEIGHT="95" WIDTH="649" HPOS="505" VPOS="2442" CONTENT="Ubarmhiertighed," WC="0.68" LANG="nob"/>
							<SP ID="SP82" WIDTH="75" HPOS="1154" VPOS="2442"/>
							<String ID="STRING97" STYLEREFS="STYLE2" HEIGHT="82" WIDTH="132" HPOS="1229" VPOS="2439" CONTENT="deri" WC="0.82" LANG="nob"/>
							<SP ID="SP83" WIDTH="66" HPOS="1361" VPOS="2439"/>
							<String ID="STRING98" STYLEREFS="STYLE2" HEIGHT="56" WIDTH="66" HPOS="1427" VPOS="2458" CONTENT="er" WC="0.75" LANG="nob"/>
							<SP ID="SP84" WIDTH="68" HPOS="1493" VPOS="2458"/>
							<String ID="STRING99" STYLEREFS="STYLE2" HEIGHT="59" WIDTH="76" HPOS="1561" VPOS="2455" CONTENT="en" WC="1" LANG="nob"/>
							<SP ID="SP85" WIDTH="52" HPOS="1637" VPOS="2455"/>
							<String ID="STRING100" STYLEREFS="STYLE3" HEIGHT="117" WIDTH="252" HPOS="1689" VPOS="2433" CONTENT="Slags" WC="0.85" LANG="dan"/>
						</TextLine>
						<TextLine ID="LINE16" HEIGHT="107" WIDTH="1696" HPOS="218" VPOS="2568">
							<String ID="STRING101" STYLEREFS="STYLE2" HEIGHT="96" WIDTH="374" HPOS="218" VPOS="2579" CONTENT="Sandhed-" WC="0.69" LANG="dan"/>
							<SP ID="SP86" WIDTH="110" HPOS="592" VPOS="2579"/>
							<String ID="STRING102" STYLEREFS="STYLE2" HEIGHT="85" WIDTH="158" HPOS="702" VPOS="2576" CONTENT="Der" WC="0.65" LANG="nob"/>
							<SP ID="SP87" WIDTH="34" HPOS="860" VPOS="2576"/>
							<String ID="STRING103" STYLEREFS="STYLE2" HEIGHT="92" WIDTH="256" HPOS="894" VPOS="2576" CONTENT="artigste" WC="0.64" LANG="nob"/>
							<SP ID="SP88" WIDTH="20" HPOS="1150" VPOS="2576"/>
							<String ID="STRING104" STYLEREFS="STYLE2" HEIGHT="70" WIDTH="84" HPOS="1170" VPOS="2591" CONTENT="er," WC="0.79" LANG="dan"/>
							<SP ID="SP89" WIDTH="22" HPOS="1254" VPOS="2591"/>
							<String ID="STRING105" STYLEREFS="STYLE2" HEIGHT="60" WIDTH="68" HPOS="1276" VPOS="2589" CONTENT="at" WC="0.63" LANG="dan"/>
							<SP ID="SP90" WIDTH="32" HPOS="1344" VPOS="2589"/>
							<String ID="STRING106" STYLEREFS="STYLE2" HEIGHT="58" WIDTH="156" HPOS="1376" VPOS="2590" CONTENT="man" WC="0.89" LANG="dan"/>
							<SP ID="SP91" WIDTH="34" HPOS="1532" VPOS="2590"/>
							<String ID="STRING107" STYLEREFS="STYLE2" HEIGHT="97" WIDTH="204" HPOS="1566" VPOS="2568" CONTENT="finder" WC="0.88" LANG="dan"/>
							<SP ID="SP92" WIDTH="36" HPOS="1770" VPOS="2568"/>
							<String ID="STRING108" STYLEREFS="STYLE2" HEIGHT="89" WIDTH="108" HPOS="1806" VPOS="2571" CONTENT="saa" SUBS_TYPE="HypPart1" SUBS_CONTENT="saadan" WC="0.82" LANG="nob"/>
							<HYP CONTENT="-"/>
						</TextLine>
						<TextLine ID="LINE17" HEIGHT="110" WIDTH="1699" HPOS="218" VPOS="2699">
							<String ID="STRING109" STYLEREFS="STYLE2" HEIGHT="72" WIDTH="137" HPOS="218" VPOS="2722" CONTENT="dan" SUBS_TYPE="HypPart2" SUBS_CONTENT="saadan" WC="0.77" LANG="nob"/>
							<SP ID="SP93" WIDTH="35" HPOS="355" VPOS="2722"/>
							<String ID="STRING110" STYLEREFS="STYLE2" HEIGHT="97" WIDTH="373" HPOS="390" VPOS="2712" CONTENT="Haardhed" WC="0.67" LANG="nob"/>
							<SP ID="SP94" WIDTH="35" HPOS="763" VPOS="2712"/>
							<String ID="STRING111" STYLEREFS="STYLE2" HEIGHT="85" WIDTH="201" HPOS="798" VPOS="2717" CONTENT="endog" WC="0.73" LANG="nob"/>
							<SP ID="SP95" WIDTH="29" HPOS="999" VPOS="2717"/>
							<String ID="STRING112" STYLEREFS="STYLE2" HEIGHT="96" WIDTH="125" HPOS="1028" VPOS="2706" CONTENT="hos" WC="0.65" LANG="nob"/>
							<SP ID="SP96" WIDTH="45" HPOS="1153" VPOS="2706"/>
							<String ID="STRING113" STYLEREFS="STYLE2" HEIGHT="81" WIDTH="183" HPOS="1198" VPOS="2711" CONTENT="dem," WC="0.74" LANG="nob"/>
							<SP ID="SP97" WIDTH="51" HPOS="1381" VPOS="2711"/>
							<String ID="STRING114" STYLEREFS="STYLE2" HEIGHT="96" WIDTH="131" HPOS="1432" VPOS="2700" CONTENT="som" WC="0.84" LANG="nob"/>
							<SP ID="SP98" WIDTH="33" HPOS="1563" VPOS="2700"/>
							<String ID="STRING115" STYLEREFS="STYLE2" HEIGHT="96" WIDTH="321" HPOS="1596" VPOS="2699" CONTENT="Negierin" SUBS_TYPE="HypPart1" SUBS_CONTENT="Negieringen" WC="0.7" LANG="nob"/>
							<HYP CONTENT="-"/>
						</TextLine>
						<TextLine ID="LINE18" HEIGHT="109" WIDTH="1702" HPOS="215" VPOS="2833">
							<String ID="STRING116" STYLEREFS="STYLE2" HEIGHT="78" WIDTH="116" HPOS="215" VPOS="2864" CONTENT="gen" SUBS_TYPE="HypPart2" SUBS_CONTENT="Negieringen" WC="0.71" LANG="nob"/>
							<SP ID="SP99" WIDTH="56" HPOS="331" VPOS="2864"/>
							<String ID="STRING117" STYLEREFS="STYLE2" HEIGHT="74" WIDTH="82" HPOS="387" VPOS="2867" CONTENT="og" WC="0.48" LANG="nob"/>
							<SP ID="SP100" WIDTH="54" HPOS="469" VPOS="2867"/>
							<String ID="STRING118" STYLEREFS="STYLE2" HEIGHT="98" WIDTH="226" HPOS="523" VPOS="2842" CONTENT="Folket" WC="0.77" LANG="nob"/>
							<SP ID="SP101" WIDTH="50" HPOS="749" VPOS="2842"/>
							<String ID="STRING119" STYLEREFS="STYLE2" HEIGHT="85" WIDTH="258" HPOS="799" VPOS="2847" CONTENT="lønner," WC="0.95" LANG="dan"/>
							<SP ID="SP102" WIDTH="54" HPOS="1057" VPOS="2847"/>
							<String ID="STRING120" STYLEREFS="STYLE2" HEIGHT="96" WIDTH="100" HPOS="1111" VPOS="2836" CONTENT="for" WC="0.48" LANG="dan"/>
							<SP ID="SP103" WIDTH="50" HPOS="1211" VPOS="2836"/>
							<String ID="STRING121" STYLEREFS="STYLE2" HEIGHT="62" WIDTH="72" HPOS="1261" VPOS="2853" CONTENT="ar" WC="0.63" LANG="dan"/>
							<SP ID="SP104" WIDTH="38" HPOS="1333" VPOS="2853"/>
							<String ID="STRING122" STYLEREFS="STYLE2" HEIGHT="92" WIDTH="272" HPOS="1371" VPOS="2836" CONTENT="prædike" WC="0.6" LANG="dan"/>
							<SP ID="SP105" WIDTH="30" HPOS="1643" VPOS="2836"/>
							<String ID="STRING123" STYLEREFS="STYLE2" HEIGHT="84" WIDTH="244" HPOS="1673" VPOS="2833" CONTENT="Barm" SUBS_TYPE="HypPart1" SUBS_CONTENT="Barmhjertighed" WC="0.73" LANG="dan"/>
							<HYP CONTENT="-"/>
						</TextLine>
						<TextLine ID="LINE19" HEIGHT="110" WIDTH="1728" HPOS="218" VPOS="2965">
							<String ID="STRING124" STYLEREFS="STYLE2" HEIGHT="97" WIDTH="344" HPOS="218" VPOS="2978" CONTENT="hjertighed" SUBS_TYPE="HypPart2" SUBS_CONTENT="Barmhjertighed" WC="0.65" LANG="dan"/>
							<SP ID="SP106" WIDTH="20" HPOS="562" VPOS="2978"/>
							<String ID="STRING125" STYLEREFS="STYLE2" HEIGHT="74" WIDTH="84" HPOS="582" VPOS="2998" CONTENT="og" WC="0.48" LANG="dan"/>
							<SP ID="SP107" WIDTH="18" HPOS="666" VPOS="2998"/>
							<String ID="STRING126" STYLEREFS="STYLE2" HEIGHT="96" WIDTH="490" HPOS="684" VPOS="2972" CONTENT="Medlidenhed." WC="0.75" LANG="dan"/>
							<SP ID="SP108" WIDTH="104" HPOS="1174" VPOS="2972"/>
							<String ID="STRING127" STYLEREFS="STYLE2" HEIGHT="94" WIDTH="204" HPOS="1278" VPOS="2968" CONTENT="Disse" WC="0.77" LANG="dan"/>
							<SP ID="SP109" WIDTH="23" HPOS="1482" VPOS="2968"/>
							<String ID="STRING128" STYLEREFS="STYLE2" HEIGHT="96" WIDTH="251" HPOS="1505" VPOS="2966" CONTENT="Herrer" WC="0.69" LANG="dan"/>
							<SP ID="SP110" WIDTH="19" HPOS="1756" VPOS="2966"/>
							<String ID="STRING129" STYLEREFS="STYLE2" HEIGHT="93" WIDTH="171" HPOS="1775" VPOS="2965" CONTENT="havs" WC="0.91" LANG="dan"/>
						</TextLine>
						<TextLine ID="LINE20" HEIGHT="109" WIDTH="1726" HPOS="220" VPOS="3098">
							<String ID="STRING130" STYLEREFS="STYLE2" HEIGHT="96" WIDTH="184" HPOS="220" VPOS="3111" CONTENT="Huse" WC="0.55" LANG="dan"/>
							<SP ID="SP111" WIDTH="38" HPOS="404" VPOS="3111"/>
							<String ID="STRING131" STYLEREFS="STYLE2" HEIGHT="90" WIDTH="130" HPOS="442" VPOS="3111" CONTENT="som" WC="0.71" LANG="dan"/>
							<SP ID="SP112" WIDTH="32" HPOS="572" VPOS="3111"/>
							<String ID="STRING132" STYLEREFS="STYLE2" HEIGHT="98" WIDTH="309" HPOS="604" VPOS="3108" CONTENT="Palæer," WC="0.9" LANG="dan"/>
							<SP ID="SP113" WIDTH="33" HPOS="913" VPOS="3108"/>
							<String ID="STRING133" STYLEREFS="STYLE2" HEIGHT="74" WIDTH="83" HPOS="946" VPOS="3128" CONTENT="og" WC="0.58" LANG="dan"/>
							<SP ID="SP114" WIDTH="39" HPOS="1029" VPOS="3128"/>
							<String ID="STRING134" STYLEREFS="STYLE2" HEIGHT="90" WIDTH="158" HPOS="1068" VPOS="3108" CONTENT="store" WC="0.65" LANG="dan"/>
							<SP ID="SP115" WIDTH="32" HPOS="1226" VPOS="3108"/>
							<String ID="STRING135" STYLEREFS="STYLE2" HEIGHT="96" WIDTH="454" HPOS="1258" VPOS="3101" CONTENT="Indkomster:" WC="0.64" LANG="dan"/>
							<SP ID="SP116" WIDTH="100" HPOS="1712" VPOS="3101"/>
							<String ID="STRING136" STYLEREFS="STYLE2" HEIGHT="84" WIDTH="134" HPOS="1812" VPOS="3098" CONTENT="Dr" WC="0.28" LANG="dan"/>
						</TextLine>
						<TextLine ID="LINE21" HEIGHT="111" WIDTH="1734" HPOS="217" VPOS="3229">
							<String ID="STRING137" STYLEREFS="STYLE2" HEIGHT="99" WIDTH="274" HPOS="217" VPOS="3241" CONTENT="prædike" WC="0.66" LANG="dan"/>
							<SP ID="SP117" WIDTH="44" HPOS="491" VPOS="3241"/>
							<String ID="STRING138" STYLEREFS="STYLE2" HEIGHT="94" WIDTH="322" HPOS="535" VPOS="3245" CONTENT="ypperligt" WC="0.66" LANG="dan"/>
							<SP ID="SP118" WIDTH="54" HPOS="857" VPOS="3245"/>
							<String ID="STRING139" STYLEREFS="STYLE2" HEIGHT="58" WIDTH="108" HPOS="911" VPOS="3262" CONTENT="om" WC="0.7" LANG="dan"/>
							<SP ID="SP119" WIDTH="48" HPOS="1019" VPOS="3262"/>
							<String ID="STRING140" STYLEREFS="STYLE2" HEIGHT="93" WIDTH="378" HPOS="1067" VPOS="3236" CONTENT="Kierlighed" WC="0.7" LANG="dan"/>
							<SP ID="SP120" WIDTH="52" HPOS="1445" VPOS="3236"/>
							<String ID="STRING141" STYLEREFS="STYLE2" HEIGHT="78" WIDTH="68" HPOS="1497" VPOS="3234" CONTENT="til" WC="1" LANG="dan"/>
							<SP ID="SP121" WIDTH="70" HPOS="1565" VPOS="3234"/>
							<String ID="STRING142" STYLEREFS="STYLE2" HEIGHT="99" WIDTH="316" HPOS="1635" VPOS="3229" CONTENT="Næsten;" WC="0.71" LANG="dan"/>
						</TextLine>
						<TextLine ID="LINE22" HEIGHT="109" WIDTH="1729" HPOS="217" VPOS="3362">
							<String ID="STRING143" STYLEREFS="STYLE2" HEIGHT="60" WIDTH="153" HPOS="217" VPOS="3395" CONTENT="men" WC="0.75" LANG="dan"/>
							<SP ID="SP122" WIDTH="41" HPOS="370" VPOS="3395"/>
							<String ID="STRING144" STYLEREFS="STYLE2" HEIGHT="76" WIDTH="231" HPOS="411" VPOS="3378" CONTENT="melder" WC="0.76" LANG="dan"/>
							<SP ID="SP123" WIDTH="47" HPOS="642" VPOS="3378"/>
							<String ID="STRING145" STYLEREFS="STYLE2" HEIGHT="93" WIDTH="91" HPOS="689" VPOS="3378" CONTENT="sig" WC="0.72" LANG="dan"/>
							<SP ID="SP124" WIDTH="49" HPOS="780" VPOS="3378"/>
							<String ID="STRING146" STYLEREFS="STYLE2" HEIGHT="78" WIDTH="21" HPOS="829" VPOS="3375" CONTENT="i" WC="1" LANG="dan"/>
							<SP ID="SP125" WIDTH="45" HPOS="850" VPOS="3375"/>
							<String ID="STRING147" STYLEREFS="STYLE2" HEIGHT="72" WIDTH="103" HPOS="895" VPOS="3383" CONTENT="der" WC="0.5" LANG="dan"/>
							<SP ID="SP126" WIDTH="49" HPOS="998" VPOS="3383"/>
							<String ID="STRING148" STYLEREFS="STYLE2" HEIGHT="92" WIDTH="241" HPOS="1047" VPOS="3374" CONTENT="samme" WC="0.91" LANG="dan"/>
							<SP ID="SP127" WIDTH="35" HPOS="1288" VPOS="3374"/>
							<String ID="STRING149" STYLEREFS="STYLE2" HEIGHT="62" WIDTH="77" HPOS="1323" VPOS="3385" CONTENT="en" WC="1" LANG="dan"/>
							<SP ID="SP128" WIDTH="33" HPOS="1400" VPOS="3385"/>
							<String ID="STRING150" STYLEREFS="STYLE2" HEIGHT="97" WIDTH="397" HPOS="1433" VPOS="3362" CONTENT="Trængende" WC="0.73" LANG="dan"/>
							<SP ID="SP129" WIDTH="31" HPOS="1830" VPOS="3362"/>
							<String ID="STRING151" STYLEREFS="STYLE2" HEIGHT="74" WIDTH="85" HPOS="1861" VPOS="3384" CONTENT="og" WC="0.7" LANG="dan"/>
						</TextLine>
						<TextLine ID="LINE23" HEIGHT="121" WIDTH="1730" HPOS="216" VPOS="3489">
							<String ID="STRING152" STYLEREFS="STYLE2" HEIGHT="103" WIDTH="460" HPOS="216" VPOS="3507" CONTENT="Nødlidende," WC="0.75" LANG="dan"/>
							<SP ID="SP130" WIDTH="42" HPOS="676" VPOS="3507"/>
							<String ID="STRING153" STYLEREFS="STYLE2" HEIGHT="75" WIDTH="88" HPOS="718" VPOS="3518" CONTENT="da" WC="0.62" LANG="dan"/>
							<SP ID="SP131" WIDTH="28" HPOS="806" VPOS="3518"/>
							<String ID="STRING154" STYLEREFS="STYLE2" HEIGHT="66" WIDTH="66" HPOS="834" VPOS="3529" CONTENT="er" WC="0.75" LANG="dan"/>
							<SP ID="SP132" WIDTH="30" HPOS="900" VPOS="3529"/>
							<String ID="STRING155" STYLEREFS="STYLE2" HEIGHT="65" WIDTH="108" HPOS="930" VPOS="3521" CONTENT="der" WC="0.5" LANG="dan"/>
							<SP ID="SP133" WIDTH="30" HPOS="1038" VPOS="3521"/>
							<String ID="STRING156" STYLEREFS="STYLE2" HEIGHT="95" WIDTH="186" HPOS="1068" VPOS="3506" CONTENT="ingen" WC="0.86" LANG="dan"/>
							<SP ID="SP134" WIDTH="30" HPOS="1254" VPOS="3506"/>
							<String ID="STRING157" STYLEREFS="STYLE2" HEIGHT="102" WIDTH="204" HPOS="1284" VPOS="3499" CONTENT="Hielp" WC="0.61" LANG="dan"/>
							<SP ID="SP135" WIDTH="37" HPOS="1488" VPOS="3499"/>
							<String ID="STRING158" STYLEREFS="STYLE3" HEIGHT="109" WIDTH="261" HPOS="1525" VPOS="3489" CONTENT="tilsæde" WC="0.82" LANG="dan"/>
							<SP ID="SP136" WIDTH="32" HPOS="1786" VPOS="3489"/>
							<String ID="STRING159" STYLEREFS="STYLE2" HEIGHT="96" WIDTH="128" HPOS="1818" VPOS="3498" CONTENT="hos" WC="0.89" LANG="dan"/>
						</TextLine>
					</TextBlock>
					<Illustration xs:type="IllustrationType" ID="ZONE1168996" HEIGHT="231" WIDTH="1012" HPOS="925" VPOS="3608" xlink:type="simple"/>
				</ComposedBlock>
			</PrintSpace>
		</Page>
	</Layout>
</alto>
