2892 4624
42 1874 64 192 I

42 2208 93 40 kV

51 2263 72 32 Iis-I
95 2263 28 32 /

45 2322 50 64 f

47 2381 21 51 f
120 2375 14 20 "

47 2381 21 51 f

46 2406 19 67 l
92 2461 2 2 .

69 2472 23 26 >

803 529 102 88 28

798 704 334 85 Millioner
1196 699 370 94 Mennesker
1636 696 82 98 af
1784 703 120 82 alle
1990 697 404 93 Tidsaldere'
2446 719 88 77 og

798 802 326 83 Nationer
1170 818 150 60 vare
1362 795 370 98 forsamlede
1756 797 285 98 omkring
2068 800 212 90 hende.
2356 797 182 100 Hun

801 900 296 97 afveyede
1147 912 202 78 meget
1399 915 168 76 nøye
1607 894 162 100 først
1801 902 74 79 de
1897 897 448 102 Forsamledes
2365 897 142 94 Dy-

795 1008 110 74 der
943 1017 76 72 og
1061 993 220 97 Laster.
1401 992 297 104 Derpaa
1739 1001 230 88 veyede
2007 999 144 95 hun
2187 1001 144 80 med
2369 995 134 96 sam-

797 1118 99 59 me
945 1093 507 98 Noyagtighed,
1511 1099 73 76 de
1641 1094 389 97 Ulykkeliges
2063 1092 293 99 Lidelser,
2395 1095 141 92 som

800 1204 76 74 de
914 1187 216 96 tilforn
1174 1190 206 98 havde
1418 1197 308 88 udstaaer.
1830 1193 180 100 Hun
2052 1214 132 78 gav
2226 1195 142 96 disse
2410 1195 92 92 sid-

792 1296 119 91 ste,
956 1311 71 56 en
1066 1293 197 93 større
1302 1297 139 74 eller
1486 1293 247 83 mindre
1768 1290 353 98 Betoning
2166 1293 251 95 ligesom
2458 1299 75 73 de

785 1388 208 96 havde
1031 1402 194 68 været
1279 1406 166 65 mere
1503 1395 140 79 eller
1699 1390 248 81 mindre
1987 1394 274 92 dydige,
2333 1411 82 74 og
2463 1393 42 76 li-

779 1485 208 95 gesom
1031 1489 72 75 de
1145 1488 208 88 havde
1390 1487 161 94 havt
1595 1508 166 62 mere
1807 1491 140 74 eller
1987 1490 248 84 mindre
2257 1486 276 85 Lidelser.

781 1584 139 100 Jeg
961 1581 141 94 saae
1140 1590 144 76 med
1310 1606 76 57 en
1406 1586 378 96 u-udsigelig
1813 1583 295 101 Vellyst,
2157 1588 165 96 hvor
2344 1591 158 90 plud-

774 1684 144 93 selig
960 1681 142 96 disse
1140 1680 344 97 Elendiges
1508 1683 220 89 Taare
1748 1684 178 83 bleve
1950 1683 346 102 aftørrede,
2340 1687 164 94 hvor-

778 1786 171 79 ledes
1004 1781 463 94 Græmmelsen
1508 1787 201 94 flyede
1752 1780 145 87 bort
1934 1781 105 94 fra
2084 1790 181 76 deres
2322 1783 181 80 ukien-

779 1881 194 92 delige
1007 1877 318 97 Ansigter.
1429 1877 114 88 En
1563 1883 480 95 guddommelig
2067 1880 238 88 Glæde
2327 1885 174 94 straa-

781 1984 128 78 lede
947 1983 88 74 ud
1079 1976 80 92 af
1191 1984 180 76 deres
1415 1979 269 97 Miner,
1725 2000 82 75 og
1849 1987 74 78 de
1963 1981 100 96 gik
2101 1986 144 78 med
2285 2003 76 60 en
2395 1979 106 94 for-

770 2091 196 80 nøyet
1004 2073 522 102 Tilfredsstillelse
1568 2082 118 86 hen
1728 2080 72 82 til
1842 2085 78 78 de
1960 2079 174 97 evige
2186 2078 348 97 Bveliger,

770 2172 134 96 som
944 2191 152 66 vare
1140 2178 218 79 blevne
1402 2183 190 91 dem,
1638 2178 302 94 bestemte.
2042 2178 216 88 Kuns
2298 2175 116 96 faa
2458 2173 84 99 af

776 2278 179 87 dem,
998 2271 131 92 som
1170 2278 21 74 i
1234 2280 181 78 deres
1456 2275 243 88 Livstid
1748 2276 209 96 havde
2002 2294 195 68 været
2220 2277 311 100 lykkelige,

767 2370 280 99 erholdte
1103 2394 92 56 nu
1257 2372 414 98 Betoninger
1731 2372 84 95 af
1865 2375 390 90 Gudinden.
2397 2375 132 92 De

767 2470 162 95 fleste
973 2467 173 86 bleve
1185 2468 317 92 befundne
1543 2490 71 62 at
1653 2490 165 67 være
1865 2471 103 92 for
2007 2479 161 91 lette,
2213 2496 83 77 og
2347 2493 153 64 over-

774 2568 190 92 givne
1004 2569 70 82 til
1114 2572 120 84 den
1272 2566 158 94 sorte
1468 2567 338 93 Dødsens
1844 2569 256 101 Engel,
2152 2570 74 96 as
2270 2575 250 96 hvilken

764 2670 80 74 de
884 2667 174 80 bleve
1098 2668 238 94 pinede.
1478 2665 108 102 Jo
1640 2670 210 94 større
1902 2677 182 77 deres
2124 2672 404 101 Lyksalighed

764 2760 265 92 fordum
1074 2767 209 91 havde
1330 2781 229 80 været,
1600 2766 65 94 jo
1712 2766 201 94 større
1956 2787 123 65 var
2115 2792 92 62 nu
2235 2793 80 76 og
2344 2779 185 79 deres

765 2856 202 96 Pine.
1069 2857 226 101 Nogle
1333 2861 80 92 af
1445 2869 144 79 dem
1633 2866 306 97 beskyldte
1979 2867 546 91 Dommerinden

767 2946 103 102 for
927 2957 517 97 Uretfærdighed.
1567 2962 131 88 De
1759 2969 321 84 erindrede
2139 2968 235 100 hende,
2445 2991 79 59 en

768 3056 146 81 eller
952 3063 210 79 anden
1202 3062 192 83 enkelt
1434 3059 232 99 Dyd,
1704 3060 134 94 som
1880 3071 74 76 de
1994 3065 20 78 i
2050 3070 186 76 deres
2270 3068 252 86 Livstid

768 3150 214 94 havde
1002 3159 258 81 udøver.
1354 3157 688 103 Retfærdigheden,
2064 3162 262 94 svarede
2350 3173 173 95 dem,

771 3264 72 62 at
882 3253 121 80 den
1054 3249 187 97 sande
1278 3254 185 97 Dyd
1504 3258 279 106 besaaer
1823 3265 20 76 i
1884 3262 355 94 Udøvelsen
2281 3261 84 100 af
2395 3273 124 75 alle

763 3344 292 103 Dyder,
1117 3368 78 76 og
1235 3372 70 60 ar
1345 3363 72 74 de
1461 3355 102 94 for
1607 3380 74 58 en
1723 3366 138 75 eller
1897 3365 212 76 anden
2151 3364 198 83 enkelt
2387 3373 134 90 god

759 3442 329 97 Egenskab
1135 3464 153 64 vare
1331 3455 255 90 noksom
1617 3458 217 82 blevne
1861 3457 339 89 belønnede
2261 3471 121 80 ved
2443 3473 79 74 de

756 3543 272 94 rimelige
1068 3543 474 104 Lyksaligheder.
2430 3561 63 86 Ju
