2893 4624
1979 559 107 85 25

360 718 400 102 syntes-mig
622 720 128 94 mig
810 733 72 64 at
938 737 168 63 være
1144 726 182 92 dem,
1384 719 134 94 som
1554 717 288 101 frasagde
1880 723 94 96 sig
2016 730 70 82 al

358 818 267 100 Glæde,
666 840 77 72 og
778 818 151 83 ilede
968 815 149 96 efter
1156 820 143 98 visse
1340 821 431 92 forblindende
1794 820 167 99 Lys,
2006 821 81 97 af

353 917 198 88 hvilke
593 923 70 79 de
699 918 172 84 bleve
905 919 236 87 lokkede
1179 920 108 96 fra
1323 939 56 64 er
1415 919 216 84 Stæd
1667 922 68 78 til
1773 938 54 66 et
1859 927 222 93 andet,

345 1016 182 84 indtil
585 1019 72 85 de
721 1014 79 96 af
847 1016 288 99 Mathed
1209 1024 140 78 eller
1419 1017 81 96 af
1549 1019 298 101 Forseelse
1914 1018 169 96 faldt

340 1119 120 80 ned
498 1115 20 86 i
554 1135 72 67 en
666 1112 80 102 af
760 1114 340 104 Floderne,
1150 1118 298 99 hvorpaa
1470 1116 422 98 Blindlysene
1910 1125 170 93 strax

344 1210 350 101 forsvandt.
766 1218 114 88 En
902 1223 212 76 anden
1140 1218 396 95 Galenstab,
1566 1217 134 93 som
1722 1240 230 77 mange
1974 1221 72 80 be-

342 1311 123 98 gik,
516 1315 241 95 beftoed
800 1319 153 92 deri,
998 1333 69 68 at
1106 1324 73 78 de
1220 1324 143 83 med
1388 1319 253 87 Gevalt
1664 1322 263 100 styrtede
1950 1321 89 98 sig
2062 1320 25 82 i

341 1418 124 77 den
525 1412 304 94 brusende
871 1417 306 95 Strom,
1241 1440 80 74 og
1383 1417 364 92 svømmede
1805 1439 148 70 over
2015 1424 70 76 ni

339 1508 323 87 Bredden
717 1510 77 96 af
827 1512 347 102 Ørkenen,
1235 1516 139 94 som
1415 1517 139 84 blev
1607 1520 203 82 kaldet
1849 1529 85 68 de
1979 1521 69 74 U-

334 1611 396 99 lyksaliges
754 1610 238 84 Land.
1092 1614 70 98 I
1196 1622 198 76 denne
1436 1620 268 92 elendige
1736 1618 158 85 Ørk
1934 1619 120 96 hor-

336 1722 60 68 te
428 1727 156 64 man
624 1714 154 78 intet
818 1717 194 82 andet
1044 1720 118 72 end
1202 1714 208 92 Lyden
1448 1711 82 94 af
1558 1721 160 73 dens
1754 1716 290 97 Indbyg-

331 1815 178 88 geres
548 1803 415 101 Kiagemaal.
1068 1807 357 99 Tyngselen
1467 1809 82 90 af
1580 1818 71 80 de
1692 1814 157 86 store
1878 1813 167 96 Byr-

325 1910 146 95 der,
531 1903 136 100 som
725 1912 74 76 de
841 1906 192 99 bare,
1085 1908 358 101 udpressede
1483 1909 290 91 Sveden
1815 1911 82 96 af
1929 1919 146 79 dem

325 2009 161 90 alle,
529 2025 79 75 og
651 2010 287 84 desuden
979 2007 173 86 bleve
1193 2016 183 76 deres
1421 2009 389 97 Trængseler
1853 2019 217 76 endnu

328 2100 346 97 formerede
710 2104 82 98 af
820 2104 276 85 Solens
1136 2108 368 97 Straaler,
1544 2109 134 93 som
1718 2113 352 99 uophørlig

322 2202 164 93 stiod
524 2209 134 91 sige
714 2210 122 76 ned
894 2227 132 78 paa
1080 2213 164 83 dem.
1420 2209 172 88 Med
1650 2226 60 66 et
1762 2212 312 85 bedrovet

316 2296 293 99 Øyekast
646 2302 143 94 saae
830 2308 73 81 de
937 2303 126 100 ofte
1101 2326 152 68 over
1285 2310 70 79 til
1389 2315 76 80 de
1502 2309 347 95 Lyksaliges
1866 2311 203 95 Land,

313 2420 86 73 og
453 2403 278 90 erholdte
785 2404 156 85 intet
997 2412 194 79 andet
1247 2411 274 90 derved,
1583 2414 118 78 end
1759 2425 74 69 at
1885 2415 184 80 deres

317 2498 251 97 Byrde
613 2502 169 86 bleve
825 2506 143 81 dem
1009 2510 211 78 endnu
1267 2509 165 96 desto
1475 2523 305 79 tungere,
1835 2529 119 74 og,
1999 2525 71 65 at

316 2604 76 78 de
446 2599 210 87 kunde
712 2602 154 92 hore
924 2607 118 80 den
1086 2602 248 101 Spot,
1398 2605 310 98 hvormed
1750 2604 320 109 Indvygr

310 2718 186 74 gerne
548 2719 128 76 paa
732 2704 120 76 den
910 2707 212 81 anden
1162 2702 190 84 Side
1404 2706 468 98 triumpherede
1914 2718 154 73 over

311 2802 164 75 dem.
607 2798 238 106 Ingen
889 2799 250 94 sukkede
1179 2824 168 66 mere
1385 2809 206 76 under
1631 2810 120 76 den
1791 2802 272 102 Byrde,

309 2894 134 96 som
507 2897 130 90 han
693 2900 164 97 bar,
927 2905 120 80 end
1095 2906 120 96 de,
1277 2900 134 92 som
1467 2901 212 92 havde
1719 2921 194 68 været
1951 2903 112 94 saa

311 2997 331 97 taabelige,
687 3018 71 62 at
786 2995 291 100 fremme
1101 3020 149 66 over
1277 2998 105 96 fra
1409 3007 73 80 de
1505 2999 349 101 Lyksaliges
1879 3005 179 88 Land

300 3094 70 81 til
412 3105 178 72 dette.
664 3096 160 90 Det
864 3117 126 62 var
1029 3097 415 101 saavel-dem
1302 3104 188 91 dem,
1534 3099 134 95 som
1716 3112 78 74 de
1826 3104 225 97 øvrige

298 3192 427 102 Indbyggere
748 3196 347 100 forbuden,
1124 3196 105 98 fra
1254 3202 197 81 denne
1476 3197 189 91 Side
1706 3200 77 98 af
1810 3219 69 66 at
1914 3201 139 96 fare

303 3293 232 96 tilbage
551 3315 148 63 over
717 3296 436 88 Strømmen.
1197 3296 224 99 Nogle
1435 3297 112 96 faa
1563 3302 142 86 kom
1727 3308 126 91 dog
1879 3323 174 65 over.

295 3388 174 83 Men
485 3391 220 97 Luften
723 3400 18 80 i
763 3406 74 74 de
857 3397 354 96 Lyksaliges
1229 3396 176 82 Land
1423 3399 216 81 bekom
1657 3408 140 74 dem
1813 3405 234 92 næsten

299 3493 211 96 aldrig
532 3500 176 89 godt.
757 3496 131 97 De
911 3495 231 100 sprang
1170 3494 124 92 ofte
1319 3494 253 106 frivillig
1591 3502 23 80 i
1637 3500 417 91 Strømmen

1076 3595 92 87 B
1214 3622 34 68 5
1963 3621 85 74 og
