2960 4624
149 683 222 95 havde
433 679 384 97 fordunklet
883 687 130 71 den
1069 680 168 92 sorte
1293 673 232 98 Skye,
1581 681 76 78 de
1713 676 172 98 kaste-

147 839 76 71 de
293 830 194 94 Hvide
553 825 334 82 Skjorter
955 842 110 60 om
1135 826 94 94 sig
1299 843 146 76 paa
1505 823 214 96 hvilke
1763 838 148 70 med

143 979 171 93 store
365 978 243 90 gyldne
659 971 397 96 Bogstaver
1111 970 143 94 stod
1307 977 109 72 der
1463 967 205 86 Ord:
1707 970 179 82 Men-

140 1120 532 96 neske-Venner,
722 1127 76 70 de
848 1132 192 66 vente
1090 1118 94 94 sig
1236 1123 158 74 mod
1436 1113 342 101 Kiempen
1828 1138 88 76 og

140 1266 280 80 raabre:
512 1262 140 85 De
732 1273 116 70 der
938 1280 104 62 ere
1124 1264 312 92 vmgivne
1522 1269 148 75 med
1754 1262 158 96 disse

141 1407 274 91 Skyer,
487 1425 104 58 ere
663 1407 128 92 selv
860 1378 114 117 faa
1033 1422 202 60 urene
1297 1425 86 70 og
1445 1407 256 91 mørke,
1769 1408 142 94 hug

139 1551 148 91 ind,
361 1548 138 96 hug
571 1549 140 88 ind,
773 1569 38 56 o
887 1548 310 94 mægtige
1273 1544 322 97 Kiempr!
1673 1550 236 92 ødeleg

139 1690 179 98 disse,
371 1702 83 70 de
523 1694 181 93 staae
773 1691 161 94 stille
995 1708 87 74 og
1135 1688 147 96 søge
1333 1701 75 64 at
1461 1687 237 96 hindre
1751 1700 85 68 vs
1887 1690 25 80 i

138 1856 160 62 vore
356 1834 400 99 Vellysters
796 1833 166 95 Løb,
1018 1838 188 78 lader
1256 1842 148 73 dem
1460 1847 200 72 enten
1710 1832 198 96 danse

142 1990 148 72 med
380 1988 148 76 eller
608 1981 398 93 omkomme,
1088 1978 98 96 thi
1250 1979 68 80 vi
1402 1977 234 80 kiende
1700 1978 202 96 ingen

138 2125 217 99 højere
418 2126 395 86 Dommere
853 2132 124 72 end
1030 2122 193 96 Dig.
1334 2123 423 97 Mægtigste!
1809 2130 68 76 la-

143 2279 112 75 der
301 2280 84 72 os
441 2272 278 93 indlage
775 2277 190 72 deres
1025 2266 288 100 Pladse,
1369 2269 182 92 tilvej
1609 2269 148 85 Du
1815 2280 86 70 vs

139 2425 194 73 deres
403 2414 320 86 Centner.
831 2415 150 85 Da
1059 2414 234 94 hørtes
1373 2429 60 64 et
1505 2413 224 84 Raab
1799 2414 108 96 fra

138 2568 122 78 alle
312 2562 310 84 Kanter:
682 2561 274 98 Herren
1008 2562 188 92 giøre
1226 2557 404 100 Ahitvphels
1674 2558 224 109 Raad

140 2712 70 78 til
258 2708 486 97 Daarlighed,
802 2723 76 66 at
930 2704 92 94 vi,
1080 2714 118 70 der
1234 2708 174 87 ville,
1460 2723 256 66 maatte
1768 2716 132 88 dog

138 2861 143 77 lære
328 2870 75 68 at
446 2854 223 97 frygte
720 2855 181 84 Gud
946 2872 85 78 og
1066 2870 123 64 ære
1210 2852 317 95 Kongen.
1640 2851 261 95 Skyen

141 3003 372 95 beduggede
565 2999 276 96 Jorden
899 3012 146 70 med
1101 3010 110 72 det
1273 3001 184 92 evige
1487 2997 408 99 Sandheds

137 3147 184 97 Ord,
383 3166 76 64 at
529 3158 122 69 den
721 3149 52 92 ej
839 3146 230 97 ganske
1133 3144 424 98 forbrænder
1611 3165 84 75 og
1759 3144 108 96 for-

136 3303 252 75 dærves
442 3298 22 80 i
518 3293 372 96 Ondskabs
954 3312 84 78 og
1100 3293 484 96 Ureenligheds
1642 3289 224 101 Bryn-

134 3447 96 95 de,
280 3464 80 78 og
418 3462 164 66 oven
642 3459 158 84 oøeje
850 3439 258 99 Skyen
1140 3438 234 100 hørtes
1400 3457 78 66 en
1534 3435 162 103 Lyd,
1750 3440 140 94 som
