2960 4624
211 1859 77 139 D
307 1857 319 118 MEan
668 1894 150 77 veed
862 1909 72 64 ai
956 1888 288 104 Fuglene
1284 1895 162 99 have
1488 1901 20 78 i
1554 1905 76 76 de
1666 1900 236 103 forrige

582 1985 217 97 Dage
860 1989 159 92 havt
1078 1998 179 75 deres
1316 1994 445 101 Republiqver
1816 2028 85 75 og

207 2103 60 69 L
331 2088 88 110 &'
466 2093 54 72 ea
575 2085 726 103 Regiærings-Former
1367 2118 132 74 paa
1543 2099 362 101 Klipperne

579 2207 79 77 og
697 2188 23 76 i
761 2185 261 99 Luften,
1079 2191 251 96 ligesom
1387 2194 289 97 Dyrene
1733 2206 167 94 have

202 2287 168 100 havt
406 2292 184 79 deres
636 2288 20 78 i
700 2284 326 85 Skovene
1074 2310 82 75 og
1196 2311 132 68 paa
1368 2294 306 86 Marken.

427 2484 162 87 Det
625 2484 238 94 samme
907 2487 134 90 som
1079 2494 120 77 den
1239 2496 253 94 modige
1551 2517 79 76 og
1679 2500 217 85 klække

196 2587 168 82 Løve
406 2586 142 81 blev
590 2586 206 81 iblant
832 2585 332 102 Dyrene,
1210 2597 102 76 det
1334 2594 236 88 samme
1600 2599 140 81 blev
1772 2608 126 77 den

200 2685 175 99 kloge
446 2709 83 72 og
604 2686 387 97 ffarpseende
1052 2688 169 85 Ørn
1290 2692 207 83 iblant
1558 2697 333 102 Fuglene,

197 2788 232 95 nemlig
473 2785 260 97 Regent
775 2807 82 76 og
921 2785 374 88 Eenevolds
1347 2792 338 102 Monark,
1743 2809 148 76 med

197 2891 121 77 Den
357 2892 319 75 udvortes
699 2884 323 100 Forffjæl,
1057 2906 73 63 ar
1153 2889 207 82 Løven
1391 2887 277 102 erholdte
1691 2898 163 84 Kon-

196 2982 334 99 ge-Tikul,
598 3005 144 59 men
798 2985 242 88 Ørnen
1096 2988 140 81 blev
1288 2994 210 96 tillagt
1554 2995 332 104 Keyserlig

200 3081 339 89 Titulatur
575 3107 80 73 og
678 3084 417 104 Værdighed
1117 3104 22 81 ;
1184 3087 347 86 Saadant
1573 3095 124 95 skal
1737 3106 116 75 end-

195 3205 83 75 og
335 3202 164 61 være
557 3183 253 100 Aarsag
875 3205 72 62 at
1013 3195 184 88 nogle
1241 3189 280 97 Keysere
1561 3204 159 84 Pa
1761 3206 123 76 den

190 3287 200 88 platte
434 3283 186 96 Jord
676 3288 376 97 distingvere
1092 3290 96 97 sig
1238 3296 144 84 med
1422 3312 76 71 en
1542 3293 168 92 Ørn
1766 3301 114 84 udi

194 3385 177 81 deres
410 3382 353 103 Insignier.

2704 2589 30 81 k-

2749 2643 6 25 F
