2833 4624
1702 439 101 65 11

136 680 401 105 stibelighed,
566 668 85 97 af
666 674 118 73 den
813 660 297 90 Aarsag,
1152 661 72 66 at
1247 651 73 75 de
1344 661 96 61 ere
1470 632 78 99 af
1569 626 235 101 forstiel-

147 827 91 92 lig
262 813 311 94 Religion
601 823 83 74 og
710 789 445 103 Folke-Slag.

348 945 80 95 4)
475 941 237 93 Ingen
752 946 185 59 maae
969 921 180 95 holde
1181 909 208 99 stærke
1423 908 142 76 eller
1596 892 215 97 stadeli-

157 1107 74 78 ge
260 1076 260 87 Drikke
552 1071 70 76 til
654 1067 192 91 Fals.
949 1054 187 77 Man
1175 1043 301 96 forbyder
1526 1052 82 73 og
1639 1032 178 74 bræn-

163 1226 112 71 der
304 1205 429 93 Atheisternes
763 1213 82 71 og
876 1187 383 85 Deisternes
1292 1166 345 92 Skrifter;
1662 1167 88 71 da
1780 1169 76 65 de

167 1354 131 85 dog
348 1344 118 74 alle
507 1332 107 95 fra
655 1327 326 82 Verdens
1023 1305 400 101 Begyndelse
1479 1315 202 73 neppe
1732 1291 125 92 har

171 1478 169 94 giort
372 1471 110 91 saa
510 1468 128 92 stor
667 1457 286 93 Skade,
995 1447 128 96 sem
1151 1430 431 97 Brænd-man
1625 1443 135 76 paa
1787 1438 79 64 en

177 1608 190 92 eneste
406 1600 211 91 Dag.

389 1736 147 71 NB.
563 1726 249 85 Denne
841 1709 421 103 Forordning
1302 1700 211 89 holder
1542 1694 100 92 jeg
1668 1702 201 78 meget

192 1866 92 99 af.
436 1865 244 91 Havde
722 1865 116 64 den
885 1849 105 91 for
1024 1854 188 65 været
1238 1837 112 86 til,
1397 1829 205 87 havde
1629 1825 244 88 Frans

195 2009 328 88 Dragon
558 1990 123 79 ikke
710 1982 335 94 fvrhugget
1082 1972 118 76 mit
1229 1957 235 95 Ansigt
1494 1962 18 71 i
1542 1956 199 94 Fior,
1792 1970 85 72 og

197 2137 97 94 jeg
335 2128 308 91 behøvede
687 2128 86 67 da
819 2113 120 77 ikke
983 2108 180 94 hvert
1206 2089 287 98 Øyeblik
1543 2104 72 60 at
1661 2082 222 81 trække

205 2290 136 76 paa
358 2258 388 87 Raadstuen
765 2247 175 89 snart
958 2249 138 65 med
1112 2234 282 88 en,snart
1410 2233 140 67 med
1568 2240 72 58 en
1658 2225 231 67 anden.

419 2398 70 89 5)
542 2387 233 94 Ingen
819 2394 192 59 maae
1052 2373 281 89 studere,
1386 2364 164 70 uden
1606 2354 130 87 han
1774 2348 124 88 har

215 2533 297 84 Midler,
536 2532 144 65 med
701 2511 244 79 mindre
977 2504 154 87 ham
1151 2496 374 87 andensteds
1546 2482 101 93 fra
1665 2489 244 67 maatte

223 2676 202 73 vorde
452 2650 235 93 anviist
712 2664 74 61 en
822 2642 110 78 vis
947 2628 491 107 Penge-Sum,
1457 2623 127 89 som
1610 2636 62 58 er
1707 2614 21 76 i
1757 2611 155 88 sikre

227 2821 87 73 og
359 2782 374 107 paalidelige
758 2774 331 97 Hænder;
1138 2764 93 92 thi
1282 2760 268 92 foruden
1600 2760 118 67 den
1760 2747 160 88 store

231 2931 253 83 Skade
531 2928 103 71 det
672 2932 66 58 er
781 2907 100 95 for
925 2904 273 85 Lander,
1245 2915 83 73 og
1366 2887 267 95 foruden
1685 2882 116 74 alle
1844 2882 79 71 de

236 3059 309 99 Ulykker,
602 3058 120 72 den
767 3041 223 94 fattige
1035 3030 209 83 Lærde
1299 3025 125 91 har
1478 3016 270 91 tilfælles
1784 3014 148 72 med

245 3205 202 70 andre
474 3184 295 98 Fattige,
802 3175 121 90 har
952 3171 131 89 han
1111 3180 160 61 oven
1300 3157 21 77 i
1346 3152 244 81 Kiøbet
1620 3158 100 67 det
1751 3139 155 93 smer-

250 3327 180 94 telige
471 3322 237 91 Uheld,
776 3326 72 62 ak
901 3303 134 95 han
1091 3288 355 102 formedelst
1497 3303 74 56 en
1630 3276 313 92 forbedret

254 3460 255 93 Smag
554 3450 307 98 haardere
915 3435 159 101 føler
1119 3432 125 96 sine
1277 3414 253 99 Lidelser
1562 3435 81 76 og
1669 3407 283 91 Mangel

1826 3546 129 80 end
