2968 4624
571 203 183 59 w

241 1514 40 94 I

999 359 86 68 81

1385 720 407 161 Tredie
1861 731 511 174 Kapitel.

1009 989 501 115 Indeholder
1571 1019 291 93 mange
1947 1005 529 115 forunderlige
2535 1007 205 115 Ting

1194 1136 167 114 som
1410 1142 269 96 Autor
1738 1146 221 113 saae/
2040 1149 161 97 Tid
2256 1153 191 114 efter
2516 1159 231 92 anden

1195 1291 143 90 ved
1374 1282 385 119 Hjelp-af
1661 1291 99 113 af
1787 1292 113 114 sin
1939 1293 281 117 Kugle.

1007 1734 240 179 Det
1290 1751 89 80 vil
1436 1752 161 80 blive
1640 1755 95 77 alt
1774 1750 99 94 for
1918 1751 323 101 vitløftkg,
2298 1755 107 94 her
2450 1770 69 68 at
2559 1763 177 97 opteg-

1084 1932 45 39 »
1367 1849 438 95 Slykkeviis,
1867 1872 80 75 og
2001 1851 152 97 efter
2195 1854 274 96 Orden,
2525 1863 116 72 alle
2699 1866 70 70 dr

1009 1951 159 92 storr
1219 1968 77 75 og
1349 1945 431 101 forunderlige
1821 1950 217 97 Ting,
2109 1954 133 88 som
2291 1959 95 89 jeg
2435 1960 161 88 siden
2645 1955 119 92 har

1010 2047 180 94 faaet
1220 2066 82 61 at
1348 2053 120 92 see,
1522 2063 118 66 ved
1679 2050 201 96 Hjelp
1938 2051 80 94 af
2054 2058 134 74 min
2226 2053 236 97 Kugle.
2620 2055 144 95 Jeg

1007 2151 92 75 vil
1151 2154 126 74 kun
1335 2155 306 75 meddeele
1701 2161 120 67 den
1881 2153 282 95 gunstige
2227 2153 184 94 Læser
2461 2164 74 72 dr
2595 2155 140 93 bety-

1015 2252 249 94 deligste
1295 2249 149 96 ester
1483 2250 377 98 Haanden,
1905 2249 133 94 som
2069 2256 95 94 jeg
2209 2252 123 83 kan
2373 2254 117 94 selv
2525 2257 241 79 erindre

1008 2350 138 98 mig
1182 2360 168 73 dem.

1165 2576 143 98 Jeg
1339 2575 145 94 saae
1515 2581 213 89 gamle
1767 2576 263 93 Koner,
2087 2578 131 94 som
2251 2579 225 100 giftede
2505 2586 87 99 sig
2627 2602 137 72 med

1010 2698 172 80 unge
1226 2678 494 94 Drengebørn,
1772 2696 86 80 og
1894 2686 212 87 gamle
2154 2682 240 82 Mænd
2428 2686 128 90 som
2598 2691 142 96 gifte-

1012 2793 79 70 de
1142 2784 91 96 sig
1271 2789 144 71 med
1451 2798 166 77 unge
1646 2777 229 100 Piger.
1984 2779 203 97 Hiine
2231 2786 216 88 gjorde
2486 2796 133 93 det,
2670 2795 95 96 for

1021 2901 73 64 at
1139 2892 129 74 leve
1319 2887 233 89 længe,
1603 2899 81 78 og
1729 2878 143 100 disse
1903 2875 115 100 for
2067 2898 69 62 at
2181 2888 125 75 leve
2351 2883 153 83 kort.

1174 3106 115 87 En
1320 3104 595 100 Liig-Procession,
1966 3105 131 94 som
2152 3108 97 99 jeg
2300 3109 121 97 just
2478 3110 115 92 falt
2637 3135 130 74 paa

1015 3225 75 68 at
1119 3212 169 78 vilde
1323 3211 313 93 betragte,
1689 3217 157 89 drog
1889 3215 19 72 i
1949 3207 471 102 Særdeleshed
2461 3217 131 78 min
2621 3217 117 95 Op-

1016 3310 456 101 mærksomhed
1526 3312 76 81 til
1636 3309 110 98 sig.
