2968 4624
1031 401 94 69 *4
1851 405 98 60 Kå

1176 565 142 103 Jeg
1348 567 214 96 forlod
1594 565 146 95 disse
1774 576 118 72 2de
1936 565 354 96 forstiellige
2324 572 244 92 8peciez
2606 573 128 96 pur-

1026 667 149 82 stem
1224 676 289 89 Zensris,
1562 689 83 76 og
1674 675 139 73 blev
1838 689 157 61 vaer
2026 684 59 64 et
2122 673 205 92 artigt
2362 666 247 96 Oplog.

1179 872 277 91 Tvende
1523 870 519 97 Fruentimmer,
2102 869 274 93 prægtig
2437 863 337 93 indklædte,

1030 976 359 92 spadserede
1448 986 145 64 med
1640 993 73 54 en
1762 978 329 88 galoneret
2134 966 237 99 Herre.
2476 966 125 85 De
2648 967 123 89 floy

1029 1077 164 92 frem
1237 1085 140 70 med
1419 1094 74 58 en
1533 1070 214 103 Fart,
1803 1070 128 94 som
1983 1090 174 60 naar
2207 1067 350 84 Soldaten
2609 1067 162 78 lober

1031 1175 295 85 Storm-

1182 1346 69 97 I
1297 1355 104 68 det
1448 1340 245 94 samme
1738 1336 179 98 hørte
1970 1339 99 97 jeg
2111 1358 74 60 en
2243 1342 284 93 gammel
2573 1337 202 79 ærbar

1031 1451 267 86 Mand,
1329 1445 183 82 klædt
1545 1442 129 91 som
1707 1462 75 56 en
1811 1440 317 93 Borger,
2179 1455 69 62 at
2277 1440 201 79 raabe
2505 1458 127 71 paa
2661 1449 115 65 den

1028 1557 376 90 galonerede
1474 1542 250 98 Herre,
1802 1562 80 71 og
1952 1543 250 76 kaldede
2260 1541 190 94 ham:
2516 1538 256 97 Johan,

1033 1654 138 78 min
1200 1646 213 92 Son,
1466 1644 209 92 horet
1710 1639 195 85 Ord!
1958 1641 139 96 Jeg
2139 1640 141 92 faae
2324 1656 69 62 at
2442 1650 117 68 den
2604 1642 171 89 galo«

1031 1760 222 73 nerede
1287 1749 282 78 bandede
1605 1743 296 94 Faderen
1949 1741 124 94 hos
2105 1742 88 90 sig
2233 1739 156 90 selv,
2455 1762 80 67 og
2577 1737 170 96 Fade-

1032 1873 112 58 ren
1200 1847 270 93 ynkeves
1528 1861 150 60 over
1728 1840 344 82 Sønnens
2110 1840 472 96 Daarlighed,
2636 1856 142 64 men

1030 1959 75 74 de
1142 1950 207 96 havde
1384 1947 201 93 begge
1628 1939 163 86 Ret.

1187 2114 179 87 Den
1397 2109 189 99 første
1637 2109 209 94 havde
1897 2107 187 81 bildet
2127 2112 77 74 de
2259 2111 117 74 rde
2409 2104 343 98 Fruentim-

1034 2238 134 62 mer
1204 2240 74 54 en
1306 2217 128 94 heel
1464 2214 202 92 hoben
1694 2209 176 95 Logn
1902 2211 108 76 ind
2042 2230 108 58 om
2178 2210 90 91 sin
2296 2211 154 90 store
2500 2206 278 90 Stand,

1037 2339 84 75 og
1173 2318 136 90 stod
1369 2334 90 56 nu
1513 2332 134 68 paa
1686 2309 341 92 Springet
2079 2326 68 60 ar
2193 2311 172 90 giore
2412 2306 89 92 sin
2546 2305 183 94 Lykke
2759 2310 22 74 i

1039 2429 105 70 det
1177 2414 185 97 forste
1399 2413 221 88 Krat,
1674 2432 81 73 og
1793 2428 89 60 nu
1925 2429 123 60 var
2089 2408 131 90 han
2263 2407 247 91 bange,
2565 2425 73 58 at
2679 2417 103 67 det

1042 2521 202 95 stulde
1294 2534 164 77 gaae
1512 2531 152 61 over
1714 2511 216 89 Styr.
2060 2508 176 86 Den
2278 2507 180 95 sidste
2502 2507 282 78 derimod

1041 2620 276 94 ynkedes
1381 2634 150 60 over
1596 2611 351 90 Sonnen,
2032 2607 131 91 som
2234 2617 119 68 ved
2420 2608 363 80 Moderens

1045 2718 277 98 Ømhed
1353 2736 123 61 var
1523 2709 247 101 forfort,
1797 2714 72 76 til
1907 2715 116 74 alle
2071 2708 144 98 disse
2255 2706 432 96 Ophævelser.

1198 2920 159 87 Der
1384 2936 125 58 var
1542 2916 185 89 heller
1770 2910 121 80 ikke
1920 2915 97 74 vel
2052 2907 267 81 betænkt
2362 2902 81 96 af
2462 2904 319 97 Faderen,

1045 3025 134 94 som
1225 3023 120 76 nok
1389 3019 198 77 kunde
1647 3017 224 96 stutte,
1941 3031 70 60 at
2069 3006 300 86 Sonnen
2413 3006 198 79 kunde
2661 3004 124 82 ikke

1042 3147 168 59 være
1254 3125 154 92 ham
1440 3114 282 83 bekjendt
1766 3122 124 72 der.
1992 3111 158 87 Det
2179 3110 229 97 hedder
2438 3108 118 80 nok
2587 3105 169 86 Ven-

1042 3225 179 97 stab,
1254 3243 145 60 men
1440 3222 185 90 ingen
1658 3237 75 58 re.

1373 3398 191 88 gneed
1593 3395 245 81 derpaa
1865 3383 135 78 min
2033 3381 219 95 Kugle
2279 3381 205 95 igien,
2535 3399 85 74 og
2649 3377 135 90 saae

1412 3486 338 94 Runveel,
1816 3495 142 71 med
2024 3481 350 89 Bænkene-
2478 3480 162 87 Der
2682 3479 100 89 sad

2682 3577 107 95 saa
