2836 4624
944 691 113 76 der
1093 700 94 64 nu
1208 698 95 65 c«
1334 681 109 94 faa
1478 700 233 81 mange
1728 683 715 95 Neserve-Studentere
2472 689 163 85 imod

947 817 197 98 hver,
1193 812 131 92 som
1373 813 259 100 virkelig
1665 841 61 58 er
1759 823 19 76 i
1811 818 321 97 Embede,
2172 817 111 96 saa
2327 820 121 82 kan
2489 843 147 63 man

944 953 84 78 let
1076 947 250 95 begribe
1388 945 108 96 faa
1560 970 234 79 mange
1848 952 452 84 Skudenteres
2346 954 166 83 Nød
2564 980 76 74 og

942 1077 269 97 Trang.
1366 1079 177 89 Den
1581 1082 268 99 Forffiel
1881 1106 62 60 er
1975 1096 110 73 der
2113 1093 166 91 dog,
2311 1102 70 67 at
2413 1109 68 58 en
2513 1087 104 87 Re-

945 1210 489 99 serve-Vægter
1471 1216 121 78 kan
1613 1215 183 100 fauge
1817 1240 81 76 og
1919 1218 197 97 hugge
2137 1219 337 100 Brænde;
2505 1242 139 60 men

945 1362 80 62 en
1059 1341 313 86 Student
1422 1345 124 83 kan
1582 1350 122 81 ikke
1736 1349 160 85 bære
1932 1348 170 101 Flest
2134 1349 104 96 fra
2266 1352 376 83 Stranden.

943 1475 262 92 Tilmed
1255 1497 66 64 er
1369 1479 122 96 hele
1541 1480 506 87 Studemeriets
2095 1485 404 98 Forfatning
2545 1489 98 95 flet

947 1607 319 88 indrettet.
1369 1611 215 99 Hvad
1599 1614 201 100 Hielp
1837 1616 123 98 har
1989 1628 71 71 de
2091 1625 95 75 vel
2207 1620 17 78 i
2249 1618 395 99 Fattigdom,

944 1759 93 80 og
1082 1742 164 98 hvor
1296 1745 336 99 ulykkelige
1676 1771 96 58 ere
1822 1758 70 74 de
1926 1750 126 81 ikke
2084 1757 16 74 i
2140 1751 367 99 Sygdom,
2562 1764 84 70 da

945 1883 210 89 endog
1209 1886 70 71 de
1333 1882 396 97 almindelige
1775 1881 374 97 Hospitaler
2193 1888 176 90 saae
2416 1886 232 81 tilokke-

942 2005 108 106 for
943 2007 107 98 for
1101 2016 185 91 dem,
1334 2033 82 76 og
1461 2014 69 78 de
1573 2014 183 97 ingen
1804 2019 316 96 ugentlige
2157 2015 487 101 Syge-Penge

942 2143 169 97 har,
1142 2140 131 96 som
1314 2145 113 78 alle
1470 2154 199 73 andre
1700 2141 331 101 Selffabs
2060 2149 303 84 Lemmer.
2514 2149 129 85 Alle

945 2272 380 96 Mennesker
1355 2297 94 60 ere
1485 2276 240 96 haarde
1755 2281 176 79 imod
1959 2288 188 89 dem,
2193 2306 82 78 og
2317 2284 96 99 jeg
2459 2301 180 79 troer,

946 2411 190 79 deres
1155 2404 181 101 Egne
1366 2414 170 92 mest.
1596 2410 144 101 Jeg
1772 2411 248 101 spurgte
2046 2437 252 77 engang
2320 2421 130 78 min
2468 2421 172 78 lærde

960 2540 403 100 Spekhoker
1382 2545 469 97 Mortensen,
1874 2549 241 96 hvoraf
2126 2559 101 75 det
2256 2552 199 83 kunde
2482 2553 133 80 kom-

949 2697 106 63 me
1087 2680 132 94 sig,
1251 2695 70 66 at
1339 2675 160 100 Folk
1523 2678 204 94 havde
1745 2679 456 98 Medlidenhed
2227 2696 142 70 med
2387 2707 72 58 en
2477 2689 168 79 blind

946 2809 276 101 Tigger,
1262 2821 140 72 med
1422 2832 72 58 en
1514 2812 134 96 halt
1662 2811 270 101 Tigger,
1962 2835 72 60 en
2068 2825 130 72 kam
2222 2816 264 101 Tigger,
2506 2839 142 61 men

948 2945 129 86 ikke
1098 2958 139 71 med
1270 2967 73 62 en
1370 2952 151 76 lærd
1546 2944 241 99 Tigger
1808 2950 33 76 ?
1878 2952 95 74 det
1994 2947 277 85 kommer
2292 2951 201 96 deraf,
2512 2951 109 94 sva-

945 3085 148 78 rede
1113 3088 194 74 denne
1325 3079 412 100 ffarpsindig;
1757 3077 249 100 Mand,
2037 3099 70 62 at
2139 3090 116 72 alle
2281 3082 204 99 frygte
2521 3085 129 97 for,

944 3231 76 66 at
1054 3214 160 82 blive
1246 3215 242 95 blinde,
1524 3216 188 99 halte,
1754 3221 268 94 lamme;
2056 3237 144 61 men
2228 3224 74 76 de
2336 3220 316 96 allerfleste

943 3362 154 67 veed
1123 3346 408 104 tilforladelig
1551 3354 142 95 vist,
1727 3372 196 80 ogere
1954 3350 433 97 fuldkommen
2405 3352 248 81 overbe«

943 3479 179 101 viiste
1167 3504 149 79 om,
1357 3503 73 69 ar
1473 3496 71 78 de
1575 3487 209 104 aldrig
1815 3488 165 90 blive
2011 3493 203 86 lærde.
2365 3487 141 102 Jeg
2535 3485 117 99 har

2524 3623 128 97 stor
