2893 4624
802 534 20 116 /
2022 532 56 83 9

342 721 132 78 rede
529 712 351 82 Naturens
931 706 433 97 Skisnheder
1425 700 289 97 forenede
1775 698 93 94 sig
1931 700 145 75 med

338 817 352 96 Hinanden,
750 805 102 98 for
908 824 72 64 at
1032 806 162 93 sætte
1238 805 242 81 Sielen
1540 803 22 78 i
1622 807 114 71 den
1778 794 276 99 Henryk-

336 913 175 95 kelse,
570 909 243 93 hvilken
854 906 369 86 Alkoranen
1280 910 121 92 har
1454 899 297 100 forjættet
1796 902 75 76 de
1910 895 141 86 Ret-

337 1016 252 79 troende
627 1007 150 100 efter
823 1013 176 77 deres
1041 1004 208 87 Død.

546 1206 142 98 Jeg
746 1225 126 62 var
926 1212 214 76 endnu
1196 1200 364 100 beskæftiger
1614 1202 144 76 med
1800 1195 282 100 Følelsen

337 1303 80 98 af
467 1314 120 74 alle
648 1307 147 98 disse
842 1305 609 99 Behageligheder,
1518 1307 87 74 da
1663 1298 138 78 min
1854 1297 239 98 Førere

339 1413 424 88 opmuntrede
839 1408 134 92 mig
1053 1407 70 76 til
1180 1420 73 62 at
1327 1400 172 96 følge
1563 1401 158 96 ham
1783 1399 308 94 igiennem

341 1505 415 106 Labyrinthet
812 1507 68 78 til
927 1503 467 81 ©kiæbnene
1435 1502 359 92 Tempel;
1861 1497 95 98 thi
1993 1503 105 74 der

346 1623 126 61 var
518 1610 118 78 den
672 1603 356 97 Bygning,
1072 1601 132 94 som
1246 1608 140 72 laae
1410 1596 102 95 for
1536 1621 98 56 os.
1736 1598 140 94 Jeg
1904 1607 162 66 beun-

346 1708 225 94 drede,
626 1708 19 74 i
700 1709 103 72 det
847 1706 66 74 vi
967 1702 102 94 gik
1124 1703 269 91 derhen,
1456 1701 143 90 dige
1638 1695 109 89 faa
1786 1696 249 95 kunstig
2078 1692 23 78 i

348 1804 321 102 hinanden
709 1805 240 88 flettede
993 1800 262 95 Gange.
1395 1796 160 83 Det
1595 1813 124 61 var
1757 1801 338 88 umueügr,

348 1907 170 80 uden
556 1924 76 56 en
674 1921 164 60 mere
882 1904 120 76 end
1046 1896 398 98 menneskelig
1487 1895 281 98 Førere,
1832 1909 72 64 at
1942 1893 158 80 vikle

346 2001 94 100 sig
498 2006 90 76 ud
648 1997 80 96 af
764 2005 118 76 alle
938 2000 142 95 disse
1122 1999 400 94 Krumveye.
1676 1992 178 88 Den
1906 1995 194 93 eneste

350 2101 271 100 Fordeel
676 2101 211 96 bestod
942 2101 341 78 imidlertid
1342 2098 135 79 blot
1536 2096 169 96 deri,
1762 2094 115 94 faa
1928 2097 171 89 lidet,

357 2203 134 92 som
537 2201 314 95 rumligt,
911 2216 72 64 at
1025 2203 142 92 vige
1207 2197 106 94 fra
1357 2202 120 78 den
1515 2197 116 94 lige
1671 2198 202 87 Linie,
1949 2195 152 96 hvis

352 2323 160 59 man
556 2304 168 76 vilde
762 2320 164 58 naae
961 2298 349 93 Tempelet.
1411 2296 115 83 En
1570 2300 190 88 eneste
1793 2294 311 92 Sidevey

362 2399 168 90 førte
572 2402 118 90 hen
730 2399 20 76 i
782 2397 112 90 faa
934 2420 232 73 mange
1208 2396 308 96 adskillige
1554 2393 438 98 Sidegange,
2032 2408 70 64 at

365 2521 162 62 man
564 2493 183 103 stedse
780 2477 135 116 soer
947 2504 138 75 vild
1127 2523 18 52 r
1189 2517 74 58 en
1310 2500 323 92 bestandig
1666 2492 233 95 Cirkel,
1939 2499 172 74 uden

361 2617 74 64 at
473 2617 230 63 nærme
749 2601 92 96 sig
889 2596 410 98 Bygningen
1341 2602 140 75 med
1527 2615 56 60 er
1621 2596 194 92 eneste
1839 2593 272 83 Skridt.

580 2796 370 97 Tempelets
992 2798 246 87 Dørre
1280 2794 286 80 aabnede
1604 2795 94 95 sig
1742 2786 80 100 af
1858 2793 92 96 sig
1972 2791 148 99 selv,

369 2907 120 75 ved
547 2909 194 70 vores
784 2897 359 96 Ankomst,
1201 2919 80 75 og
1322 2896 251 80 lukkede
1624 2897 95 93 sig
1775 2914 80 73 og
1911 2889 206 101 afsig

367 3001 124 94 selv
549 3002 68 78 til
669 2999 166 94 iglen
887 2996 152 96 efter
1095 3009 98 66 os.
1345 2994 140 96 Jeg
1541 2991 264 98 fornam
1851 2991 266 100 hverken

371 3101 173 84 Laas
586 3104 138 75 eller
783 3098 227 83 Slags
1045 3094 103 95 for
1207 3095 283 94 samme,
1558 3115 82 76 og
1692 3092 136 82 min
1877 3089 247 102 Førere

374 3201 186 95 sagde
602 3201 172 96 mig,
826 3216 72 64 ar
940 3204 74 76 de
1052 3197 122 82 ikke
1218 3199 206 75 kunde
1464 3193 248 82 aabnes
1752 3198 120 78 ved
1916 3212 210 77 nogen

379 3300 394 96 menneskelig
812 3297 547 96 Behændighed,
1413 3313 146 60 men
1615 3310 72 64 at
1744 3298 75 82 de
1874 3293 253 80 lukkede

383 3403 94 92 sig
533 3418 86 76 op
665 3421 80 74 og
803 3407 70 74 til
913 3396 152 96 efter
1107 3403 118 74 den
1271 3394 370 82 Guddoms
1683 3390 252 95 Villie,
1995 3391 130 94 som

385 3501 141 78 blev
568 3498 248 83 tilbedet
857 3504 21 78 i
919 3498 347 95 Tempelet.
1367 3494 207 82 Oven
1612 3512 152 63 over
1803 3490 331 99 Tempelet

384 3601 172 105 sode
596 3599 142 102 disse
772 3599 158 86 Ord
970 3604 362 91 indgravne
1366 3601 140 78 med
1544 3601 264 94 gyldene
1834 3594 266 93 Bogsta-

1180 3695 69 86 A
1295 3716 34 72 5
1991 3712 142 62 ver:
