2968 4624
1015 498 47 86 I

1240 683 113 103 Bl
1414 699 199 81 denne
1668 702 261 97 redelige
1988 700 289 87 Struds
2331 711 215 81 takkede
2582 716 111 79 den

1007 791 353 98 regierende
1409 795 165 87 Ørn
1641 805 119 76 ved
1819 823 73 58 en
1953 800 325 100 Leylighed
2341 829 105 57 om
2503 809 165 100 Regi-

1007 902 224 71 ments
1272 889 360 107 Sagerne,
1671 920 81 75 og
1816 898 189 97 fandt
2068 901 245 95 saadan
2369 927 74 59 en
2502 909 166 85 Bele-

1002 989 287 101 venhed,
1350 992 279 101 Indsigt
1670 1022 81 75 og
1806 1000 333 100 Habilste,
2196 1003 133 94 som
2388 1005 303 101 Fødselen

1003 1096 231 75 alleene
1311 1114 81 75 og
1461 1096 123 81 ikke
1651 1104 71 75 de
1781 1102 189 80 blotte
2029 1101 453 103 Studeringer
2539 1133 61 57 er
2673 1115 21 78 i

1004 1186 257 89 Stand
1315 1210 72 65 ak
1444 1198 478 100 tilveyebringe;
1989 1205 94 90 thi
2148 1210 99 76 det
2299 1228 192 75 gaaer
2549 1217 144 76 med

1003 1288 616 105 Staats-Ministre
1664 1298 19 78 i
1726 1297 263 99 Luften,
2060 1301 133 95 som
2246 1313 141 74 med
2446 1308 241 101 Poeter

997 1410 85 73 og
1123 1387 357 87 Generaler
1521 1416 131 75 paa
1695 1397 305 98 Jorden,
2057 1409 73 75 de
2173 1403 229 101 fødes;
2447 1431 79 72 og
2567 1410 119 81 kan

996 1512 127 74 per
1166 1491 221 69 Studia
1424 1513 73 76 en
1546 1497 227 83 vildere
1814 1505 119 77 end
1980 1506 289 80 cultivere
2314 1507 255 85 Geniet.

1215 1687 245 87 Ørnen
1503 1690 189 97 fandt
1735 1699 17 76 i
1797 1702 197 78 denne
2039 1701 291 85 Struds
2391 1712 101 76 det
2553 1708 131 94 som

992 1786 139 90 han
1170 1786 209 101 søgte;
1442 1811 75 61 en
1560 1793 343 98 Minister,
1962 1800 131 93 som
2146 1804 203 81 kunde
2400 1809 287 95 assistere

991 1882 159 94 ham
1209 1892 111 78 udi
1377 1897 119 73 den
1551 1909 193 82 tunge
1799 1896 395 102 Regierings
2263 1902 281 100 Byrde,
2602 1929 80 74 og

987 2004 136 70 paa
1164 1992 109 74 det
1308 1988 187 99 ingen
1540 1993 201 94 fkulde
1781 2003 272 90 opholde
2089 2004 91 93 sig
2223 2020 149 63 over
2415 2026 73 59 en
2517 2008 133 79 min-

984 2088 115 77 dre
1142 2086 269 99 Fødsel,
1472 2109 129 77 gav
1660 2092 241 85 Ørnen
1964 2096 153 97 ham
2176 2101 135 96 fiire
2372 2101 309 100 Vinger,

985 2180 231 100 hvilket
1255 2207 61 58 er
1363 2192 117 77 den
1527 2191 247 98 høyeste
1817 2192 253 87 Stand
2117 2198 135 93 som
2307 2223 73 60 en
2437 2206 213 82 Under-

990 2278 143 94 saat
1174 2284 205 83 iblant
1420 2287 287 100 Fuglene
1746 2291 121 82 kan
1909 2317 268 78 opnaae.

1209 2483 299 96 Derpaa
1549 2495 393 80 udnævnede
1983 2500 121 79 den
2145 2504 345 94 regierende
2515 2501 161 87 Ørn

980 2582 201 82 denne
1224 2586 215 95 vittige
1482 2609 81 74 og
1604 2594 261 94 redelige
1906 2593 291 86 Struds
2244 2604 67 79 til
2370 2603 93 95 sin
2506 2603 145 99 Pre-

975 2682 497 97 mier-Minister
1498 2708 81 75 og
1599 2688 384 99 Due-Rod
2014 2698 320 82 erklærede
2360 2708 118 75 alle
2507 2705 169 93 hans

978 2778 274 87 Ordres
1283 2787 249 95 gyldige
1573 2791 19 74 i
1633 2795 119 74 alle
1785 2796 73 75 de
1881 2791 295 98 Tilfælde
2203 2799 161 97 hvor
2393 2824 77 73 og
2509 2824 165 59 naar

976 2878 341 98 Regenten
1360 2906 71 73 ey
1492 2886 119 95 selv
1654 2888 357 99 formedelst
2056 2903 197 75 andre
2304 2899 343 98 Forretnin-

971 2997 109 75 ger
1105 2979 205 83 kunde
1335 3004 163 60 være
1525 2987 287 99 tilstæde;
1867 2989 123 102 Og
2019 2999 83 75 da
2133 3000 197 79 denne
2357 2995 311 102 Struds,

972 3076 139 92 fom
1153 3089 233 86 meldt,
1452 3085 185 92 besad
1681 3091 332 94 tilligemed
2058 3091 356 101 Vittighed
2473 3121 77 73 og
2593 3120 73 59 en

970 3176 254 94 sit-Ilden
1266 3183 395 105 ZErlighed,
1722 3207 73 59 en
1866 3193 129 91 stor
2027 3193 388 104 Kundskab
2476 3219 79 75 og
2616 3217 57 62 et

971 3278 141 77 vidt
1153 3283 287 91 udstrakt
1483 3282 311 100 Begreb,
1843 3289 109 94 saa
2003 3295 313 81 indtalede
2355 3299 129 95 han
2527 3299 19 77 i
2583 3303 61 74 al-

966 3375 55 75 le
1074 3383 267 93 muelige
1400 3379 293 96 Tilfælde
1780 3394 71 76 de
1912 3388 311 100 fortrykte
2288 3395 353 86 Undersagt-

966 3483 138 72 rers
1151 3472 211 93 Tarv.
1465 3484 124 95 Og
1630 3493 117 76 alle
1803 3486 242 104 Fugle,
2090 3496 163 96 store
2316 3515 81 77 og
2460 3495 209 94 fmane
