2960 4624
1902 434 81 71 IS

254 588 112 88 faa
396 609 235 82 mange
658 595 129 93 som
818 607 105 73 der
954 598 201 83 kunde
1188 600 145 96 faae
1360 607 213 85 Rum.
1678 608 165 101 Paa
1872 618 119 75 den

253 710 108 57 ene
393 689 169 100 Floy
597 701 112 91 lige
757 709 118 68 ved
931 700 443 99 Indgangen,
1439 708 110 90 sad
1613 710 204 79 iblant
1877 736 80 55 an-

250 796 144 83 dre,
440 814 76 56 en
546 814 134 78 ung
728 796 204 97 Ruß,
988 800 128 87 som
1170 824 124 59 var
1324 822 218 81 oplagt
1570 811 22 76 i
1640 820 158 69 dette
1826 811 166 81 Aar.

250 887 195 86 NB.
477 904 100 67 det
607 916 124 60 var
761 909 116 66 ved
918 900 131 80 Sc.
1100 901 387 99 Hansdags
1530 907 219 88 Tider.
1819 911 168 97 Han

251 996 105 71 lod
381 991 89 93 sig
499 992 177 82 kalde
709 1006 115 69 den
866 1021 160 71 unge
1053 999 239 98 Lærde,
1349 1009 127 89 han
1506 1031 120 54 var
1661 1018 101 67 det
1792 1012 166 78 virke-

248 1094 89 89 lig
368 1092 213 92 ogsaa.
636 1095 165 95 Han
832 1097 197 80 kunde
1060 1107 179 89 larm,
1296 1104 249 93 gen-did
1604 1108 383 102 hebraiff,(i

247 1198 105 71 det
381 1195 263 94 mindste
689 1196 139 88 svor
873 1199 127 93 han
1049 1201 171 88 hans
1271 1201 387 85 Sidemand
1693 1213 107 86 til,
1857 1216 131 80 han

248 1290 208 92 havde
492 1292 174 80 faaet
698 1304 174 65 Lens
906 1296 99 88 for
1046 1311 99 67 det
1184 1306 69 73 ril
1294 1301 355 101 Examen,)
1686 1310 125 93 han
1860 1312 99 86 for-

243 1392 140 92 stod
401 1389 466 100 Astronomien,
889 1395 383 98 Physikken,
1311 1406 467 91 Mathematik,
1815 1411 144 95 Phi-

246 1489 296 95 losophie,
586 1491 256 100 Poesie,
878 1517 74 57 rc.
1006 1518 74 59 rc.
1134 1518 78 60 rc.
1272 1525 78 72 og
1372 1506 170 88 hans
1564 1526 166 72 unge
1756 1505 232 100 Hierte

246 1592 135 94 flod
414 1593 113 91 hen
556 1597 17 70 i
605 1615 72 55 en
719 1599 172 92 arrig
940 1596 467 90 sammenløben
1456 1600 281 101 Velling
1785 1605 76 95 af
1893 1618 96 71 alt

241 1698 207 84 dette,
495 1692 97 95 jeg
631 1693 197 79 kunde
867 1696 115 74 nok
1011 1696 81 87 fte
1125 1718 63 56 at
1225 1710 93 67 Det
1361 1701 199 95 ffulde
1607 1708 159 86 have
1796 1727 190 62 været

242 1788 245 90 Grvd,
544 1812 143 60 men
730 1804 115 67 den
880 1795 127 89 som
1038 1795 195 92 ffulde
1264 1801 145 95 kogr
1454 1810 153 80 den,
1664 1806 203 84 havde
1902 1808 55 77 ik-

241 1888 63 78 ke
346 1885 444 104 forsaaet-sg
693 1894 85 90 sig
811 1909 91 63 ret
933 1914 131 76 paa
1099 1905 135 85 det,
1291 1923 81 73 og
1403 1904 69 76 til
1499 1909 63 72 al
1581 1902 251 100 Ulykke,
1859 1926 125 63 var

236 1996 120 74 den
392 1993 200 76 blevet
624 1989 236 92 sveden.

385 2155 267 97 Enhver
693 2160 329 95 begriber,
1061 2179 71 63 at
1165 2168 95 75 alt
1303 2169 195 88 detre,
1545 2165 139 90 som
1731 2171 103 80 lob
1871 2172 111 90 saa

232 2258 243 98 hyppig
508 2259 289 92 omkring
826 2259 279 97 Hierret,
1158 2258 440 99 foraarsagede

230 2380 84 71 og
365 2359 143 77 kom
537 2364 119 71 den
685 2379 163 72 unge
889 2357 205 81 Lærde
1129 2366 73 72 til
1253 2381 67 58 ar
1369 2362 161 91 kaste
1579 2388 99 72 op.
1783 2369 201 98 Disse

230 2455 439 96 Opkastelser,
738 2459 208 94 bestod
992 2462 16 72 i
1054 2459 154 92 heele
1256 2461 272 89 Remser
1574 2466 75 92 af
1676 2464 305 98 Virgilio

233 2578 84 71 og
353 2557 348 94 Hvratzio,
755 2554 132 95 som
935 2558 240 97 hængte
1203 2573 118 66 ved
1351 2559 468 86 Siidebeenene
1851 2570 132 90 som

233 2652 419 104 Meel-Pap,
691 2658 93 93 jeg
829 2655 199 80 kunde
1068 2676 92 60 ret
1206 2664 82 88 see
1306 2713 20 38 ,
1382 2682 68 58 at
1495 2661 127 94 han
1666 2664 140 81 blev
1852 2677 98 73 lær-

230 2770 130 80 tet,
410 2775 187 68 naae
638 2755 129 97 han
808 2755 81 98 fik
924 2756 241 94 saadan
1207 2780 76 61 en
1330 2759 279 101 Stump
1651 2784 102 79 op.

374 2919 170 84 Lidet
586 2921 104 96 fra
752 2922 205 97 ham,
991 2921 224 113 sadde
1270 2935 122 72 rde
1480 2929 497 96 Fruentimmer,

13 3040 10 58 i
227 3020 180 89 Den
445 3044 106 58 ene
599 3043 122 61 var
773 3042 204 74 meget
1035 3032 214 79 ærbar
1311 3025 76 101 af
1433 3029 346 100 Udseende,
1833 3058 146 59 men

226 3130 120 76 den
392 3134 208 69 anden
644 3143 198 78 meget
874 3129 244 97 flygtig.

2718 1093 33 58 *

2720 1137 39 86 i

2715 1193 37 98 I
