2960 4624
1860 435 42 70 3

207 655 123 97 fær
367 649 139 95 som
541 666 81 61 en
657 634 425 103 Lyse-Plade
1111 630 25 78 i
1177 646 79 61 en
1294 616 334 95 Urtebod;
1673 618 229 91 andre,

208 774 77 66 at
327 760 104 73 der
470 771 65 57 er
575 765 76 60 en
675 733 398 94 Kam-Tag
1119 730 138 93 som
1295 725 72 81 til
1402 713 239 93 Straf
1667 737 66 57 er
1773 732 106 58 om-

210 865 248 73 dannet
512 851 74 83 tik
638 848 162 79 dette
838 837 291 92 Cvrper;
1190 847 82 72 og
1326 830 206 70 andre
1569 819 207 90 iglen,
1832 828 76 60 ar

213 963 111 75 det
378 974 66 57 er
494 968 76 61 en
608 960 170 81 grøn
817 937 153 94 Ost.
1075 922 275 94 Derfor
1389 921 163 95 siger
1601 933 161 61 man
1799 929 115 60 om

218 1071 208 77 meget
463 1048 176 94 kloge
679 1039 202 100 Folk:
973 1031 188 81 Man
1199 1025 126 79 kan
1367 1022 164 77 bilde
1579 1022 150 75 dem
1771 1013 140 92 ind,

221 1177 76 60 ar
334 1152 308 80 Maanen
683 1162 65 58 er
785 1136 169 98 giort
998 1125 83 99 af
1114 1149 78 59 en
1228 1140 172 79 grøn
1433 1115 161 96 Ost.
1619 1155 122 12 -—
1765 1110 149 85 Da

217 1257 319 81 Maanen
558 1267 65 60 er
645 1240 112 92 faa
785 1246 185 85 langt
989 1234 181 77 borte
1193 1219 109 101 fra
1325 1230 107 82 os,
1473 1218 181 94 hvad
1667 1214 251 89 Under,

222 1375 76 61 ar
326 1353 298 89 manda,
659 1350 122 70 den
808 1335 400 94 angaaende,
1251 1322 126 79 kan
1399 1318 164 80 bilde
1577 1311 166 100 Folk
1777 1311 142 92 ind,

226 1457 185 91 hvad
451 1469 160 57 man
651 1443 139 78 vil?
864 1432 210 83 Naar
1112 1444 160 61 man
1318 1420 126 78 kan
1482 1412 292 94 fordreye
1809 1405 111 96 for

224 1561 149 73 dem
413 1552 80 77 de
527 1542 432 92 Gienstande,
997 1530 137 91 som
1171 1522 207 96 svæve
1415 1520 123 90 lige
1579 1509 107 94 for
1704 1505 190 94 Øret-

215 1672 94 76 og
226 1676 84 72 og
327 1653 131 90 som
475 1648 173 95 falde
666 1645 206 74 under
895 1624 333 104 Følelsen;
1267 1638 168 60 naar
1449 1633 160 58 man
1625 1607 122 81 kan
1772 1602 151 97 faae

227 1761 146 73 dem
415 1753 72 77 til
539 1761 76 63 at
651 1758 135 63 troe
836 1740 139 83 det,
1034 1727 134 91 som
1210 1714 364 84 aabenbare
1612 1709 222 93 strider
1874 1707 50 77 i,

227 1863 156 72 mod
423 1853 66 72 al
527 1832 400 97 menneskelig
953 1818 293 106 Fornuft
1286 1839 85 71 og
1405 1808 518 101 Forstand?—

229 1951 209 81 Naar
462 1963 158 61 man
647 1940 125 78 kan
797 1934 162 76 bilde
985 1923 168 98 Folk
1181 1922 139 88 ind,
1341 1930 74 63 at
1439 1911 484 82 Guddommen

229 2075 68 59 er
331 2044 273 105 parriff,
659 2043 142 74 eller
857 2044 76 65 at
990 2025 112 81 der
1155 2040 65 58 er
1258 2020 192 88 ingen
1490 2011 118 85 til,
1666 2009 146 73 eller
1850 2016 78 63 ar

229 2161 122 74 den
411 2164 68 62 er
551 2131 342 107 ligegyldig
983 2119 377 100 angaaende
1444 2112 84 92 sir
1584 2100 349 97 Skabte;

228 2251 212 84 Naar
478 2263 160 60 man
679 2235 131 77 kan
855 2226 149 95 faae
1039 2217 166 102 Folk
1245 2215 72 78 til
1357 2227 74 62 ar
1475 2225 177 72 rroe,
1709 2221 74 59 ar
1825 2204 108 75 der

225 2373 73 58 er
338 2345 308 88 Steene,
682 2331 250 91 Metal,
970 2322 234 88 Titler,
1243 2332 85 72 og
1364 2307 127 79 ikke
1526 2303 218 91 Dyd,
1786 2296 147 95 som

225 2454 188 92 giver
453 2458 60 62 et
551 2424 479 102 Menneskes-sin
930 2425 103 95 sin
1070 2417 190 88 sande
1286 2409 175 81 Ære
1502 2424 83 73 og
1608 2398 326 94 Værdig«

236 2553 159 89 hed;
447 2538 211 83 Naar
694 2550 162 63 man
895 2525 125 81 kan
1061 2518 220 89 bringe
1325 2506 166 100 Folk
1523 2507 22 75 i
1587 2507 122 73 den
1747 2495 158 89 Tan-

235 2649 112 93 ke,
409 2659 73 62 ar
541 2633 383 93 blodstrende
958 2618 265 84 Kneebe
1281 2629 66 59 er
1386 2600 402 94 Vittighed;
1864 2608 75 65 ar

237 2739 520 99 Stik-Penges
794 2712 413 102 Modtagelse
1257 2730 65 59 er
1360 2699 439 91 Oeconomie;
1866 2708 76 64 ak

242 2843 340 97 Tyrannie
618 2857 68 59 er
721 2830 253 89 Veyen
1016 2823 74 82 til
1127 2821 123 75 den
1291 2807 194 93 sande
1505 2790 437 110 Høyagrelse;

239 2969 86 72 og
373 2961 75 61 ar
497 2936 289 96 lykkelige
823 2929 211 92 Laster
1071 2942 69 58 er
1197 2931 79 59 en
1315 2908 242 95 fiint-og
1475 2923 85 72 og
1600 2893 346 100 dybsindig

243 3037 279 108 Politik,
559 3039 178 88 hvad
763 3032 222 79 Under
1025 3026 112 85 da,
1177 3028 74 66 at
1287 3026 160 61 man
1486 3003 126 77 kan
1659 2995 281 79 overtale

240 3153 189 83 dem,
481 3153 73 64 at
594 3134 312 80 Maanen
958 3143 68 59 er
1066 3118 84 94 af
1196 3128 170 80 grøn
1403 3102 154 94 Ost.
1626 3140 135 8 —
1809 3089 136 83 Nu

243 3263 173 65 troer
453 3258 188 70 man,
663 3249 75 63 at
759 3231 311 79 Maanen
1111 3237 69 62 er
1221 3230 79 62 en
1324 3204 222 84 Klode
1579 3202 143 75 eller
1759 3184 190 86 mørk

245 3345 269 91 Kugle,
589 3332 136 95 som
779 3336 198 74 vores
1037 3338 154 78 egen
1252 3302 413 103 Jordklode,
1748 3285 202 100 hvilke

248 3445 198 92 begge
488 3436 190 92 tillige
714 3436 148 73 med
886 3434 76 74 de
988 3420 226 92 øvrige
1237 3409 325 100 Planeter
1590 3390 245 99 oplyses
1862 3407 86 74 og

247 3551 133 76 leve
421 3543 121 77 ved
581 3532 279 87 Solens
899 3525 135 98 Ild
1080 3540 83 74 og
1201 3516 303 82 Varme.
1602 3495 146 85 Da
1788 3506 161 61 man
