<?xml version="1.0" encoding="utf-8"?>
<alto xmlns="http://www.loc.gov/standards/alto/ns-v3#" xmlns:xs="http://www.w3.org/2001/XMLSchema-instance" xmlns:xlink="http://www.w3.org/1999/xlink">
	<Description>
		<MeasurementUnit>pixel</MeasurementUnit>
		<sourceImageInformation>
			<fileName>130016340708_1_015_022_020.tif</fileName>
		</sourceImageInformation>
		<OCRProcessing ID="OCR1">
			<ocrProcessingStep>
				<processingDateTime>2018-09-14</processingDateTime>
				<processingAgency>Zissor AS</processingAgency>
				<processingStepSettings>Combined OCR</processingStepSettings>
				<processingSoftware>
					<softwareCreator>Zissor AS</softwareCreator>
					<softwareName>ContentOCR-11; ContentOCR-Tesseract</softwareName>
					<softwareVersion>2.0.2; 2.0.0</softwareVersion>
					<applicationDescription>OCR Component for Zissor Content System</applicationDescription>
				</processingSoftware>
			</ocrProcessingStep>
		</OCRProcessing>
	</Description>
	<Styles>
		<TextStyle ID="STYLE1" FONTFAMILY="Times New Roman" FONTSIZE="8.5" FONTSTYLE=""/>
		<TextStyle ID="STYLE2" FONTFAMILY="Times New Roman" FONTSIZE="13" FONTSTYLE=""/>
		<TextStyle ID="STYLE3" FONTFAMILY="Times New Roman" FONTSIZE="8" FONTSTYLE=""/>
		<TextStyle ID="STYLE4" FONTFAMILY="Arial" FONTSIZE="12" FONTSTYLE=""/>
	</Styles>
	<Layout>
		<Page ID="PAGE622" HEIGHT="4624" WIDTH="2968" PHYSICAL_IMG_NR="622" PROCESSING="OCR1" PC="0.61">
			<TopMargin HEIGHT="396" WIDTH="2968" HPOS="0" VPOS="0"/>
			<LeftMargin HEIGHT="3252" WIDTH="968" HPOS="0" VPOS="396"/>
			<RightMargin HEIGHT="3252" WIDTH="208" HPOS="2760" VPOS="396"/>
			<BottomMargin HEIGHT="974" WIDTH="2968" HPOS="0" VPOS="3650"/>
			<PrintSpace ID="PRINTSPACE1" HEIGHT="3252" WIDTH="1790" HPOS="969" VPOS="397">
				<ComposedBlock xs:type="ComposedBlockType" ID="ARTICLE113553" HEIGHT="3252" WIDTH="1790" HPOS="969" VPOS="397" xlink:type="simple">
					<TextBlock xs:type="TextBlockType" ID="ZONE1172982" HEIGHT="52" WIDTH="96" HPOS="1009" VPOS="397" xlink:type="simple">
						<TextLine ID="LINE1" HEIGHT="52" WIDTH="96" HPOS="1009" VPOS="397">
							<String ID="STRING1" STYLEREFS="STYLE1" HEIGHT="52" WIDTH="96" HPOS="1009" VPOS="397" CONTENT="20" WC="0.42" LANG="nob"/>
						</TextLine>
					</TextBlock>
					<TextBlock xs:type="TextBlockType" ID="ZONE1172983" HEIGHT="698" WIDTH="1754" HPOS="1005" VPOS="565" xlink:type="simple">
						<TextLine ID="LINE2" HEIGHT="100" WIDTH="1600" HPOS="1159" VPOS="565">
							<String ID="STRING2" STYLEREFS="STYLE2" HEIGHT="84" WIDTH="292" HPOS="1159" VPOS="567" CONTENT="Værten" WC="0.64" LANG="dan"/>
							<SP ID="SP1" WIDTH="52" HPOS="1451" VPOS="567"/>
							<String ID="STRING3" STYLEREFS="STYLE2" HEIGHT="90" WIDTH="120" HPOS="1503" VPOS="565" CONTENT="selv" WC="0.97" LANG="dan"/>
							<SP ID="SP2" WIDTH="44" HPOS="1623" VPOS="565"/>
							<String ID="STRING4" STYLEREFS="STYLE2" HEIGHT="92" WIDTH="266" HPOS="1667" VPOS="565" CONTENT="dansede" WC="0.74" LANG="dan"/>
							<SP ID="SP3" WIDTH="58" HPOS="1933" VPOS="565"/>
							<String ID="STRING5" STYLEREFS="STYLE2" HEIGHT="92" WIDTH="216" HPOS="1991" VPOS="569" CONTENT="meest," WC="0.77" LANG="dan"/>
							<SP ID="SP4" WIDTH="70" HPOS="2207" VPOS="569"/>
							<String ID="STRING6" STYLEREFS="STYLE2" HEIGHT="78" WIDTH="82" HPOS="2277" VPOS="587" CONTENT="og" WC="0.54" LANG="dan"/>
							<SP ID="SP5" WIDTH="44" HPOS="2359" VPOS="587"/>
							<String ID="STRING7" STYLEREFS="STYLE2" HEIGHT="68" WIDTH="102" HPOS="2403" VPOS="583" CONTENT="8te" WC="0.76" LANG="dan"/>
							<SP ID="SP6" WIDTH="44" HPOS="2505" VPOS="583"/>
							<String ID="STRING8" STYLEREFS="STYLE2" HEIGHT="96" WIDTH="210" HPOS="2549" VPOS="569" CONTENT="Dage" WC="0.69" LANG="dan"/>
						</TextLine>
						<TextLine ID="LINE3" HEIGHT="98" WIDTH="1718" HPOS="1013" VPOS="665">
							<String ID="STRING9" STYLEREFS="STYLE2" HEIGHT="94" WIDTH="152" HPOS="1013" VPOS="667" CONTENT="efter" WC="0.65" LANG="dan"/>
							<SP ID="SP7" WIDTH="32" HPOS="1165" VPOS="667"/>
							<String ID="STRING10" STYLEREFS="STYLE2" HEIGHT="94" WIDTH="100" HPOS="1197" VPOS="667" CONTENT="gik" WC="0.66" LANG="dan"/>
							<SP ID="SP8" WIDTH="34" HPOS="1297" VPOS="667"/>
							<String ID="STRING11" STYLEREFS="STYLE2" HEIGHT="88" WIDTH="130" HPOS="1331" VPOS="671" CONTENT="han" WC="0.79" LANG="dan"/>
							<SP ID="SP9" WIDTH="34" HPOS="1461" VPOS="671"/>
							<String ID="STRING12" STYLEREFS="STYLE2" HEIGHT="88" WIDTH="310" HPOS="1495" VPOS="669" CONTENT="dansende" WC="0.75" LANG="dan"/>
							<SP ID="SP10" WIDTH="42" HPOS="1805" VPOS="669"/>
							<String ID="STRING13" STYLEREFS="STYLE2" HEIGHT="76" WIDTH="70" HPOS="1847" VPOS="669" CONTENT="til" WC="0.85" LANG="dan"/>
							<SP ID="SP11" WIDTH="28" HPOS="1917" VPOS="669"/>
							<String ID="STRING14" STYLEREFS="STYLE2" HEIGHT="84" WIDTH="386" HPOS="1945" VPOS="665" CONTENT="Slütteriet." WC="0.69" LANG="deu"/>
							<SP ID="SP12" WIDTH="56" HPOS="2331" VPOS="665"/>
							<String ID="STRING15" STYLEREFS="STYLE2" HEIGHT="94" WIDTH="164" HPOS="2387" VPOS="669" CONTENT="Han" WC="0.77" LANG="dan"/>
							<SP ID="SP13" WIDTH="32" HPOS="2551" VPOS="669"/>
							<String ID="STRING16" STYLEREFS="STYLE2" HEIGHT="76" WIDTH="148" HPOS="2583" VPOS="673" CONTENT="tænk" SUBS_TYPE="HypPart1" SUBS_CONTENT="tænkte," WC="0.72" LANG="dan"/>
							<HYP CONTENT="-"/>
						</TextLine>
						<TextLine ID="LINE4" HEIGHT="100" WIDTH="1712" HPOS="1011" VPOS="765">
							<String ID="STRING17" STYLEREFS="STYLE2" HEIGHT="72" WIDTH="96" HPOS="1011" VPOS="789" CONTENT="te," SUBS_TYPE="HypPart2" SUBS_CONTENT="tænkte," WC="0.75" LANG="dan"/>
							<SP ID="SP14" WIDTH="56" HPOS="1107" VPOS="789"/>
							<String ID="STRING18" STYLEREFS="STYLE2" HEIGHT="92" WIDTH="96" HPOS="1163" VPOS="769" CONTENT="jeg" WC="0.74" LANG="dan"/>
							<SP ID="SP15" WIDTH="50" HPOS="1259" VPOS="769"/>
							<String ID="STRING19" STYLEREFS="STYLE2" HEIGHT="74" WIDTH="122" HPOS="1309" VPOS="769" CONTENT="bør" WC="0.62" LANG="dan"/>
							<SP ID="SP16" WIDTH="36" HPOS="1431" VPOS="769"/>
							<String ID="STRING20" STYLEREFS="STYLE2" HEIGHT="74" WIDTH="198" HPOS="1467" VPOS="787" CONTENT="aagre" WC="0.86" LANG="dan"/>
							<SP ID="SP17" WIDTH="34" HPOS="1665" VPOS="787"/>
							<String ID="STRING21" STYLEREFS="STYLE2" HEIGHT="66" WIDTH="142" HPOS="1699" VPOS="777" CONTENT="med" WC="0.57" LANG="dan"/>
							<SP ID="SP18" WIDTH="42" HPOS="1841" VPOS="777"/>
							<String ID="STRING22" STYLEREFS="STYLE2" HEIGHT="74" WIDTH="122" HPOS="1883" VPOS="771" CONTENT="mit" WC="0.5" LANG="dan"/>
							<SP ID="SP19" WIDTH="32" HPOS="2005" VPOS="771"/>
							<String ID="STRING23" STYLEREFS="STYLE2" HEIGHT="98" WIDTH="254" HPOS="2037" VPOS="767" CONTENT="Pund;" WC="0.68" LANG="dan"/>
							<SP ID="SP20" WIDTH="56" HPOS="2291" VPOS="767"/>
							<String ID="STRING24" STYLEREFS="STYLE2" HEIGHT="96" WIDTH="126" HPOS="2347" VPOS="765" CONTENT="han" WC="0.94" LANG="dan"/>
							<SP ID="SP21" WIDTH="46" HPOS="2473" VPOS="765"/>
							<String ID="STRING25" STYLEREFS="STYLE2" HEIGHT="60" WIDTH="114" HPOS="2519" VPOS="787" CONTENT="var" WC="0.77" LANG="dan"/>
							<SP ID="SP22" WIDTH="42" HPOS="2633" VPOS="787"/>
							<String ID="STRING26" STYLEREFS="STYLE2" HEIGHT="72" WIDTH="48" HPOS="2675" VPOS="779" CONTENT="el" SUBS_TYPE="HypPart1" SUBS_CONTENT="ellers" WC="1" LANG="dan"/>
							<HYP CONTENT="-"/>
						</TextLine>
						<TextLine ID="LINE5" HEIGHT="100" WIDTH="1734" HPOS="1011" VPOS="863">
							<String ID="STRING27" STYLEREFS="STYLE2" HEIGHT="72" WIDTH="130" HPOS="1011" VPOS="875" CONTENT="lers" SUBS_TYPE="HypPart2" SUBS_CONTENT="ellers" WC="0.71" LANG="dan"/>
							<SP ID="SP23" WIDTH="34" HPOS="1141" VPOS="875"/>
							<String ID="STRING28" STYLEREFS="STYLE2" HEIGHT="94" WIDTH="252" HPOS="1175" VPOS="863" CONTENT="høftigst" WC="0.47" LANG="dan"/>
							<SP ID="SP24" WIDTH="44" HPOS="1427" VPOS="863"/>
							<String ID="STRING29" STYLEREFS="STYLE2" HEIGHT="74" WIDTH="174" HPOS="1471" VPOS="871" CONTENT="imod" WC="0.58" LANG="dan"/>
							<SP ID="SP25" WIDTH="42" HPOS="1645" VPOS="871"/>
							<String ID="STRING30" STYLEREFS="STYLE3" HEIGHT="66" WIDTH="120" HPOS="1687" VPOS="879" CONTENT="2de" WC="0.73" LANG="dan"/>
							<SP ID="SP26" WIDTH="34" HPOS="1807" VPOS="879"/>
							<String ID="STRING31" STYLEREFS="STYLE2" HEIGHT="90" WIDTH="154" HPOS="1841" VPOS="867" CONTENT="især." WC="0.88" LANG="dan"/>
							<SP ID="SP27" WIDTH="108" HPOS="1995" VPOS="867"/>
							<String ID="STRING32" STYLEREFS="STYLE2" HEIGHT="96" WIDTH="142" HPOS="2103" VPOS="865" CONTENT="Jeg" WC="0.76" LANG="dan"/>
							<SP ID="SP28" WIDTH="36" HPOS="2245" VPOS="865"/>
							<String ID="STRING33" STYLEREFS="STYLE2" HEIGHT="80" WIDTH="198" HPOS="2281" VPOS="865" CONTENT="kunde" WC="0.77" LANG="dan"/>
							<SP ID="SP29" WIDTH="38" HPOS="2479" VPOS="865"/>
							<String ID="STRING34" STYLEREFS="STYLE2" HEIGHT="94" WIDTH="114" HPOS="2517" VPOS="869" CONTENT="see," WC="0.72" LANG="dan"/>
							<SP ID="SP30" WIDTH="50" HPOS="2631" VPOS="869"/>
							<String ID="STRING35" STYLEREFS="STYLE2" HEIGHT="60" WIDTH="64" HPOS="2681" VPOS="889" CONTENT="at" WC="0.67" LANG="dan"/>
						</TextLine>
						<TextLine ID="LINE6" HEIGHT="92" WIDTH="1738" HPOS="1007" VPOS="965">
							<String ID="STRING36" STYLEREFS="STYLE2" HEIGHT="68" WIDTH="106" HPOS="1007" VPOS="975" CONTENT="det" WC="0.53" LANG="dan"/>
							<SP ID="SP31" WIDTH="44" HPOS="1113" VPOS="975"/>
							<String ID="STRING37" STYLEREFS="STYLE2" HEIGHT="58" WIDTH="122" HPOS="1157" VPOS="987" CONTENT="var" WC="0.74" LANG="dan"/>
							<SP ID="SP32" WIDTH="40" HPOS="1279" VPOS="987"/>
							<String ID="STRING38" STYLEREFS="STYLE2" HEIGHT="88" WIDTH="172" HPOS="1319" VPOS="969" CONTENT="hans" WC="0.83" LANG="dan"/>
							<SP ID="SP33" WIDTH="40" HPOS="1491" VPOS="969"/>
							<String ID="STRING39" STYLEREFS="STYLE2" HEIGHT="80" WIDTH="400" HPOS="1531" VPOS="967" CONTENT="Creditores." WC="0.59" LANG="dan"/>
							<SP ID="SP34" WIDTH="106" HPOS="1931" VPOS="967"/>
							<String ID="STRING40" STYLEREFS="STYLE2" HEIGHT="86" WIDTH="128" HPOS="2037" VPOS="965" CONTENT="De" WC="0.76" LANG="dan"/>
							<SP ID="SP35" WIDTH="40" HPOS="2165" VPOS="965"/>
							<String ID="STRING41" STYLEREFS="STYLE2" HEIGHT="78" WIDTH="216" HPOS="2205" VPOS="967" CONTENT="tænkte" WC="0.85" LANG="dan"/>
							<SP ID="SP36" WIDTH="50" HPOS="2421" VPOS="967"/>
							<String ID="STRING42" STYLEREFS="STYLE2" HEIGHT="58" WIDTH="66" HPOS="2471" VPOS="987" CONTENT="al" WC="0.64" LANG="dan"/>
							<SP ID="SP37" WIDTH="40" HPOS="2537" VPOS="987"/>
							<String ID="STRING43" STYLEREFS="STYLE2" HEIGHT="70" WIDTH="168" HPOS="2577" VPOS="979" CONTENT="deres" WC="0.91" LANG="dan"/>
						</TextLine>
						<TextLine ID="LINE7" HEIGHT="98" WIDTH="1738" HPOS="1007" VPOS="1067">
							<String ID="STRING44" STYLEREFS="STYLE2" HEIGHT="96" WIDTH="234" HPOS="1007" VPOS="1067" CONTENT="Penge" WC="0.73" LANG="dan"/>
							<SP ID="SP38" WIDTH="42" HPOS="1241" VPOS="1067"/>
							<String ID="STRING45" STYLEREFS="STYLE2" HEIGHT="58" WIDTH="156" HPOS="1283" VPOS="1085" CONTENT="vare" WC="0.98" LANG="dan"/>
							<SP ID="SP39" WIDTH="48" HPOS="1439" VPOS="1085"/>
							<String ID="STRING46" STYLEREFS="STYLE2" HEIGHT="90" WIDTH="202" HPOS="1487" VPOS="1067" CONTENT="sikkre." WC="0.68" LANG="dan"/>
							<SP ID="SP40" WIDTH="152" HPOS="1689" VPOS="1067"/>
							<String ID="STRING47" STYLEREFS="STYLE2" HEIGHT="98" WIDTH="124" HPOS="1841" VPOS="1067" CONTENT="Og" WC="0.38" LANG="dan"/>
							<SP ID="SP41" WIDTH="48" HPOS="1965" VPOS="1067"/>
							<String ID="STRING48" STYLEREFS="STYLE2" HEIGHT="98" WIDTH="130" HPOS="2013" VPOS="1067" CONTENT="han" WC="0.89" LANG="dan"/>
							<SP ID="SP42" WIDTH="52" HPOS="2143" VPOS="1067"/>
							<String ID="STRING49" STYLEREFS="STYLE2" HEIGHT="82" WIDTH="216" HPOS="2195" VPOS="1067" CONTENT="tænkte" WC="0.88" LANG="dan"/>
							<SP ID="SP43" WIDTH="54" HPOS="2411" VPOS="1067"/>
							<String ID="STRING50" STYLEREFS="STYLE2" HEIGHT="76" WIDTH="102" HPOS="2465" VPOS="1073" CONTENT="lad" WC="0.76" LANG="dan"/>
							<SP ID="SP44" WIDTH="48" HPOS="2567" VPOS="1073"/>
							<String ID="STRING51" STYLEREFS="STYLE2" HEIGHT="72" WIDTH="130" HPOS="2615" VPOS="1079" CONTENT="dem" WC="0.54" LANG="dan"/>
						</TextLine>
						<TextLine ID="LINE8" HEIGHT="100" WIDTH="598" HPOS="1005" VPOS="1163">
							<String ID="STRING52" STYLEREFS="STYLE2" HEIGHT="96" WIDTH="180" HPOS="1005" VPOS="1167" CONTENT="sorge" WC="0.54" LANG="deu"/>
							<SP ID="SP45" WIDTH="30" HPOS="1185" VPOS="1167"/>
							<String ID="STRING53" STYLEREFS="STYLE2" HEIGHT="98" WIDTH="100" HPOS="1215" VPOS="1163" CONTENT="for" WC="0.74" LANG="dan"/>
							<SP ID="SP46" WIDTH="30" HPOS="1315" VPOS="1163"/>
							<String ID="STRING54" STYLEREFS="STYLE2" HEIGHT="100" WIDTH="258" HPOS="1345" VPOS="1163" CONTENT="Resten." WC="0.71" LANG="dan"/>
						</TextLine>
					</TextBlock>
					<TextBlock xs:type="TextBlockType" ID="ZONE1172984" HEIGHT="302" WIDTH="1740" HPOS="1003" VPOS="1365" xlink:type="simple">
						<TextLine ID="LINE9" HEIGHT="100" WIDTH="1584" HPOS="1159" VPOS="1365">
							<String ID="STRING55" STYLEREFS="STYLE2" HEIGHT="86" WIDTH="112" HPOS="1159" VPOS="1365" CONTENT="En" WC="1" LANG="dan"/>
							<SP ID="SP47" WIDTH="48" HPOS="1271" VPOS="1365"/>
							<String ID="STRING56" STYLEREFS="STYLE2" HEIGHT="94" WIDTH="294" HPOS="1319" VPOS="1369" CONTENT="Morgen" WC="0.81" LANG="dan"/>
							<SP ID="SP48" WIDTH="48" HPOS="1613" VPOS="1369"/>
							<String ID="STRING57" STYLEREFS="STYLE2" HEIGHT="94" WIDTH="120" HPOS="1661" VPOS="1365" CONTENT="falt" WC="0.83" LANG="dan"/>
							<SP ID="SP49" WIDTH="42" HPOS="1781" VPOS="1365"/>
							<String ID="STRING58" STYLEREFS="STYLE2" HEIGHT="96" WIDTH="96" HPOS="1823" VPOS="1365" CONTENT="jeg" WC="0.67" LANG="dan"/>
							<SP ID="SP50" WIDTH="46" HPOS="1919" VPOS="1365"/>
							<String ID="STRING59" STYLEREFS="STYLE2" HEIGHT="78" WIDTH="174" HPOS="1965" VPOS="1387" CONTENT="paa," WC="0.88" LANG="dan"/>
							<SP ID="SP51" WIDTH="56" HPOS="2139" VPOS="1387"/>
							<String ID="STRING60" STYLEREFS="STYLE2" HEIGHT="66" WIDTH="70" HPOS="2195" VPOS="1381" CONTENT="at" WC="0.73" LANG="dan"/>
							<SP ID="SP52" WIDTH="32" HPOS="2265" VPOS="1381"/>
							<String ID="STRING61" STYLEREFS="STYLE2" HEIGHT="96" WIDTH="140" HPOS="2297" VPOS="1369" CONTENT="gnie" WC="0.77" LANG="dan"/>
							<SP ID="SP53" WIDTH="28" HPOS="2437" VPOS="1369"/>
							<String ID="STRING62" STYLEREFS="STYLE2" HEIGHT="76" WIDTH="126" HPOS="2465" VPOS="1387" CONTENT="paa" WC="1" LANG="dan"/>
							<SP ID="SP54" WIDTH="24" HPOS="2591" VPOS="1387"/>
							<String ID="STRING63" STYLEREFS="STYLE2" HEIGHT="58" WIDTH="128" HPOS="2615" VPOS="1389" CONTENT="mm" WC="0.28" LANG="dan"/>
						</TextLine>
						<TextLine ID="LINE10" HEIGHT="104" WIDTH="1712" HPOS="1005" VPOS="1465">
							<String ID="STRING64" STYLEREFS="STYLE2" HEIGHT="92" WIDTH="260" HPOS="1005" VPOS="1469" CONTENT="Kugle," WC="0.69" LANG="dan"/>
							<SP ID="SP55" WIDTH="60" HPOS="1265" VPOS="1469"/>
							<String ID="STRING65" STYLEREFS="STYLE2" HEIGHT="72" WIDTH="78" HPOS="1325" VPOS="1491" CONTENT="og" WC="0.79" LANG="dan"/>
							<SP ID="SP56" WIDTH="32" HPOS="1403" VPOS="1491"/>
							<String ID="STRING66" STYLEREFS="STYLE2" HEIGHT="94" WIDTH="190" HPOS="1435" VPOS="1471" CONTENT="tillige" WC="0.7" LANG="dan"/>
							<SP ID="SP57" WIDTH="44" HPOS="1625" VPOS="1471"/>
							<String ID="STRING67" STYLEREFS="STYLE2" HEIGHT="100" WIDTH="362" HPOS="1669" VPOS="1465" CONTENT="forestillede" WC="0.76" LANG="dan"/>
							<SP ID="SP58" WIDTH="44" HPOS="2031" VPOS="1465"/>
							<String ID="STRING68" STYLEREFS="STYLE2" HEIGHT="96" WIDTH="132" HPOS="2075" VPOS="1469" CONTENT="mig" WC="0.68" LANG="dan"/>
							<SP ID="SP59" WIDTH="44" HPOS="2207" VPOS="1469"/>
							<String ID="STRING69" STYLEREFS="STYLE2" HEIGHT="74" WIDTH="114" HPOS="2251" VPOS="1477" CONTENT="den" WC="0.75" LANG="dan"/>
							<SP ID="SP60" WIDTH="42" HPOS="2365" VPOS="1477"/>
							<String ID="STRING70" STYLEREFS="STYLE2" HEIGHT="96" WIDTH="150" HPOS="2407" VPOS="1473" CONTENT="store" WC="0.67" LANG="dan"/>
							<SP ID="SP61" WIDTH="28" HPOS="2557" VPOS="1473"/>
							<String ID="STRING71" STYLEREFS="STYLE2" HEIGHT="96" WIDTH="132" HPOS="2585" VPOS="1471" CONTENT="Her" SUBS_TYPE="HypPart1" SUBS_CONTENT="Herres" WC="0.61" LANG="dan"/>
							<HYP CONTENT="-"/>
						</TextLine>
						<TextLine ID="LINE11" HEIGHT="100" WIDTH="552" HPOS="1003" VPOS="1567">
							<String ID="STRING72" STYLEREFS="STYLE2" HEIGHT="70" WIDTH="110" HPOS="1003" VPOS="1579" CONTENT="res" SUBS_TYPE="HypPart2" SUBS_CONTENT="Herres" WC="0.76" LANG="dan"/>
							<SP ID="SP62" WIDTH="54" HPOS="1113" VPOS="1579"/>
							<String ID="STRING73" STYLEREFS="STYLE2" HEIGHT="100" WIDTH="388" HPOS="1167" VPOS="1567" CONTENT="Forgemak." WC="0.71" LANG="dan"/>
						</TextLine>
					</TextBlock>
					<TextBlock xs:type="TextBlockType" ID="ZONE1172985" HEIGHT="300" WIDTH="1744" HPOS="997" VPOS="1765" xlink:type="simple">
						<TextLine ID="LINE12" HEIGHT="100" WIDTH="1588" HPOS="1153" VPOS="1765">
							<String ID="STRING74" STYLEREFS="STYLE2" HEIGHT="86" WIDTH="160" HPOS="1153" VPOS="1767" CONTENT="Det" WC="0.5" LANG="dan"/>
							<SP ID="SP63" WIDTH="36" HPOS="1313" VPOS="1767"/>
							<String ID="STRING75" STYLEREFS="STYLE2" HEIGHT="60" WIDTH="120" HPOS="1349" VPOS="1787" CONTENT="var" WC="1" LANG="dan"/>
							<SP ID="SP64" WIDTH="38" HPOS="1469" VPOS="1787"/>
							<String ID="STRING76" STYLEREFS="STYLE2" HEIGHT="100" WIDTH="202" HPOS="1507" VPOS="1765" CONTENT="opfylc" WC="0.72" LANG="dan"/>
							<SP ID="SP65" WIDTH="36" HPOS="1709" VPOS="1765"/>
							<String ID="STRING77" STYLEREFS="STYLE2" HEIGHT="72" WIDTH="144" HPOS="1745" VPOS="1775" CONTENT="med" WC="0.63" LANG="dan"/>
							<SP ID="SP66" WIDTH="56" HPOS="1889" VPOS="1775"/>
							<String ID="STRING78" STYLEREFS="STYLE2" HEIGHT="76" WIDTH="230" HPOS="1945" VPOS="1789" CONTENT="mange" WC="0.85" LANG="dan"/>
							<SP ID="SP67" WIDTH="40" HPOS="2175" VPOS="1789"/>
							<String ID="STRING79" STYLEREFS="STYLE2" HEIGHT="98" WIDTH="408" HPOS="2215" VPOS="1767" CONTENT="Mennesker," WC="0.74" LANG="dan"/>
							<SP ID="SP68" WIDTH="48" HPOS="2623" VPOS="1767"/>
							<String ID="STRING80" STYLEREFS="STYLE2" HEIGHT="76" WIDTH="70" HPOS="2671" VPOS="1775" CONTENT="de" WC="0.71" LANG="dan"/>
						</TextLine>
						<TextLine ID="LINE13" HEIGHT="100" WIDTH="1712" HPOS="999" VPOS="1867">
							<String ID="STRING81" STYLEREFS="STYLE2" HEIGHT="78" WIDTH="176" HPOS="999" VPOS="1869" CONTENT="bleve" WC="0.86" LANG="dan"/>
							<SP ID="SP69" WIDTH="44" HPOS="1175" VPOS="1869"/>
							<String ID="STRING82" STYLEREFS="STYLE2" HEIGHT="94" WIDTH="124" HPOS="1219" VPOS="1867" CONTENT="ofte" WC="0.87" LANG="dan"/>
							<SP ID="SP70" WIDTH="58" HPOS="1343" VPOS="1867"/>
							<String ID="STRING83" STYLEREFS="STYLE2" HEIGHT="94" WIDTH="454" HPOS="1401" VPOS="1869" CONTENT="foruroeligede" WC="0.67" LANG="dan"/>
							<SP ID="SP71" WIDTH="48" HPOS="1855" VPOS="1869"/>
							<String ID="STRING84" STYLEREFS="STYLE2" HEIGHT="98" WIDTH="78" HPOS="1903" VPOS="1867" CONTENT="af" WC="0.71" LANG="dan"/>
							<SP ID="SP72" WIDTH="46" HPOS="1981" VPOS="1867"/>
							<String ID="STRING85" STYLEREFS="STYLE2" HEIGHT="64" WIDTH="58" HPOS="2027" VPOS="1887" CONTENT="et" WC="0.64" LANG="dan"/>
							<SP ID="SP73" WIDTH="50" HPOS="2085" VPOS="1887"/>
							<String ID="STRING86" STYLEREFS="STYLE2" HEIGHT="76" WIDTH="124" HPOS="2135" VPOS="1889" CONTENT="par" WC="0.58" LANG="dan"/>
							<SP ID="SP74" WIDTH="44" HPOS="2259" VPOS="1889"/>
							<String ID="STRING87" STYLEREFS="STYLE2" HEIGHT="100" WIDTH="292" HPOS="2303" VPOS="1867" CONTENT="anseelige" WC="0.88" LANG="dan"/>
							<SP ID="SP75" WIDTH="34" HPOS="2595" VPOS="1867"/>
							<String ID="STRING88" STYLEREFS="STYLE4" HEIGHT="85" WIDTH="82" HPOS="2629" VPOS="1868" CONTENT="La" SUBS_TYPE="HypPart1" SUBS_CONTENT="Laqoeier," WC="0.8" LANG="dan"/>
							<HYP CONTENT="-"/>
						</TextLine>
						<TextLine ID="LINE14" HEIGHT="94" WIDTH="892" HPOS="997" VPOS="1971">
							<String ID="STRING89" STYLEREFS="STYLE4" HEIGHT="93" WIDTH="245" HPOS="997" VPOS="1971" CONTENT="qoeier," SUBS_TYPE="HypPart2" SUBS_CONTENT="Laqoeier," WC="0.86" LANG="dan"/>
							<SP ID="SP76" WIDTH="61" HPOS="1242" VPOS="1971"/>
							<String ID="STRING90" STYLEREFS="STYLE2" HEIGHT="74" WIDTH="80" HPOS="1303" VPOS="1991" CONTENT="og" WC="0.71" LANG="dan"/>
							<SP ID="SP77" WIDTH="44" HPOS="1383" VPOS="1991"/>
							<String ID="STRING91" STYLEREFS="STYLE2" HEIGHT="56" WIDTH="74" HPOS="1427" VPOS="1991" CONTENT="en" WC="1" LANG="dan"/>
							<SP ID="SP78" WIDTH="30" HPOS="1501" VPOS="1991"/>
							<String ID="STRING92" STYLEREFS="STYLE2" HEIGHT="72" WIDTH="98" HPOS="1531" VPOS="1977" CONTENT="læt" WC="0.75" LANG="dan"/>
							<SP ID="SP79" WIDTH="44" HPOS="1629" VPOS="1977"/>
							<String ID="STRING93" STYLEREFS="STYLE2" HEIGHT="80" WIDTH="216" HPOS="1673" VPOS="1971" CONTENT="Løber." WC="0.7" LANG="dan"/>
						</TextLine>
					</TextBlock>
					<TextBlock xs:type="TextBlockType" ID="ZONE1172986" HEIGHT="1410" WIDTH="1766" HPOS="969" VPOS="2163" xlink:type="simple">
						<TextLine ID="LINE15" HEIGHT="104" WIDTH="1588" HPOS="1147" VPOS="2163">
							<String ID="STRING94" STYLEREFS="STYLE4" HEIGHT="101" WIDTH="142" HPOS="1147" VPOS="2166" CONTENT="Ale" WC="0.81" LANG="dan"/>
							<SP ID="SP80" WIDTH="30" HPOS="1289" VPOS="2166"/>
							<String ID="STRING95" STYLEREFS="STYLE2" HEIGHT="98" WIDTH="564" HPOS="1319" VPOS="2167" CONTENT="Supplicamerne" WC="0.84" LANG="dan"/>
							<SP ID="SP81" WIDTH="38" HPOS="1883" VPOS="2167"/>
							<String ID="STRING96" STYLEREFS="STYLE2" HEIGHT="102" WIDTH="344" HPOS="1921" VPOS="2165" CONTENT="reyftesig," WC="0.75" LANG="dan"/>
							<SP ID="SP82" WIDTH="68" HPOS="2265" VPOS="2165"/>
							<String ID="STRING97" STYLEREFS="STYLE2" HEIGHT="100" WIDTH="148" HPOS="2333" VPOS="2163" CONTENT="hver" WC="0.75" LANG="dan"/>
							<SP ID="SP83" WIDTH="42" HPOS="2481" VPOS="2163"/>
							<String ID="STRING98" STYLEREFS="STYLE2" HEIGHT="102" WIDTH="212" HPOS="2523" VPOS="2163" CONTENT="Gang" WC="0.66" LANG="dan"/>
						</TextLine>
						<TextLine ID="LINE16" HEIGHT="98" WIDTH="1740" HPOS="993" VPOS="2269">
							<String ID="STRING99" STYLEREFS="STYLE2" HEIGHT="60" WIDTH="78" HPOS="993" VPOS="2289" CONTENT="en" WC="0.63" LANG="dan"/>
							<SP ID="SP84" WIDTH="32" HPOS="1071" VPOS="2289"/>
							<String ID="STRING100" STYLEREFS="STYLE2" HEIGHT="94" WIDTH="80" HPOS="1103" VPOS="2269" CONTENT="af" WC="0.92" LANG="dan"/>
							<SP ID="SP85" WIDTH="28" HPOS="1183" VPOS="2269"/>
							<String ID="STRING101" STYLEREFS="STYLE2" HEIGHT="68" WIDTH="142" HPOS="1211" VPOS="2279" CONTENT="dem" WC="0.65" LANG="dan"/>
							<SP ID="SP86" WIDTH="34" HPOS="1353" VPOS="2279"/>
							<String ID="STRING102" STYLEREFS="STYLE2" HEIGHT="78" WIDTH="142" HPOS="1387" VPOS="2271" CONTENT="kom" WC="0.76" LANG="dan"/>
							<SP ID="SP87" WIDTH="36" HPOS="1529" VPOS="2271"/>
							<String ID="STRING103" STYLEREFS="STYLE2" HEIGHT="92" WIDTH="144" HPOS="1565" VPOS="2275" CONTENT="ind;" WC="0.61" LANG="dan"/>
							<SP ID="SP88" WIDTH="70" HPOS="1709" VPOS="2275"/>
							<String ID="STRING104" STYLEREFS="STYLE2" HEIGHT="88" WIDTH="174" HPOS="1779" VPOS="2277" CONTENT="nogle" WC="0.85" LANG="dan"/>
							<SP ID="SP89" WIDTH="29" HPOS="1953" VPOS="2277"/>
							<String ID="STRING105" STYLEREFS="STYLE4" HEIGHT="74" WIDTH="233" HPOS="1982" VPOS="2291" CONTENT="meente" WC="0.85" LANG="dan"/>
							<SP ID="SP90" WIDTH="32" HPOS="2215" VPOS="2291"/>
							<String ID="STRING106" STYLEREFS="STYLE2" HEIGHT="78" WIDTH="130" HPOS="2247" VPOS="2283" CONTENT="Det," WC="0.37" LANG="dan"/>
							<SP ID="SP91" WIDTH="56" HPOS="2377" VPOS="2283"/>
							<String ID="STRING107" STYLEREFS="STYLE2" HEIGHT="74" WIDTH="78" HPOS="2433" VPOS="2291" CONTENT="og" WC="0.63" LANG="dan"/>
							<SP ID="SP92" WIDTH="46" HPOS="2511" VPOS="2291"/>
							<String ID="STRING108" STYLEREFS="STYLE2" HEIGHT="88" WIDTH="176" HPOS="2557" VPOS="2277" CONTENT="nogle" WC="0.88" LANG="dan"/>
						</TextLine>
						<TextLine ID="LINE17" HEIGHT="94" WIDTH="1744" HPOS="989" VPOS="2369">
							<String ID="STRING109" STYLEREFS="STYLE2" HEIGHT="78" WIDTH="146" HPOS="989" VPOS="2371" CONTENT="ikke." WC="0.89" LANG="dan"/>
							<SP ID="SP93" WIDTH="116" HPOS="1135" VPOS="2371"/>
							<String ID="STRING110" STYLEREFS="STYLE2" HEIGHT="84" WIDTH="130" HPOS="1251" VPOS="2371" CONTENT="De" WC="0.68" LANG="dan"/>
							<SP ID="SP94" WIDTH="54" HPOS="1381" VPOS="2371"/>
							<String ID="STRING111" STYLEREFS="STYLE2" HEIGHT="92" WIDTH="290" HPOS="1435" VPOS="2371" CONTENT="Lærdeste" WC="0.67" LANG="dan"/>
							<SP ID="SP95" WIDTH="54" HPOS="1725" VPOS="2371"/>
							<String ID="STRING112" STYLEREFS="STYLE2" HEIGHT="78" WIDTH="258" HPOS="1779" VPOS="2371" CONTENT="bukkede" WC="0.64" LANG="dan"/>
							<SP ID="SP96" WIDTH="54" HPOS="2037" VPOS="2371"/>
							<String ID="STRING113" STYLEREFS="STYLE2" HEIGHT="76" WIDTH="140" HPOS="2091" VPOS="2373" CONTENT="dem" WC="0.76" LANG="dan"/>
							<SP ID="SP97" WIDTH="44" HPOS="2231" VPOS="2373"/>
							<String ID="STRING114" STYLEREFS="STYLE2" HEIGHT="92" WIDTH="244" HPOS="2275" VPOS="2369" CONTENT="dybest," WC="0.66" LANG="dan"/>
							<SP ID="SP98" WIDTH="72" HPOS="2519" VPOS="2369"/>
							<String ID="STRING115" STYLEREFS="STYLE2" HEIGHT="60" WIDTH="142" HPOS="2591" VPOS="2389" CONTENT="men" WC="0.85" LANG="dan"/>
						</TextLine>
						<TextLine ID="LINE18" HEIGHT="99" WIDTH="1745" HPOS="986" VPOS="2471">
							<String ID="STRING116" STYLEREFS="STYLE4" HEIGHT="85" WIDTH="243" HPOS="986" VPOS="2485" CONTENT="meente" WC="0.88" LANG="dan"/>
							<SP ID="SP99" WIDTH="34" HPOS="1229" VPOS="2485"/>
							<String ID="STRING117" STYLEREFS="STYLE2" HEIGHT="92" WIDTH="234" HPOS="1263" VPOS="2475" CONTENT="mindst" WC="0.62" LANG="dan"/>
							<SP ID="SP100" WIDTH="36" HPOS="1497" VPOS="2475"/>
							<String ID="STRING118" STYLEREFS="STYLE2" HEIGHT="68" WIDTH="140" HPOS="1533" VPOS="2483" CONTENT="med" WC="0.62" LANG="dan"/>
							<SP ID="SP101" WIDTH="34" HPOS="1673" VPOS="2483"/>
							<String ID="STRING119" STYLEREFS="STYLE2" HEIGHT="68" WIDTH="116" HPOS="1707" VPOS="2481" CONTENT="Det." WC="0.4" LANG="dan"/>
							<SP ID="SP102" WIDTH="56" HPOS="1823" VPOS="2481"/>
							<String ID="STRING120" STYLEREFS="STYLE2" HEIGHT="94" WIDTH="370" HPOS="1879" VPOS="2471" CONTENT="Laqveierne" WC="0.93" LANG="dan"/>
							<SP ID="SP103" WIDTH="32" HPOS="2249" VPOS="2471"/>
							<String ID="STRING121" STYLEREFS="STYLE2" HEIGHT="76" WIDTH="106" HPOS="2281" VPOS="2489" CONTENT="tog" WC="0.52" LANG="dan"/>
							<SP ID="SP104" WIDTH="34" HPOS="2387" VPOS="2489"/>
							<String ID="STRING122" STYLEREFS="STYLE2" HEIGHT="74" WIDTH="168" HPOS="2421" VPOS="2473" CONTENT="imod" WC="0.66" LANG="dan"/>
							<SP ID="SP105" WIDTH="42" HPOS="2589" VPOS="2473"/>
							<String ID="STRING123" STYLEREFS="STYLE2" HEIGHT="68" WIDTH="100" HPOS="2631" VPOS="2479" CONTENT="der" WC="0.54" LANG="dan"/>
						</TextLine>
						<TextLine ID="LINE19" HEIGHT="98" WIDTH="1746" HPOS="985" VPOS="2569">
							<String ID="STRING124" STYLEREFS="STYLE2" HEIGHT="84" WIDTH="150" HPOS="985" VPOS="2583" CONTENT="mey" WC="0.51" LANG="dan"/>
							<SP ID="SP106" WIDTH="30" HPOS="1135" VPOS="2583"/>
							<String ID="STRING125" STYLEREFS="STYLE2" HEIGHT="56" WIDTH="72" HPOS="1165" VPOS="2593" CONTENT="en" WC="1" LANG="dan"/>
							<SP ID="SP107" WIDTH="34" HPOS="1237" VPOS="2593"/>
							<String ID="STRING126" STYLEREFS="STYLE2" HEIGHT="96" WIDTH="622" HPOS="1271" VPOS="2571" CONTENT="tækkeligGraviket." WC="0.68" LANG="dan"/>
							<SP ID="SP108" WIDTH="56" HPOS="1893" VPOS="2571"/>
							<String ID="STRING127" STYLEREFS="STYLE2" HEIGHT="94" WIDTH="618" HPOS="1949" VPOS="2571" CONTENT="JblamMængden" WC="0.7" LANG="dan"/>
							<SP ID="SP109" WIDTH="28" HPOS="2567" VPOS="2571"/>
							<String ID="STRING128" STYLEREFS="STYLE2" HEIGHT="80" WIDTH="136" HPOS="2595" VPOS="2569" CONTENT="saae" WC="0.87" LANG="dan"/>
						</TextLine>
						<TextLine ID="LINE20" HEIGHT="96" WIDTH="1746" HPOS="985" VPOS="2671">
							<String ID="STRING129" STYLEREFS="STYLE2" HEIGHT="94" WIDTH="102" HPOS="985" VPOS="2671" CONTENT="jeg" WC="0.71" LANG="dan"/>
							<SP ID="SP110" WIDTH="40" HPOS="1087" VPOS="2671"/>
							<String ID="STRING130" STYLEREFS="STYLE2" HEIGHT="70" WIDTH="110" HPOS="1127" VPOS="2693" CONTENT="en," WC="0.92" LANG="dan"/>
							<SP ID="SP111" WIDTH="58" HPOS="1237" VPOS="2693"/>
							<String ID="STRING131" STYLEREFS="STYLE2" HEIGHT="90" WIDTH="130" HPOS="1295" VPOS="2671" CONTENT="som" WC="0.78" LANG="dan"/>
							<SP ID="SP112" WIDTH="42" HPOS="1425" VPOS="2671"/>
							<String ID="STRING132" STYLEREFS="STYLE2" HEIGHT="96" WIDTH="326" HPOS="1467" VPOS="2671" CONTENT="hemmelig" WC="0.74" LANG="dan"/>
							<SP ID="SP113" WIDTH="34" HPOS="1793" VPOS="2671"/>
							<String ID="STRING133" STYLEREFS="STYLE2" HEIGHT="70" WIDTH="266" HPOS="1827" VPOS="2679" CONTENT="levekede" WC="0.75" LANG="dan"/>
							<SP ID="SP114" WIDTH="26" HPOS="2093" VPOS="2679"/>
							<String ID="STRING134" STYLEREFS="STYLE2" HEIGHT="94" WIDTH="88" HPOS="2119" VPOS="2673" CONTENT="sin" WC="0.6" LANG="dan"/>
							<SP ID="SP115" WIDTH="46" HPOS="2207" VPOS="2673"/>
							<String ID="STRING135" STYLEREFS="STYLE2" HEIGHT="76" WIDTH="362" HPOS="2253" VPOS="2673" CONTENT="Memorial" WC="0.69" LANG="dan"/>
							<SP ID="SP116" WIDTH="46" HPOS="2615" VPOS="2673"/>
							<String ID="STRING136" STYLEREFS="STYLE2" HEIGHT="78" WIDTH="70" HPOS="2661" VPOS="2671" CONTENT="til" WC="0.68" LANG="dan"/>
						</TextLine>
						<TextLine ID="LINE21" HEIGHT="98" WIDTH="1746" HPOS="983" VPOS="2769">
							<String ID="STRING137" STYLEREFS="STYLE2" HEIGHT="96" WIDTH="354" HPOS="983" VPOS="2771" CONTENT="Monsieur" WC="0.7" LANG="dan"/>
							<SP ID="SP117" WIDTH="36" HPOS="1337" VPOS="2771"/>
							<String ID="STRING138" STYLEREFS="STYLE2" HEIGHT="88" WIDTH="204" HPOS="1373" VPOS="2771" CONTENT="Lars," WC="0.82" LANG="dan"/>
							<SP ID="SP118" WIDTH="56" HPOS="1577" VPOS="2771"/>
							<String ID="STRING139" STYLEREFS="STYLE2" HEIGHT="74" WIDTH="78" HPOS="1633" VPOS="2793" CONTENT="og" WC="0.88" LANG="dan"/>
							<SP ID="SP119" WIDTH="34" HPOS="1711" VPOS="2793"/>
							<String ID="STRING140" STYLEREFS="STYLE2" HEIGHT="90" WIDTH="272" HPOS="1745" VPOS="2771" CONTENT="trykkede" WC="0.64" LANG="dan"/>
							<SP ID="SP120" WIDTH="42" HPOS="2017" VPOS="2771"/>
							<String ID="STRING141" STYLEREFS="STYLE2" HEIGHT="86" WIDTH="148" HPOS="2059" VPOS="2773" CONTENT="ham" WC="0.71" LANG="dan"/>
							<SP ID="SP121" WIDTH="40" HPOS="2207" VPOS="2773"/>
							<String ID="STRING142" STYLEREFS="STYLE2" HEIGHT="88" WIDTH="190" HPOS="2247" VPOS="2773" CONTENT="tillige" WC="0.89" LANG="dan"/>
							<SP ID="SP122" WIDTH="50" HPOS="2437" VPOS="2773"/>
							<String ID="STRING143" STYLEREFS="STYLE2" HEIGHT="56" WIDTH="70" HPOS="2487" VPOS="2791" CONTENT="en" WC="1" LANG="dan"/>
							<SP ID="SP123" WIDTH="32" HPOS="2557" VPOS="2791"/>
							<String ID="STRING144" STYLEREFS="STYLE2" HEIGHT="88" WIDTH="140" HPOS="2589" VPOS="2769" CONTENT="Tut" WC="0.61" LANG="dan"/>
						</TextLine>
						<TextLine ID="LINE22" HEIGHT="96" WIDTH="1746" HPOS="983" VPOS="2871">
							<String ID="STRING145" STYLEREFS="STYLE2" HEIGHT="76" WIDTH="26" HPOS="983" VPOS="2873" CONTENT="i" WC="0.66" LANG="dan"/>
							<SP ID="SP124" WIDTH="30" HPOS="1009" VPOS="2873"/>
							<String ID="STRING146" STYLEREFS="STYLE2" HEIGHT="92" WIDTH="360" HPOS="1039" VPOS="2875" CONTENT="Haanden." WC="0.82" LANG="dan"/>
							<SP ID="SP125" WIDTH="112" HPOS="1399" VPOS="2875"/>
							<String ID="STRING147" STYLEREFS="STYLE2" HEIGHT="92" WIDTH="168" HPOS="1511" VPOS="2875" CONTENT="Han" WC="0.87" LANG="dan"/>
							<SP ID="SP126" WIDTH="68" HPOS="1679" VPOS="2875"/>
							<String ID="STRING148" STYLEREFS="STYLE2" HEIGHT="70" WIDTH="496" HPOS="1747" VPOS="2879" CONTENT="recomenderede" WC="0.78" LANG="dan"/>
							<SP ID="SP127" WIDTH="56" HPOS="2243" VPOS="2879"/>
							<String ID="STRING149" STYLEREFS="STYLE2" HEIGHT="92" WIDTH="90" HPOS="2299" VPOS="2871" CONTENT="sig" WC="0.35" LANG="dan"/>
							<SP ID="SP128" WIDTH="58" HPOS="2389" VPOS="2871"/>
							<String ID="STRING150" STYLEREFS="STYLE2" HEIGHT="66" WIDTH="142" HPOS="2447" VPOS="2881" CONTENT="med" WC="0.6" LANG="dan"/>
							<SP ID="SP129" WIDTH="64" HPOS="2589" VPOS="2881"/>
							<String ID="STRING151" STYLEREFS="STYLE2" HEIGHT="62" WIDTH="76" HPOS="2653" VPOS="2885" CONTENT="en" WC="1" LANG="dan"/>
						</TextLine>
						<TextLine ID="LINE23" HEIGHT="100" WIDTH="1750" HPOS="979" VPOS="2969">
							<String ID="STRING152" STYLEREFS="STYLE2" HEIGHT="82" WIDTH="192" HPOS="979" VPOS="2969" CONTENT="krum" WC="0.51" LANG="dan"/>
							<SP ID="SP130" WIDTH="44" HPOS="1171" VPOS="2969"/>
							<String ID="STRING153" STYLEREFS="STYLE2" HEIGHT="94" WIDTH="208" HPOS="1215" VPOS="2971" CONTENT="Ryg," WC="0.51" LANG="dan"/>
							<SP ID="SP131" WIDTH="56" HPOS="1423" VPOS="2971"/>
							<String ID="STRING154" STYLEREFS="STYLE2" HEIGHT="74" WIDTH="80" HPOS="1479" VPOS="2995" CONTENT="og" WC="1" LANG="dan"/>
							<SP ID="SP132" WIDTH="34" HPOS="1559" VPOS="2995"/>
							<String ID="STRING155" STYLEREFS="STYLE2" HEIGHT="80" WIDTH="160" HPOS="1593" VPOS="2971" CONTENT="Lars" WC="0.73" LANG="dan"/>
							<SP ID="SP133" WIDTH="34" HPOS="1753" VPOS="2971"/>
							<String ID="STRING156" STYLEREFS="STYLE2" HEIGHT="68" WIDTH="342" HPOS="1787" VPOS="2981" CONTENT="meddelede" WC="0.76" LANG="dan"/>
							<SP ID="SP134" WIDTH="38" HPOS="2129" VPOS="2981"/>
							<String ID="STRING157" STYLEREFS="STYLE2" HEIGHT="92" WIDTH="154" HPOS="2167" VPOS="2973" CONTENT="ham" WC="0.89" LANG="dan"/>
							<SP ID="SP135" WIDTH="42" HPOS="2321" VPOS="2973"/>
							<String ID="STRING158" STYLEREFS="STYLE2" HEIGHT="60" WIDTH="56" HPOS="2363" VPOS="2987" CONTENT="et" WC="0.66" LANG="dan"/>
							<SP ID="SP136" WIDTH="40" HPOS="2419" VPOS="2987"/>
							<String ID="STRING159" STYLEREFS="STYLE2" HEIGHT="84" WIDTH="270" HPOS="2459" VPOS="2981" CONTENT="naadigt" WC="0.69" LANG="dan"/>
						</TextLine>
						<TextLine ID="LINE24" HEIGHT="102" WIDTH="1758" HPOS="977" VPOS="3065">
							<String ID="STRING160" STYLEREFS="STYLE2" HEIGHT="80" WIDTH="260" HPOS="977" VPOS="3071" CONTENT="Smiil." WC="0.8" LANG="dan"/>
							<SP ID="SP137" WIDTH="110" HPOS="1237" VPOS="3071"/>
							<String ID="STRING161" STYLEREFS="STYLE2" HEIGHT="80" WIDTH="172" HPOS="1347" VPOS="3073" CONTENT="Men" WC="0.89" LANG="dan"/>
							<SP ID="SP138" WIDTH="46" HPOS="1519" VPOS="3073"/>
							<String ID="STRING162" STYLEREFS="STYLE2" HEIGHT="94" WIDTH="126" HPOS="1565" VPOS="3073" CONTENT="han" WC="0.89" LANG="dan"/>
							<SP ID="SP139" WIDTH="48" HPOS="1691" VPOS="3073"/>
							<String ID="STRING163" STYLEREFS="STYLE2" HEIGHT="78" WIDTH="246" HPOS="1739" VPOS="3073" CONTENT="tænkte:" WC="0.64" LANG="dan"/>
							<SP ID="SP140" WIDTH="62" HPOS="1985" VPOS="3073"/>
							<String ID="STRING164" STYLEREFS="STYLE2" HEIGHT="70" WIDTH="106" HPOS="2047" VPOS="3079" CONTENT="der" WC="0.74" LANG="dan"/>
							<SP ID="SP141" WIDTH="46" HPOS="2153" VPOS="3079"/>
							<String ID="STRING165" STYLEREFS="STYLE2" HEIGHT="76" WIDTH="198" HPOS="2199" VPOS="3073" CONTENT="bliver" WC="0.63" LANG="dan"/>
							<SP ID="SP142" WIDTH="44" HPOS="2397" VPOS="3073"/>
							<String ID="STRING166" STYLEREFS="STYLE4" HEIGHT="73" WIDTH="171" HPOS="2441" VPOS="3071" CONTENT="intet" WC="0.85" LANG="dan"/>
							<SP ID="SP143" WIDTH="47" HPOS="2612" VPOS="3071"/>
							<String ID="STRING167" STYLEREFS="STYLE2" HEIGHT="98" WIDTH="76" HPOS="2659" VPOS="3065" CONTENT="af" WC="0.64" LANG="dan"/>
						</TextLine>
						<TextLine ID="LINE25" HEIGHT="100" WIDTH="1748" HPOS="975" VPOS="3169">
							<String ID="STRING168" STYLEREFS="STYLE2" HEIGHT="74" WIDTH="206" HPOS="975" VPOS="3175" CONTENT="denne" WC="1" LANG="dan"/>
							<SP ID="SP144" WIDTH="58" HPOS="1181" VPOS="3175"/>
							<String ID="STRING169" STYLEREFS="STYLE2" HEIGHT="98" WIDTH="252" HPOS="1239" VPOS="3171" CONTENT="Gang;" WC="0.85" LANG="dan"/>
							<SP ID="SP145" WIDTH="58" HPOS="1491" VPOS="3171"/>
							<String ID="STRING170" STYLEREFS="STYLE2" HEIGHT="90" WIDTH="86" HPOS="1549" VPOS="3175" CONTENT="thi" WC="0.51" LANG="dan"/>
							<SP ID="SP146" WIDTH="38" HPOS="1635" VPOS="3175"/>
							<String ID="STRING171" STYLEREFS="STYLE2" HEIGHT="94" WIDTH="92" HPOS="1673" VPOS="3173" CONTENT="jeg" WC="0.89" LANG="dan"/>
							<SP ID="SP147" WIDTH="48" HPOS="1765" VPOS="3173"/>
							<String ID="STRING172" STYLEREFS="STYLE2" HEIGHT="96" WIDTH="118" HPOS="1813" VPOS="3173" CONTENT="har" WC="0.63" LANG="dan"/>
							<SP ID="SP148" WIDTH="42" HPOS="1931" VPOS="3173"/>
							<String ID="STRING173" STYLEREFS="STYLE2" HEIGHT="96" WIDTH="446" HPOS="1973" VPOS="3169" CONTENT="Bestallingen" WC="0.75" LANG="dan"/>
							<SP ID="SP149" WIDTH="38" HPOS="2419" VPOS="3169"/>
							<String ID="STRING174" STYLEREFS="STYLE2" HEIGHT="74" WIDTH="18" HPOS="2457" VPOS="3171" CONTENT="i" WC="1" LANG="dan"/>
							<SP ID="SP150" WIDTH="46" HPOS="2475" VPOS="3171"/>
							<String ID="STRING175" STYLEREFS="STYLE2" HEIGHT="96" WIDTH="202" HPOS="2521" VPOS="3169" CONTENT="Loca;" WC="0.69" LANG="dan"/>
						</TextLine>
						<TextLine ID="LINE26" HEIGHT="100" WIDTH="1760" HPOS="973" VPOS="3267">
							<String ID="STRING176" STYLEREFS="STYLE2" HEIGHT="58" WIDTH="152" HPOS="973" VPOS="3289" CONTENT="men" WC="0.77" LANG="dan"/>
							<SP ID="SP151" WIDTH="34" HPOS="1125" VPOS="3289"/>
							<String ID="STRING177" STYLEREFS="STYLE2" HEIGHT="94" WIDTH="460" HPOS="1159" VPOS="3271" CONTENT="Suplicanten" WC="0.74" LANG="dan"/>
							<SP ID="SP152" WIDTH="36" HPOS="1619" VPOS="3271"/>
							<String ID="STRING178" STYLEREFS="STYLE2" HEIGHT="60" WIDTH="156" HPOS="1655" VPOS="3291" CONTENT="kørte" WC="0.77" LANG="dan"/>
							<SP ID="SP153" WIDTH="42" HPOS="1811" VPOS="3291"/>
							<String ID="STRING179" STYLEREFS="STYLE2" HEIGHT="82" WIDTH="284" HPOS="1853" VPOS="3271" CONTENT="Sveden" WC="0.76" LANG="dan"/>
							<SP ID="SP154" WIDTH="48" HPOS="2137" VPOS="3271"/>
							<String ID="STRING180" STYLEREFS="STYLE2" HEIGHT="94" WIDTH="78" HPOS="2185" VPOS="3269" CONTENT="af" WC="0.78" LANG="dan"/>
							<SP ID="SP155" WIDTH="22" HPOS="2263" VPOS="3269"/>
							<String ID="STRING181" STYLEREFS="STYLE2" HEIGHT="98" WIDTH="322" HPOS="2285" VPOS="3269" CONTENT="Panden," WC="0.83" LANG="dan"/>
							<SP ID="SP156" WIDTH="50" HPOS="2607" VPOS="3269"/>
							<String ID="STRING182" STYLEREFS="STYLE2" HEIGHT="92" WIDTH="76" HPOS="2657" VPOS="3267" CONTENT="af" WC="1" LANG="dan"/>
						</TextLine>
						<TextLine ID="LINE27" HEIGHT="104" WIDTH="1752" HPOS="969" VPOS="3365">
							<String ID="STRING183" STYLEREFS="STYLE2" HEIGHT="72" WIDTH="128" HPOS="969" VPOS="3373" CONTENT="den" WC="0.75" LANG="dan"/>
							<SP ID="SP157" WIDTH="56" HPOS="1097" VPOS="3373"/>
							<String ID="STRING184" STYLEREFS="STYLE2" HEIGHT="94" WIDTH="248" HPOS="1153" VPOS="3373" CONTENT="Umage" WC="0.75" LANG="dan"/>
							<SP ID="SP158" WIDTH="50" HPOS="1401" VPOS="3373"/>
							<String ID="STRING185" STYLEREFS="STYLE2" HEIGHT="98" WIDTH="128" HPOS="1451" VPOS="3371" CONTENT="han" WC="0.82" LANG="dan"/>
							<SP ID="SP159" WIDTH="58" HPOS="1579" VPOS="3371"/>
							<String ID="STRING186" STYLEREFS="STYLE2" HEIGHT="86" WIDTH="202" HPOS="1637" VPOS="3375" CONTENT="havde" WC="0.7" LANG="dan"/>
							<SP ID="SP160" WIDTH="60" HPOS="1839" VPOS="3375"/>
							<String ID="STRING187" STYLEREFS="STYLE2" HEIGHT="92" WIDTH="166" HPOS="1899" VPOS="3375" CONTENT="giort" WC="0.76" LANG="dan"/>
							<SP ID="SP161" WIDTH="56" HPOS="2065" VPOS="3375"/>
							<String ID="STRING188" STYLEREFS="STYLE2" HEIGHT="96" WIDTH="92" HPOS="2121" VPOS="3371" CONTENT="sig" WC="0.36" LANG="dan"/>
							<SP ID="SP162" WIDTH="52" HPOS="2213" VPOS="3371"/>
							<String ID="STRING189" STYLEREFS="STYLE2" HEIGHT="66" WIDTH="140" HPOS="2265" VPOS="3381" CONTENT="med" WC="0.65" LANG="dan"/>
							<SP ID="SP163" WIDTH="50" HPOS="2405" VPOS="3381"/>
							<String ID="STRING190" STYLEREFS="STYLE2" HEIGHT="94" WIDTH="90" HPOS="2455" VPOS="3371" CONTENT="sin" WC="0.91" LANG="dan"/>
							<SP ID="SP164" WIDTH="41" HPOS="2545" VPOS="3371"/>
							<String ID="STRING191" STYLEREFS="STYLE4" HEIGHT="84" WIDTH="135" HPOS="2586" VPOS="3365" CONTENT="Res" SUBS_TYPE="HypPart1" SUBS_CONTENT="Rescontendation," WC="0.75" LANG="dan"/>
							<HYP CONTENT="-"/>
						</TextLine>
						<TextLine ID="LINE28" HEIGHT="104" WIDTH="1748" HPOS="971" VPOS="3469">
							<String ID="STRING192" STYLEREFS="STYLE4" HEIGHT="96" WIDTH="473" HPOS="971" VPOS="3475" CONTENT="contendation," SUBS_TYPE="HypPart2" SUBS_CONTENT="Rescontendation," WC="0.86" LANG="dan"/>
							<SP ID="SP165" WIDTH="33" HPOS="1444" VPOS="3475"/>
							<String ID="STRING193" STYLEREFS="STYLE2" HEIGHT="76" WIDTH="84" HPOS="1477" VPOS="3497" CONTENT="og" WC="0.64" LANG="dan"/>
							<SP ID="SP166" WIDTH="30" HPOS="1561" VPOS="3497"/>
							<String ID="STRING194" STYLEREFS="STYLE2" HEIGHT="98" WIDTH="98" HPOS="1591" VPOS="3473" CONTENT="gik" WC="0.35" LANG="dan"/>
							<SP ID="SP167" WIDTH="22" HPOS="1689" VPOS="3473"/>
							<String ID="STRING195" STYLEREFS="STYLE2" HEIGHT="100" WIDTH="300" HPOS="1711" VPOS="3473" CONTENT="skottende" WC="0.67" LANG="dan"/>
							<SP ID="SP168" WIDTH="28" HPOS="2011" VPOS="3473"/>
							<String ID="STRING196" STYLEREFS="STYLE2" HEIGHT="104" WIDTH="104" HPOS="2039" VPOS="3469" CONTENT="fra" WC="0.57" LANG="dan"/>
							<SP ID="SP169" WIDTH="30" HPOS="2143" VPOS="3469"/>
							<String ID="STRING197" STYLEREFS="STYLE2" HEIGHT="74" WIDTH="72" HPOS="2173" VPOS="3481" CONTENT="de" WC="0.62" LANG="dan"/>
							<SP ID="SP170" WIDTH="22" HPOS="2245" VPOS="3481"/>
							<String ID="STRING198" STYLEREFS="STYLE2" HEIGHT="86" WIDTH="224" HPOS="2267" VPOS="3481" CONTENT="andre," WC="0.56" LANG="dan"/>
							<SP ID="SP171" WIDTH="34" HPOS="2491" VPOS="3481"/>
							<String ID="STRING199" STYLEREFS="STYLE2" HEIGHT="76" WIDTH="194" HPOS="2525" VPOS="3487" CONTENT="meget" WC="0.77" LANG="dan"/>
						</TextLine>
					</TextBlock>
					<TextBlock xs:type="TextBlockType" ID="ZONE1172987" HEIGHT="60" WIDTH="126" HPOS="2593" VPOS="3589" xlink:type="simple">
						<TextLine ID="LINE29" HEIGHT="60" WIDTH="126" HPOS="2593" VPOS="3589">
							<String ID="STRING200" STYLEREFS="STYLE2" HEIGHT="60" WIDTH="126" HPOS="2593" VPOS="3589" CONTENT="roe-" WC="0.72" LANG="dan"/>
						</TextLine>
					</TextBlock>
				</ComposedBlock>
			</PrintSpace>
		</Page>
	</Layout>
</alto>
