2960 4624
1876 454 88 52 21

215 609 197 97 roelig
449 610 163 85 bort.
719 616 127 87 De
885 624 197 72 andre
1133 621 169 81 biede
1343 626 109 90 jaa
1491 625 233 98 længe,
1777 631 185 77 indtil

216 715 76 72 de
342 718 272 88 omsider
662 716 140 80 blev
846 715 186 80 kiæde
1078 721 198 93 deraf.
1390 722 108 83 En
1570 728 204 81 iblant
1816 737 140 72 dem

205 815 156 91 alle,
430 812 205 96 havde
691 822 194 74 allene
951 815 522 103 Taalmodighed
1539 826 138 78 nok.

344 1007 142 99 Jeg
536 1013 140 81 blev
720 1017 360 92 nysgierrig
1112 1011 102 94 for
1256 1034 70 68 at
1360 1019 93 89 see
1500 1043 104 58 om
1646 1024 94 91 jeg
1790 1025 126 82 hav-

196 1108 75 75 de
319 1114 230 89 gicettet
601 1117 234 93 rigtig,
887 1137 80 73 og
1013 1125 190 83 gneed
1239 1118 210 94 derfor
1481 1143 132 70 paa
1651 1124 292 98 Kuglen,

193 1204 301 98 hvorpaa
541 1211 97 96 jeg
695 1214 199 77 kunde
937 1219 229 88 tydelig
1217 1217 123 93 fee,
1407 1240 67 57 ar
1523 1223 127 91 han
1691 1224 249 78 tænkt-et

192 1304 152 81 Gid
388 1308 96 98 jeg
534 1321 122 84 dog
708 1312 200 80 kunde
954 1309 154 99 faae
1158 1325 118 66 den
1324 1316 314 96 Regning
1686 1326 194 76 betalt
1912 1330 20 72 i

184 1402 221 98 Dag!
477 1432 138 55 men
653 1413 128 91 han
836 1411 201 92 havde
1089 1432 194 71 neppe
1323 1419 190 76 tænkt
1547 1429 198 82 deite,
1801 1419 104 94 sor-

183 1513 121 68 end
355 1505 163 82 Lars
573 1509 143 79 kom
771 1521 119 80 ud,
949 1535 77 69 og
1081 1517 259 84 trøstede
1389 1518 147 93 ham
1597 1528 139 69 med
1787 1521 143 97 disse

176 1600 196 83 Ord:
444 1606 112 89 Dl
600 1607 390 93 Nye-Aar,
1045 1610 119 91 skal
1238 1618 136 72 min
1446 1615 212 92 Herre
1722 1623 204 75 betale

176 1698 177 85 Eder
402 1704 405 98 Regningen.
914 1709 167 93 Han
1125 1727 245 60 maatte
1441 1721 242 81 derpaa
1731 1739 188 72 gaae,

171 1798 97 95 jeg
317 1804 87 76 vil
457 1815 247 77 vædde,
777 1823 69 58 at
897 1805 125 90 han
1073 1824 121 57 var
1237 1810 229 92 ligesaa
1511 1814 219 95 roelig,
1785 1815 133 92 som

168 1904 116 73 den
338 1909 106 67 der
494 1901 282 94 trykkede
824 1903 164 82 LarS
1030 1924 72 54 en
1140 1901 142 88 Tur
1316 1912 18 74 i
1380 1906 280 81 Næven.

307 2095 141 99 Fra
477 2098 701 85 Audiens-Gemakket
1213 2110 193 87 gneed
1475 2109 95 93 jeg
1621 2108 133 93 mig
1793 2109 115 77 ind

154 2201 120 72 ved
310 2215 54 59 et
396 2196 354 96 Natbord,
822 2203 160 88 hvor
1034 2204 96 93 jeg
1176 2203 138 88 saae
1358 2218 54 61 et
1450 2224 160 74 ungt
1650 2206 222 95 Fruen-

151 2296 298 94 timmer,
501 2307 142 68 med
673 2320 218 73 megen
934 2303 247 92 Umage
1211 2318 70 62 at
1335 2322 192 73 pyme
1560 2306 131 94 sig;
1742 2305 163 78 Klo«

149 2390 111 78 ken
291 2415 123 57 var
445 2400 259 76 allerede
737 2418 147 57 over
917 2423 107 49 11.
1133 2399 405 92 Chocoladen
1579 2408 135 73 blev
1743 2404 129 78 baa-

145 2507 95 60 ret
280 2495 130 77 ind.
518 2497 170 92 Hun
720 2497 158 78 drak
914 2504 140 70 med
1100 2520 216 71 megen
1362 2498 534 97 Misfornøyelse.

144 2590 175 93 Hun
387 2595 252 88 tænkte,
720 2604 115 70 den
897 2617 164 73 unge
1122 2597 179 98 Herr
1354 2600 151 37 *"*
1578 2602 119 94 har
1760 2603 133 92 holt

139 2690 105 94 flet
269 2689 159 84 Ord
467 2694 17 72 i
515 2695 217 95 Dag,
781 2698 129 95 han
949 2698 189 95 vidste
1177 2711 163 83 dog,
1389 2718 69 61 at
1493 2707 99 73 det
1611 2720 121 61 var
1767 2711 119 69 den

136 2788 362 100 behagelige
544 2793 152 90 Tid.

281 2995 139 90 Jeg
469 3012 123 59 var
629 2995 361 97 nysgierrig
1039 2994 103 92 for
1193 3013 69 65 at
1317 2998 177 93 vide,
1565 2998 173 94 hvad
1787 3005 101 75 det

124 3111 128 65 var
292 3093 100 90 for
426 3114 74 54 en
522 3115 132 72 ung
682 3096 232 92 Herre.
1018 3096 138 96 Jeg
1190 3108 192 83 gneed
1406 3119 134 70 paa
1576 3102 134 73 min
1728 3097 122 80 Ku-

121 3200 138 90 gel,
313 3213 78 71 og
434 3190 135 86 faae
604 3195 151 82 ham
790 3199 155 90 ligge
977 3216 130 74 paa
1126 3197 213 91 Knæ,
1394 3198 101 93 for
1527 3219 70 53 en
1625 3204 222 71 aldren-

119 3302 77 70 de
245 3289 213 97 Enke,
527 3293 127 86 som
705 3300 269 73 leverede
1035 3298 155 90 ham
1257 3318 71 58 en
1381 3299 201 95 deylig
1623 3296 247 94 spækket

112 3394 238 96 Pung.
458 3390 168 97 Han
690 3393 244 78 tænkte:
1004 3404 90 70 du
1162 3399 118 77 bør
1336 3398 196 81 betale
1584 3400 132 93 mig
1752 3407 120 69 den

112 3494 137 90 Dd
282 3487 105 103 jch
412 3490 225 98 spilder
674 3494 119 100 hos
829 3495 132 78 min
1012 3496 309 101 Deylige.

855 3593 87 84 B
997 3620 35 72 z
1677 3594 175 101 Han
