2960 4624
1730 510 104 91 15

147 689 69 73 Se
261 678 219 97 hellere
527 683 165 79 vilde
741 687 157 91 dse,
983 696 115 72 end
1149 708 161 64 være
1359 688 485 103 Fcrpagterens

144 811 167 85 Nar
339 821 142 75 «ker
504 813 255 98 Slave,
779 818 228 95 hvilket
1023 841 62 59 er
1105 830 98 72 det
1223 821 230 94 samme
1477 831 128 91 som
1623 832 218 83 Skor»

142 949 302 96 lemester:
492 948 130 87 De
652 950 204 96 havde
902 959 196 90 glemt
1128 954 354 87 Baronen.

939 1087 105 78 B.

348 1179 215 103 Hvad
598 1201 125 63 var
758 1189 99 78 det
884 1194 83 75 da
1002 1185 99 98 for
1134 1208 71 63 en
1234 1187 463 108 Informator,
1716 1198 129 98 som

149 1331 107 83 tog
287 1327 87 72 ud
409 1318 69 80 til
515 1319 205 90 ham?

936 1417 83 84 R

359 1513 139 100 Jeg
531 1513 117 96 har
683 1516 105 95 seet
825 1518 173 92 hans
1027 1519 489 91 Testimonium.
1671 1531 177 99 Han

152 1655 137 79 blev
332 1650 271 92 refereret
636 1668 59 58 ro
714 1649 245 97 Gange
1002 1657 69 77 til
1106 1652 289 97 Examen
1434 1659 379 103 Philosophi-

152 1808 186 69 cum,
367 1807 79 71 og
481 1798 89 63 tre
603 1782 243 97 Gange
889 1786 67 77 til
985 1785 339 96 Attestats.
1479 1791 127 85 Nu
1648 1819 62 59 er
1751 1810 97 73 det

157 1923 224 95 sandt,
415 1936 68 58 at
515 1935 274 76 mangen
824 1916 313 86 Dosmer
1188 1921 119 81 kan
1358 1922 139 95 faae
1523 1904 289 132 Laudabi-

156 2043 124 91 cem
340 2053 70 77 til
472 2047 142 96 bisse
650 2048 363 99 Examina;
1064 2074 140 59 men
1248 2063 100 73 det
1392 2079 190 61 maae
1630 2076 210 71 endnu

159 2207 165 61 være
363 2204 71 60 en
481 2182 197 93 større
731 2179 357 105 Dosmer,
1157 2189 129 92 som
1339 2190 121 83 ikke
1529 2192 123 83 kan
1701 2196 141 98 faae

160 2318 433 86 Laudabilem.

945 2417 105 82 B.

362 2513 161 99 Hør
560 2513 171 95 hvad
782 2517 93 95 jeg
908 2516 119 95 har
1064 2516 165 98 hørt.
1363 2522 118 83 4M

161 2649 181 101 skaffe
377 2646 293 86 Skrive«
695 2646 341 97 Frieheden
1089 2672 131 74 paa
1265 2660 101 76 det

165 2804 72 62 at
274 2789 265 76 imellem
578 2779 229 94 skrives
839 2801 182 78 noget
1053 2784 318 100 enfoldigt.

164 2918 316 98 Persiens
515 2913 333 95 Monark,
901 2914 317 100 foragtede
1262 2922 122 79 ikke
1417 2919 273 94 saaledes

163 3052 230 94 foldige
413 3046 246 85 Raad:
715 3045 168 100 Han
911 3053 186 93 roeste
1129 3060 138 72 dem
1301 3057 361 98 rvertimod,
1685 3082 165 63 naar

164 3192 71 70 de
268 3203 155 58 vare
456 3183 369 89 velmeente,
872 3202 75 75 og
994 3183 221 97 sagde,
1258 3204 71 60 at
1378 3209 71 56 en
1482 3191 171 96 ærlig

165 3314 317 96 foldighed
529 3331 123 60 var
699 3313 435 101 priisværbig.
1293 3318 169 81 Men
1507 3324 171 90 hvad

167 3471 160 62 man
364 3449 171 89 sige?
582 3441 109 91 En
726 3447 403 90 Souverain
