2968 4624
1060 637 101 64 nu
1203 615 126 83 kan
1378 633 147 83 tage
1577 616 102 103 fat
1740 650 130 73 paa
1934 636 198 81 denne
2178 636 322 107 Menings
2548 649 196 87 Rime-

1064 716 256 99 lighed,
1390 721 176 95 hvad
1622 745 62 61 er
1742 734 84 76 da
1888 749 164 67 mere
2095 740 372 103 urimeligt,
2529 756 113 77 end
2699 774 65 62 at

1060 821 84 76 Le
1186 812 246 102 ferreste
1476 820 374 102 Mennesker
1893 852 237 82 antage
2171 846 178 78 den?
2459 847 168 82 Men
2667 858 94 78 det

1061 917 214 94 pleyer
1321 914 282 97 saaledes
1663 927 182 95 stedse
1919 951 68 65 at
2045 959 162 73 gaae
2267 945 70 79 til
2391 947 20 79 i
2469 947 290 89 Verden.

1063 1010 184 88 Den
1288 1015 309 103 enfoldige
1645 1025 350 105 Sandhed
2045 1037 198 87 bliver
2287 1043 221 101 beleet,
2551 1049 179 101 forag-

1062 1129 130 82 ret,
1259 1112 305 108 forhadt,
1642 1127 254 99 straffet.
2078 1136 130 88 De
2272 1150 486 99 allerdummeste

1064 1210 214 99 Sogne
1324 1216 194 97 høres
1562 1232 140 73 med
1748 1230 216 98 største
2004 1234 138 101 Lyst
2191 1263 80 78 og
2316 1243 315 104 Biefald,
2679 1274 72 76 og

1059 1310 185 86 -Øret
1288 1315 232 83 kildres
1568 1326 267 100 derved;
1905 1338 67 86 ja
2011 1334 259 99 Hjerter
2325 1350 19 74 i
2393 1356 76 71 os
2525 1349 226 98 hopper

1059 1429 99 61 ret
1201 1410 78 95 af
1311 1416 254 86 Glæde.
1681 1422 128 89 De
1857 1434 204 98 elftes,
2109 1439 328 102 belønnes,
2481 1449 266 85 tilbedes.

1061 1508 250 102 Endog
1377 1517 18 77 i
1463 1523 120 77 den
1652 1529 397 102 almindelige
2115 1543 246 97 daglige
2433 1545 313 103 Omgang

1057 1612 130 90 seer
1232 1632 198 81 man,
1476 1637 69 64 at
1591 1618 346 111 Sandhed
1980 1656 62 61 er
2084 1634 288 106 forhadt,
2420 1665 66 62 at
2522 1649 198 99 Løgne-

1058 1731 116 60 ren
1218 1716 308 97 derimod,
1578 1720 676 103 Smiger-Broderen
2297 1750 139 77 eller
2464 1747 252 100 Fiatteu-

1055 1831 119 60 ren
1218 1813 200 85 bliver
1463 1819 202 101 elfter;
1717 1833 200 93 endog
1968 1831 106 95 saa
2118 1839 179 100 høyt,
2339 1861 69 65 at
2453 1847 129 99 han
2627 1859 114 75 ved

1053 1910 87 99 sit
1177 1913 309 99 Flatterie
1527 1928 192 78 allene
1759 1926 120 81 kan
1927 1929 254 96 fortiene
2223 1962 228 78 mange
2490 1955 221 89 prægti-

1053 2031 76 74 ge
1171 2016 410 98 Maaltider,
1646 2046 81 76 og
1788 2028 125 97 ofte
1967 2039 226 80 derved
2234 2043 173 92 giore
2445 2047 94 93 sin
2583 2048 156 95 heele

1046 2110 275 99 rimelige
1385 2114 328 100 Velfærd.
1870 2129 426 108 Besynderlig
2350 2165 60 59 er
2474 2154 96 74 det
2612 2157 118 75 ved

1046 2207 348 105 Hofferne,
1438 2236 70 64 at
1538 2219 174 99 Løgn
1748 2232 162 85 (eller
1951 2245 391 82 nyemodens
2382 2248 144 95 talt)
2552 2246 150 99 Flat-

1040 2312 154 81 rerie
1240 2314 220 91 holder
1500 2322 76 95 sit
1611 2321 467 97 altformuende
2100 2335 277 100 Septer,
2423 2366 78 74 og
2546 2345 158 99 hvor-

1038 2409 112 95 fra
1192 2411 349 105 Sandhed
1605 2445 64 60 er
1725 2428 168 96 jaget
1939 2435 18 78 i
2003 2454 72 60 en
2129 2441 138 96 evig
2311 2440 394 105 Landflygtig-

1041 2509 146 94 hed.
1291 2513 274 101 Derfor
1605 2525 158 96 siger
1805 2528 294 100 Poeten:

1253 2617 202 70 Exeat
1496 2646 79 44 ex
1608 2629 161 80 aula,
1816 2634 109 85 qui
1976 2638 175 67 volet
2192 2636 121 74 effe
2354 2648 167 94 pius.
2578 2675 53 46 2:

2507 2699 14 16 .

1134 2706 220 107 Den,
1412 2716 130 95 som
1588 2725 116 95 har
1744 2724 264 100 Dyden
2058 2734 158 98 kier,
2274 2737 102 97 fra
2418 2743 308 104 Hofferne

2103 2857 155 62 maa
2307 2862 194 79 gaae;

1128 2906 140 104 Thi
1334 2915 273 104 Hostets
1651 2922 248 99 Væsen
1961 2932 118 82 kan
2145 2945 140 74 med
2327 2938 264 100 Dyden
2649 2971 70 79 ey

2233 3038 258 99 bestaae.

2477 3108 14 16 .

1019 3103 185 105 Dog
1251 3113 124 85 bør
1418 3141 157 61 man
1603 3124 225 101 haabe,
1870 3145 71 66 at
1969 3128 312 104 Hofferne
2310 3162 90 60 nu
2434 3148 252 95 omstun-

1012 3211 118 79 der
1168 3211 130 99 (jeg
1326 3236 210 68 mener
1564 3230 70 76 de
1652 3222 426 109 Europæifte)
2118 3237 20 75 i
2166 3235 456 107 Betragtning
2645 3245 75 97 af

1008 3309 110 77 det
1148 3312 164 95 hoye
1352 3317 289 103 Morale,
1690 3325 130 93 som
1861 3350 89 60 nu
1983 3341 245 75 overalt
2256 3338 152 96 lyser
2446 3345 18 77 i
2500 3341 184 87 Euro-

1005 3421 118 77 pa,
1164 3409 22 78 i
1212 3414 76 93 sit
1316 3410 176 101 fulde
1519 3421 334 103 Middags
1873 3428 216 99 Skin,
2135 3434 122 84 kan
2305 3438 210 97 forene
2535 3444 156 101 Hof-

1003 3497 320 104 Væsenet
1365 3540 82 78 og
1491 3519 286 106 Dyden,
1825 3529 382 101 Sandhed
2250 3559 83 76 og
2363 3541 306 83 Monar-

2526 3643 174 83 kens
