2968 4624
999 664 61 65 et
1099 655 198 74 andet
1340 645 380 107 Folkeflag,
1780 655 394 102 besynderlig
2221 670 153 76 mod
2419 673 179 92 dem,
2641 674 121 95 som

1002 748 165 96 have
1228 745 245 97 forladt
1532 752 219 87 Eders
1806 758 233 97 Secc,
2118 762 197 96 koster
2370 764 175 89 Eder
2602 775 153 89 imet.

1005 846 142 97 Jeg
1196 856 152 73 veed
1393 850 158 96 ikke,
1599 855 166 96 hvor
1789 860 111 97 jeg
1945 861 125 94 skar
2115 858 146 99 faae
2306 871 73 75 de
2421 866 332 109 Chrisne-I
2732 881 21 79 i

997 954 205 73 denne
1249 949 449 103 berømmelige
1745 955 237 89 Vane.
2115 962 253 101 Havde
2419 972 163 81 mine
2615 974 137 84 kiere

993 1064 85 76 og
1137 1046 292 100 troesaste
1466 1053 292 99 Jesuiter
1820 1059 260 91 beholdt
2140 1071 184 76 deres
2386 1062 170 97 fulde
2596 1073 132 99 Her-

994 1149 259 98 lighed,
1326 1157 85 74 da
1480 1155 209 94 havde
1746 1157 261 100 Sagen
2070 1171 103 74 vel
2236 1184 195 65 været
2486 1174 264 106 giorlig;

994 1250 100 87 thi
1150 1257 122 73 ved
1335 1252 143 95 disse
1537 1256 212 83 Karle
1809 1262 120 94 har
1981 1262 96 98 jeg
2139 1265 234 83 kundet
2414 1277 231 77 udrette
2684 1285 67 72 de

991 1353 349 93 allermees
1398 1334 386 112 fortvivlede
1829 1358 221 103 Ting;
2125 1384 147 62 men
2323 1373 119 75 den
2493 1372 253 101 Franste

994 1444 367 104 Vittighed
1408 1452 123 100 har
1569 1463 261 93 ødelagt
1886 1459 102 96 for
2047 1468 133 95 mig
2228 1472 194 76 denne
2463 1478 287 93 udvalgte

992 1548 383 102 Krigshær.
1532 1554 143 100 Jeg
1720 1566 155 77 veed
1918 1559 179 95 snart
2140 1567 167 96 ikke,
2362 1590 105 60 om
2504 1574 89 93 jeg
2638 1576 111 87 stal

984 1647 186 95 ansee
1197 1651 375 80 Voltaire
1614 1677 81 77 og
1741 1661 177 96 hans
1951 1664 228 99 Corps
2223 1666 102 96 for
2366 1671 157 79 mine
2563 1673 156 85 Ven-

983 1770 115 59 ner
1145 1756 139 76 eller
1329 1753 293 99 Fiender.
1779 1759 135 90 De
1961 1786 93 59 ere
2105 1775 99 73 vel
2249 1769 159 80 mine
2453 1769 291 101 Venner,

986 1846 105 94 for
1148 1850 257 92 saavidt
1464 1863 73 73 de
1594 1857 143 99 søge
1791 1884 72 59 at
1903 1872 297 88 udrydde
2243 1877 59 74 al
2344 1870 286 100 Religion
2669 1871 81 97 af

980 1947 309 103 Jorden;
1334 1977 149 60 men
1522 1964 159 76 dette
1718 1966 183 79 deres
1930 1964 319 101 Venskab
2286 1969 115 82 kan
2436 1971 115 82 ikke
2584 1995 121 75 gav-

981 2072 77 59 ne
1103 2052 134 97 mig
1280 2075 227 80 meget;
1567 2064 87 79 da
1699 2064 185 81 deres
1931 2064 250 101 Forsæt
2218 2077 199 92 aldrig
2455 2073 114 80 kan
2613 2075 94 92 lyk-

977 2149 131 82 kes.
1231 2153 173 86 Men
1451 2161 19 78 i
1521 2166 101 75 det
1665 2168 73 75 de
1783 2161 287 97 saaledes
2111 2172 215 89 stræbe
2365 2193 65 60 ac
2471 2174 161 98 giøre
2671 2177 63 79 al

976 2249 317 103 Religion
1352 2263 436 100 landflygtig,
1849 2271 149 94 giør
2054 2275 72 76 de
2185 2276 129 91 mig
2375 2294 72 59 en
2499 2275 99 83 vis
2655 2293 77 77 og

976 2351 313 101 betydelig
1338 2357 289 102 Skade;
1712 2367 93 92 thi
1866 2389 75 59 en
1984 2370 359 100 Mængde,
2398 2373 129 94 som
2566 2380 169 74 ellers

975 2456 212 97 aldrig
1233 2457 205 97 ffulde
1481 2461 173 91 have
1698 2468 217 95 tænkt,
1961 2468 182 95 faaer
2191 2476 224 88 herved
2461 2474 275 101 Hiernen

971 2555 251 98 aaben,
1269 2558 289 104 begynde
1601 2581 69 63 at
1719 2568 193 82 tænke
1957 2592 79 75 og
2081 2569 345 102 raisonere,
2493 2598 77 75 og
2611 2576 123 92 som

968 2661 77 74 de
1087 2656 126 97 ofte
1248 2660 169 98 have
1456 2665 185 82 bedre
1670 2663 269 108 Hierker
1975 2694 79 78 og
2093 2694 165 62 meer
2296 2677 154 95 sund
2482 2676 227 85 Skøn-

966 2753 263 95 fomhed
1278 2767 121 77 end
1444 2770 183 77 deres
1668 2768 255 102 Lærere,
1972 2774 165 81 blive
2180 2783 71 77 de
2292 2755 151 117 faste
2484 2783 115 75 ved
2638 2784 99 78 det

967 2853 407 106 Væsentlige
1416 2865 81 96 af
1527 2866 436 104 Religionen,
2012 2897 79 77 og
2134 2879 139 96 give
2318 2874 168 82 alene
2513 2876 218 96 Afsked

963 2958 71 78 til
1103 2959 429 88 Overtroens
1609 2967 421 100 Opfindelser
2109 2997 81 77 og
2255 2975 475 104 Fortælninger.

958 3055 135 88 De
1136 3060 285 101 Franske
1468 3067 363 87 Skionne-
1858 3073 270 86 Aander
2190 3078 161 90 have
2405 3079 197 96 oplyst
2660 3085 73 74 de

960 3155 271 102 Store,
1306 3172 73 74 de
1440 3166 249 100 Hoye,
1756 3179 73 77 de
1886 3173 325 102 Mægtige
2268 3201 79 75 og
2406 3177 331 103 Fyrsterne

957 3253 143 95 selv.
1207 3253 203 111 Disse
1457 3271 121 92 har
1619 3271 123 82 ikke
1794 3274 198 83 vildet
2036 3301 165 73 gaae
2247 3276 111 95 saa
2398 3283 159 92 vidt,
2601 3278 129 92 som

953 3377 77 59 en
1073 3365 95 65 1-2
1217 3369 249 70 Metrie
1509 3376 141 76 eller
1705 3380 213 75 anden
1977 3379 181 92 stærk
2199 3378 201 85 Aand
2455 3381 267 93 ønffede.

948 3455 133 88 De
1132 3462 165 96 have
1342 3473 171 76 ladet
1574 3474 90 94 sig
1707 3472 179 101 vove
1935 3483 144 75 med
2121 3497 71 65 ar
2238 3486 167 76 døde
2448 3479 281 102 Pavens

952 3557 251 101 Magr,
1264 3586 73 61 ar
1378 3574 299 92 udrydde
1718 3579 135 92 der,
1918 3574 133 94 som
2110 3598 125 64 var
2276 3579 103 98 for
2424 3598 195 77 meget
2660 3573 81 99 af

2513 3678 215 92 Mun-
