2833 4624
242 1338 296 239 De
581 1381 103 96 jeg
731 1394 199 80 gaaer
969 1387 253 81 vaagen
1263 1374 119 76 den
1425 1365 122 98 hele
1791 1380 137 78 paa

551 1509 489 96 Kiobenhavns
1093 1504 276 92 Gader,
1437 1497 109 94 faa
1599 1498 125 79 kan
1775 1499 159 76 intet

242 1681 167 60 være
432 1672 167 61 mere
634 1643 351 93 naturligt,
1032 1644 119 73 end
1194 1650 71 64 at
1307 1637 96 90 jeg
1447 1631 186 93 tillige
1661 1631 276 91 studerer

242 1805 121 70 den
394 1791 123 95 hele
550 1776 195 93 Nat,
776 1795 81 76 og
884 1770 149 95 efter
1064 1766 133 84 min
1232 1769 177 93 ringe
1437 1763 326 96 Forstand
1790 1760 147 94 gior

247 1940 232 78 mange
514 1912 274 100 Forflag
834 1910 139 73 eller
1006 1895 359 104 Prvjecter.
1423 1945 100 26 <—
1594 1892 347 84 Derimod

247 2063 123 78 kan
416 2049 344 81 indvendes
804 2056 234 76 mange
1066 2033 205 95 Ting.
1426 2028 198 100 Først
1654 2026 89 79 vil
1778 2041 163 61 man

249 2184 273 110 maaskee
549 2156 369 116 Paasaa
965 2186 73 62 at
1068 2163 370 101 Vægterne
1480 2162 140 95 sove
1664 2158 118 97 lige
1826 2156 117 94 faa

251 2340 199 75 meget
481 2313 133 82 som
649 2317 199 73 andre
877 2298 185 101 Folk.
1193 2295 165 83 Kan
1393 2290 121 81 nok
1549 2310 201 75 være;
1801 2309 149 61 men

253 2459 100 92 jeg
388 2470 63 62 er
479 2446 126 79 ikke
634 2440 79 91 af
735 2449 103 69 det
867 2437 245 90 Slags
1143 2424 337 98 Vægtere.
1603 2422 142 97 Jeg
1773 2421 155 97 hver-

258 2589 107 80 ken
404 2587 171 85 boer,
610 2581 171 84 sover
812 2573 133 75 eller
979 2559 638 101 holderVertshuus
1652 2577 133 71 paa
1814 2555 141 77 min

262 2717 197 101 Post.
562 2710 173 80 Men
766 2708 87 77 vil
886 2716 159 63 man
1066 2697 253 95 spørge:
1350 2692 333 92 hvorledes
1714 2688 123 79 kan
1866 2693 91 73 du

260 2859 276 91 studere,
562 2842 291 95 Vægter
875 2886 21 44 ,
946 2852 171 60 naar
1162 2839 93 69 bu
1286 2827 123 94 har
1444 2827 185 92 ingen
1660 2819 297 97 Bøger?

261 2983 319 88 dasvarer
606 2975 98 96 jeg
724 2975 310 93 stråledes-
1070 2969 100 90 jeg
1196 2961 122 95 har
1350 2956 206 80 kiendt
1591 2974 233 73 mange
1852 2954 114 89 saa

265 3121 201 80 kaldte
511 3113 249 88 Lærde,
809 3110 201 88 endog
1039 3096 401 98 Magistrer,
1493 3094 127 87 som
1665 3093 143 71 med
1847 3089 121 73 alle

267 3261 184 73 deres
483 3245 241 93 Bøger
755 3253 130 81 dog
925 3257 95 58 ere
1061 3227 355 100 forekomne
1445 3223 133 93 mig
1607 3224 127 83 som
1761 3213 179 85 Dos-

272 3407 187 59 mere.
613 3377 164 81 Kan
822 3393 159 57 man
1030 3385 89 60 nu
1167 3366 162 79 blive
1364 3382 75 56 en
1473 3354 319 84 Dosmer
1825 3350 143 76 med

274 3523 125 97 hele
418 3517 231 86 Stuer
684 3506 163 101 fulde
878 3500 175 100 smuk
1084 3501 387 87 indbundne,
1491 3490 156 97 store
1680 3502 81 73 og
1794 3477 177 96 tykke

1024 3636 60 97 X
1154 3656 43 51 2
1682 3615 291 96 Boger;
