2960 4624
226 558 174 85 Mm
418 559 364 96 Misdøm,
804 561 130 94 som
968 584 62 60 er
1052 562 302 99 Dydens
1380 563 172 87 Ven
1580 584 80 79 og
1674 565 300 105 Broder,

331 729 194 96 Hvis
581 728 214 84 Raad
845 749 66 60 er
957 732 158 80 altid
1161 730 302 97 Dydens
1505 733 372 96 Rettesnoer

231 894 107 99 Ey
371 897 201 81 kunde
617 898 115 78 lide
777 897 369 95 Dumheds
1190 907 188 88 galne
1427 900 261 103 Noder,

336 1065 127 82 Udi
512 1063 149 99 hvis
708 1063 213 86 Snak
960 1086 69 76 ey
1060 1068 257 97 mindste
1362 1065 325 99 Klogskab
1738 1073 137 87 bor.

233 1276 179 87 Den
453 1280 151 78 talte
639 1275 209 98 derfor
901 1286 141 72 med
1089 1284 117 74 den
1255 1277 185 96 sande
1481 1282 195 95 ZEre,

336 1443 232 98 (Som
620 1444 176 96 hørte
822 1443 148 101 den)
1010 1462 106 64 om
1158 1446 468 104 Flittighedens
1672 1453 208 95 Søn;

235 1610 92 88 At
369 1621 118 72 den
521 1612 310 93 undseelig
873 1631 122 61 var
1015 1662 22 46 ,
1089 1610 102 98 for
1225 1635 66 60 ar
1333 1617 238 95 begiere

334 1781 174 86 Den
554 1778 184 94 sande
766 1779 204 97 ALre,
1028 1780 130 92 som
1194 1785 74 94 sit
1313 1783 255 99 Ønskes
1614 1787 146 84 Lom

235 1990 210 101 Hun,
501 1989 130 95 som
661 1995 98 76 vel
791 1989 204 98 havde
1027 1990 146 98 hork
1201 2013 132 76 paa
1369 1993 374 104 Dumheds
1777 1998 202 106 Løfte,

337 2157 227 98 Hvori
611 2158 133 96 han
783 2175 125 62 var
937 2164 229 75 udlært
1201 2157 77 98 af
1325 2161 337 99 Pralerie;

232 2324 174 91 Ved
436 2323 205 99 Hielp
674 2322 75 99 af
774 2323 655 101 Viisdoms-Kraft,
1458 2352 90 60 nu
1580 2333 166 80 vilde
1778 2338 209 100 drøfte

333 2491 220 86 Dens
581 2490 218 82 Snak
827 2513 82 74 og
949 2498 138 90 gale
1111 2470 270 111 Maa-de
1419 2502 74 78 til
1523 2516 68 65 at
1629 2497 138 100 frie.

240 2702 174 99 Hun
456 2701 176 90 snart
666 2708 86 73 da
782 2707 166 75 lærte
984 2706 230 95 tydelig
1248 2721 70 64 at
1358 2705 234 98 kiende,

343 2869 94 84 Ar
473 2874 62 74 al
561 2876 160 72 dens
751 2867 218 84 Snak
1007 2888 124 64 var
1165 2871 128 82 kun
1339 2895 72 58 en
1457 2878 260 97 opblæst
1749 2875 240 99 Vind;

243 3034 123 103 Og
396 3055 70 62 ar
493 3045 155 87 den,
705 3038 159 97 hvor
898 3058 160 62 man
1095 3048 117 73 den
1252 3049 116 74 end
1404 3044 166 78 vilde
1613 3053 221 91 vende,

350 3203 173 86 Var
560 3204 181 83 ikkun
780 3205 379 100 Praleriets
1204 3209 545 104 Hierne-Spind.
