2892 4624
818 546 104 82 26

819 755 80 75 og
955 734 352 88 svømmede
1359 729 160 95 iglen
1575 731 266 97 tilbage,
1897 734 72 80 til
2023 738 180 77 deres
2247 732 300 99 Byrder.

812 833 270 95 Enhver
1132 826 76 96 af
1241 825 141 96 disse
1421 826 303 98 Elendige
1767 831 325 97 beklagede
2131 835 91 97 sig
2263 830 103 99 for
2413 833 107 99 hin-

820 938 245 85 anden,
1108 944 67 62 at
1218 926 169 94 hans
1430 926 243 95 Byrde
1712 950 121 61 var
1874 935 119 77 den
2036 936 297 94 tungeste.
2412 935 105 81 Un-

809 1032 275 77 dertiden
1119 1030 345 89 omvexlede
1501 1032 71 75 de
1609 1033 119 75 den
1769 1035 139 77 med
1949 1032 339 94 hinanden.
2327 1031 221 87 Dette

804 1127 214 95 Bytte
1072 1129 270 89 angrede
1400 1130 138 74 dem
1596 1125 213 100 snart,
1874 1150 79 74 og
2016 1131 234 96 enhver
2304 1149 109 77 tog
2460 1138 88 74 da

803 1227 96 88 sin
943 1243 146 74 egen
1129 1226 158 90 iglen
1331 1222 246 97 tilbage.
1729 1226 160 87 Det
1931 1228 212 94 syntes
2189 1232 130 93 mig
2361 1233 154 79 imid-

797 1322 177 80 lertid
1033 1320 251 93 virkelig
1343 1320 165 94 ikke,
1567 1339 71 62 at
1699 1324 141 97 disse
1881 1323 279 97 Byrder
2217 1346 155 63 vare
2429 1332 113 90 saa

796 1421 369 91 utaalelige,
1230 1420 131 93 som
1408 1424 179 77 deres
1632 1419 277 83 Bærere
1948 1425 287 92 paastod.
2402 1427 143 97 Jeg

791 1515 447 95 formærkede,
1299 1531 70 62 at
1429 1520 118 75 den
1605 1518 561 100 Ubehændighed,
2235 1526 310 94 hvormed

790 1621 76 74 de
908 1616 172 79 bleve
1112 1614 266 94 pakkede
1416 1636 78 78 og
1542 1615 280 100 baarne,
1872 1619 208 97 havde
2116 1639 222 77 megen
2358 1623 188 87 Deel

788 1715 21 78 i
852 1719 177 73 deres
1076 1711 291 96 Tyngsel.
1520 1713 259 100 Nogle,
1842 1715 131 94 som
2027 1737 156 64 vare
2228 1720 285 97 behændi-

791 1830 137 75 gere
975 1815 119 74 end
1163 1816 177 77 deres
1399 1810 507 102 Kammerater,
1979 1818 151 81 bare
2189 1819 215 94 derfor
2461 1846 83 75 og

788 1915 180 73 deres
1006 1909 137 95 Last
1188 1913 140 75 med
1370 1912 246 79 mindre
1654 1912 509 103 Besværlighed.
2266 1918 129 87 De
2440 1924 103 94 gik

785 2005 346 96 fornøyede
1173 2030 78 72 og
1291 2026 254 65 mumre
1581 2009 166 97 fort,
1795 2035 78 74 og
1921 2012 154 94 følte
2119 2038 198 76 neppe
2355 2027 186 76 deres

787 2103 269 97 Byrde,
1099 2111 81 75 da
1227 2112 71 75 de
1336 2110 224 93 øvrige
1603 2112 341 82 imidlertid
1987 2118 301 91 stønnede
2326 2128 210 74 under

784 2209 219 90 deres,
1054 2225 77 73 og
1176 2207 275 81 vankede
1494 2208 103 95 hid
1648 2232 77 72 og
1770 2213 105 78 did
1920 2218 141 77 med
2104 2216 195 99 uvisse
2344 2217 193 93 Trin.

781 2301 349 84 Beboerne
1173 2300 79 94 af
1305 2311 71 74 de
1419 2307 385 98 Ulyksaliges
1847 2309 177 86 Land
2071 2313 213 94 havde
2321 2325 217 75 endnu

778 2419 76 58 en
910 2409 210 74 anden
1178 2402 290 96 Fordeel.
1616 2405 134 87 De
1810 2409 154 81 bare
2026 2417 182 77 deres
2256 2414 282 95 Byrder

780 2497 169 79 kuns
996 2499 113 94 faa
1154 2500 253 84 Skridt
1429 2554 22 44 ,
1515 2509 86 76 da
1661 2512 76 74 de
1791 2513 240 89 derpaa
2075 2513 268 91 styrtede
2383 2524 90 74 ud
2517 2520 22 79 i

777 2599 121 74 den
955 2600 157 93 store
1171 2598 307 98 Strøm,
1535 2609 141 75 eller
1729 2604 21 78 i
1807 2623 75 60 en
1925 2606 79 94 af
2041 2607 355 102 Floderne,
2450 2638 84 76 og

776 2693 77 92 af
904 2702 141 74 dem
1106 2704 171 75 bleve
1344 2705 229 77 drevne
1634 2708 89 76 ud
1782 2705 19 78 i
1860 2707 101 79 det
2002 2708 161 89 store
2204 2710 333 85 Verdens

773 2793 192 96 Hav.
1145 2796 472 98 Indbyggerne
1675 2802 81 94 af
1809 2805 78 78 de
1945 2803 352 99 Lyksaliges
2355 2811 181 84 Land

776 2891 210 94 havde
1026 2895 126 97 just
1194 2896 232 90 samme
1474 2896 342 87 Skiæbne.
1974 2902 128 85 De
2158 2914 132 73 nsd
2348 2915 186 75 deres

782 2987 237 85 Glæde
1060 2993 125 81 kun
1228 2994 177 96 kort,
1458 3018 79 75 og
1582 2999 171 81 bleve
1800 3005 239 93 derpaa
2085 3010 336 91 opflugede
2461 3006 80 99 af

771 3089 81 72 de
911 3084 347 104 forffiellige
1317 3095 255 97 Floder.
1751 3098 137 99 Jeg
1945 3100 309 100 fornam,
2327 3121 69 64 at
2453 3114 73 74 de

774 3182 186 92 stedse
1014 3195 140 75 med
1218 3212 218 75 megen
1482 3193 353 101 Heftighed
1894 3196 169 98 søgte
2118 3218 69 64 ar
2244 3204 279 98 arbeyde

771 3281 94 93 sig
909 3282 162 94 igien
1121 3289 170 90 udaf
1325 3291 328 101 Vandet,
1717 3302 90 74 da
1847 3295 478 103 Indbyggerne
2365 3308 132 80 deri-

773 3386 191 86 mod,
1029 3401 129 74 paa
1217 3390 113 77 den
1392 3398 208 75 anden
1669 3398 183 88 halve
1905 3394 227 95 Deel,
2194 3408 140 77 lode
2395 3407 133 97 sig,

776 3481 167 79 uden
988 3497 69 62 ar
1100 3482 171 94 giore
1318 3489 115 78 den
1476 3493 259 98 ringeste
1774 3491 393 107 Bevægelse,
2216 3500 139 96 føre
2398 3501 133 97 fort

2451 3602 83 99 af
