2968 4624
28 1182 44 87 i
136 1192 43 68 n

578 230 109 52 s«

939 390 92 74 3°

1857 407 96 54 hiS

967 561 179 91 Den
1203 562 173 97 stolte
1415 557 333 101 Rigdom,
1805 563 131 94 som
1993 565 177 81 blank
2203 568 121 96 sine
2385 569 269 87 Sønner

1070 730 214 95 Mest
1330 729 174 96 elsser
1552 730 330 101 Dumhed
1932 731 130 94 som
2116 734 92 100 sin
2252 739 198 96 ældste
2496 737 198 105 Son;

973 896 106 98 Ey
1111 894 236 99 fæstede
1377 899 74 94 sit
1495 898 246 98 Haab,
1791 921 130 76 paa
1955 901 192 81 blotte
2193 902 312 101 Bønner,

1077 1062 169 100 Han
1277 1071 227 96 vidste,
1561 1068 171 96 hvad
1767 1077 109 74 der
1919 1070 141 86 trak
2101 1078 99 74 der
2233 1070 235 94 smukke
2511 1071 199 89 Kiøn.

978 1276 176 86 Med
1198 1297 154 78 ægte
1398 1281 196 82 Guld
1630 1304 80 74 og
1742 1278 240 103 Sølv,
2040 1284 128 96 han
2210 1280 150 101 sylte
2388 1281 228 103 Poser,

1075 1446 226 98 Hvori
1329 1447 134 98 han
1499 1450 236 96 vidste,
1787 1459 110 70 der
1929 1467 126 63 var
2097 1454 112 96 stig
2243 1473 72 58 en
2359 1455 230 95 Magt,

979 1614 281 100 Hvortil
1313 1623 121 72 den
1477 1619 213 95 største
1731 1614 211 101 Bog,
1999 1626 139 74 med
2189 1625 201 93 gamle
2437 1621 229 95 Gloser

1080 1782 250 86 Endnu
1376 1787 22 80 i
1438 1785 326 100 Verden,
1824 1795 100 74 det
1982 1789 120 97 har
2152 1793 212 94 aldrig
2406 1791 206 99 bragt.

979 2000 176 100 Han
1193 1998 306 85 Sønnen
1533 2004 106 78 lod
1673 2008 278 75 desuden
1995 2001 366 102 underviise,

1085 2168 63 98 I
1185 2166 425 102 Levemaade,
1664 2167 170 98 udaf
1879 2169 301 100 Pralerie

984 2334 202 88 Som
1220 2336 200 93 ssulde
1450 2339 154 97 ham
1634 2348 118 72 den
1796 2339 310 101 Artighed
2164 2343 246 96 anprise

1083 2504 208 84 Som
1321 2505 220 82 kaldes
1571 2528 122 60 nu:
1751 2509 310 84 Modern'
2113 2510 426 102 Philosophie.

984 2716 172 102 Han
1196 2714 264 103 fremfor
1496 2726 238 90 andre,
1786 2721 214 80 tænkte
2036 2724 116 96 vist
2194 2738 70 66 at
2294 2729 186 78 vinde

1088 2888 177 86 Den
1300 2887 185 86 sande
1522 2890 201 96 2Ere,
1770 2885 101 96 for
1912 2891 89 98 sin
2048 2890 153 82 kiere
2248 2892 191 85 Son.

985 3054 170 100 Han
1191 3061 188 96 minst
1431 3059 88 97 sig
1571 3056 356 101 forestillede
1963 3076 70 62 ar
2081 3060 170 96 finde

1078 3224 142 100 For
1270 3225 526 103 Videnskaberne
1848 3227 108 98 saa
1992 3231 124 97 stor
2158 3250 74 62 en
2280 3229 148 86 Løn.

2558 3442 169 86 Men
