<?xml version="1.0" encoding="utf-8"?>
<alto xmlns="http://www.loc.gov/standards/alto/ns-v3#" xmlns:xs="http://www.w3.org/2001/XMLSchema-instance" xmlns:xlink="http://www.w3.org/1999/xlink">
	<Description>
		<MeasurementUnit>pixel</MeasurementUnit>
		<sourceImageInformation>
			<fileName>130016340708_1_015_001_040.tif</fileName>
		</sourceImageInformation>
		<OCRProcessing ID="OCR1">
			<ocrProcessingStep>
				<processingDateTime>2018-09-14</processingDateTime>
				<processingAgency>Zissor AS</processingAgency>
				<processingStepSettings>Combined OCR</processingStepSettings>
				<processingSoftware>
					<softwareCreator>Zissor AS</softwareCreator>
					<softwareName>ContentOCR-11; ContentOCR-Tesseract</softwareName>
					<softwareVersion>2.0.2; 2.0.0</softwareVersion>
					<applicationDescription>OCR Component for Zissor Content System</applicationDescription>
				</processingSoftware>
			</ocrProcessingStep>
		</OCRProcessing>
	</Description>
	<Styles>
		<TextStyle ID="STYLE1" FONTFAMILY="Arial" FONTSIZE="11" FONTSTYLE=""/>
		<TextStyle ID="STYLE2" FONTFAMILY="Arial" FONTSIZE="13" FONTSTYLE=""/>
		<TextStyle ID="STYLE3" FONTFAMILY="Arial" FONTSIZE="14" FONTSTYLE=""/>
	</Styles>
	<Layout>
		<Page ID="PAGE40" HEIGHT="4624" WIDTH="2892" PHYSICAL_IMG_NR="40" PROCESSING="OCR1" PC="0.74">
			<TopMargin HEIGHT="702" WIDTH="2892" HPOS="0" VPOS="0"/>
			<LeftMargin HEIGHT="2875" WIDTH="730" HPOS="0" VPOS="702"/>
			<RightMargin HEIGHT="2875" WIDTH="345" HPOS="2547" VPOS="702"/>
			<BottomMargin HEIGHT="1045" WIDTH="2892" HPOS="0" VPOS="3579"/>
			<PrintSpace ID="PRINTSPACE1" HEIGHT="2875" WIDTH="1815" HPOS="731" VPOS="703">
				<ComposedBlock xs:type="ComposedBlockType" ID="ARTICLE112971" HEIGHT="2875" WIDTH="1815" HPOS="731" VPOS="703" xlink:type="simple">
					<TextBlock xs:type="TextBlockType" ID="ZONE1165834" HEIGHT="2875" WIDTH="1815" HPOS="731" VPOS="703" xlink:type="simple">
						<TextLine ID="LINE1" HEIGHT="103" WIDTH="1738" HPOS="802" VPOS="709">
							<String ID="STRING1" STYLEREFS="STYLE1" HEIGHT="93" WIDTH="308" HPOS="802" VPOS="717" CONTENT="Strøm," WC="0.52" LANG="nob"/>
							<SP ID="SP1" WIDTH="42" HPOS="1110" VPOS="717"/>
							<String ID="STRING2" STYLEREFS="STYLE1" HEIGHT="73" WIDTH="136" HPOS="1152" VPOS="724" CONTENT="eller" WC="0.85" LANG="nob"/>
							<SP ID="SP2" WIDTH="42" HPOS="1288" VPOS="724"/>
							<String ID="STRING3" STYLEREFS="STYLE1" HEIGHT="93" WIDTH="182" HPOS="1330" VPOS="719" CONTENT="langt" WC="0.67" LANG="nob"/>
							<SP ID="SP3" WIDTH="40" HPOS="1512" VPOS="719"/>
							<String ID="STRING4" STYLEREFS="STYLE1" HEIGHT="94" WIDTH="252" HPOS="1552" VPOS="716" CONTENT="hellere," WC="0.8" LANG="nob"/>
							<SP ID="SP4" WIDTH="56" HPOS="1804" VPOS="716"/>
							<String ID="STRING5" STYLEREFS="STYLE1" HEIGHT="64" WIDTH="78" HPOS="1860" VPOS="733" CONTENT="en" WC="0.95" LANG="nob"/>
							<SP ID="SP5" WIDTH="42" HPOS="1938" VPOS="733"/>
							<String ID="STRING6" STYLEREFS="STYLE1" HEIGHT="86" WIDTH="170" HPOS="1980" VPOS="712" CONTENT="Arm" WC="0.33" LANG="nob"/>
							<SP ID="SP6" WIDTH="42" HPOS="2150" VPOS="712"/>
							<String ID="STRING7" STYLEREFS="STYLE1" HEIGHT="96" WIDTH="80" HPOS="2192" VPOS="709" CONTENT="af" WC="0.41" LANG="nob"/>
							<SP ID="SP7" WIDTH="34" HPOS="2272" VPOS="709"/>
							<String ID="STRING8" STYLEREFS="STYLE1" HEIGHT="100" WIDTH="234" HPOS="2306" VPOS="709" CONTENT="Haver" WC="0.57" LANG="nob"/>
						</TextLine>
						<TextLine ID="LINE2" HEIGHT="109" WIDTH="1738" HPOS="800" VPOS="799">
							<String ID="STRING9" STYLEREFS="STYLE1" HEIGHT="80" WIDTH="190" HPOS="800" VPOS="821" CONTENT="deelre" WC="0.75" LANG="nob"/>
							<SP ID="SP8" WIDTH="32" HPOS="990" VPOS="821"/>
							<String ID="STRING10" STYLEREFS="STYLE1" HEIGHT="84" WIDTH="156" HPOS="1022" VPOS="816" CONTENT="Øen" WC="0.89" LANG="dan"/>
							<SP ID="SP9" WIDTH="40" HPOS="1178" VPOS="816"/>
							<String ID="STRING11" STYLEREFS="STYLE1" HEIGHT="80" WIDTH="20" HPOS="1218" VPOS="811" CONTENT="i" WC="0.49" LANG="dan"/>
							<SP ID="SP10" WIDTH="40" HPOS="1238" VPOS="811"/>
							<String ID="STRING12" STYLEREFS="STYLE1" HEIGHT="62" WIDTH="64" HPOS="1278" VPOS="831" CONTENT="tø" WC="0.74" LANG="dan"/>
							<SP ID="SP11" WIDTH="42" HPOS="1342" VPOS="831"/>
							<String ID="STRING13" STYLEREFS="STYLE1" HEIGHT="99" WIDTH="118" HPOS="1384" VPOS="809" CONTENT="lige" WC="0.73" LANG="dan"/>
							<SP ID="SP12" WIDTH="30" HPOS="1502" VPOS="809"/>
							<String ID="STRING14" STYLEREFS="STYLE1" HEIGHT="90" WIDTH="230" HPOS="1532" VPOS="812" CONTENT="Deele." WC="0.88" LANG="dan"/>
							<SP ID="SP13" WIDTH="102" HPOS="1762" VPOS="812"/>
							<String ID="STRING15" STYLEREFS="STYLE1" HEIGHT="91" WIDTH="178" HPOS="1864" VPOS="809" CONTENT="Den" WC="0.86" LANG="dan"/>
							<SP ID="SP14" WIDTH="32" HPOS="2042" VPOS="809"/>
							<String ID="STRING16" STYLEREFS="STYLE1" HEIGHT="86" WIDTH="186" HPOS="2074" VPOS="812" CONTENT="Deel" WC="0.83" LANG="dan"/>
							<SP ID="SP15" WIDTH="22" HPOS="2260" VPOS="812"/>
							<String ID="STRING17" STYLEREFS="STYLE1" HEIGHT="106" WIDTH="78" HPOS="2282" VPOS="799" CONTENT="as" WC="0.62" LANG="dan"/>
							<SP ID="SP16" WIDTH="14" HPOS="2360" VPOS="799"/>
							<String ID="STRING18" STYLEREFS="STYLE1" HEIGHT="84" WIDTH="164" HPOS="2374" VPOS="809" CONTENT="Øen" WC="1" LANG="dan"/>
						</TextLine>
						<TextLine ID="LINE3" HEIGHT="100" WIDTH="1736" HPOS="801" VPOS="907">
							<String ID="STRING19" STYLEREFS="STYLE1" HEIGHT="74" WIDTH="136" HPOS="801" VPOS="933" CONTENT="paa" WC="0.77" LANG="nob"/>
							<SP ID="SP17" WIDTH="40" HPOS="937" VPOS="933"/>
							<String ID="STRING20" STYLEREFS="STYLE1" HEIGHT="76" WIDTH="120" HPOS="977" VPOS="920" CONTENT="den" WC="0.53" LANG="nob"/>
							<SP ID="SP18" WIDTH="41" HPOS="1097" VPOS="920"/>
							<String ID="STRING21" STYLEREFS="STYLE1" HEIGHT="96" WIDTH="195" HPOS="1138" VPOS="910" CONTENT="høyre" WC="0.67" LANG="nob"/>
							<SP ID="SP19" WIDTH="39" HPOS="1333" VPOS="910"/>
							<String ID="STRING22" STYLEREFS="STYLE1" HEIGHT="87" WIDTH="189" HPOS="1372" VPOS="909" CONTENT="Side" WC="0.57" LANG="nob"/>
							<SP ID="SP20" WIDTH="36" HPOS="1561" VPOS="909"/>
							<String ID="STRING23" STYLEREFS="STYLE1" HEIGHT="65" WIDTH="126" HPOS="1597" VPOS="930" CONTENT="var" WC="0.66" LANG="nob"/>
							<SP ID="SP21" WIDTH="34" HPOS="1723" VPOS="930"/>
							<String ID="STRING24" STYLEREFS="STYLE1" HEIGHT="58" WIDTH="80" HPOS="1757" VPOS="931" CONTENT="en" WC="1" LANG="nob"/>
							<SP ID="SP22" WIDTH="41" HPOS="1837" VPOS="931"/>
							<String ID="STRING25" STYLEREFS="STYLE1" HEIGHT="93" WIDTH="417" HPOS="1878" VPOS="911" CONTENT="blomstrende" WC="0.69" LANG="nob"/>
							<SP ID="SP23" WIDTH="37" HPOS="2295" VPOS="911"/>
							<String ID="STRING26" STYLEREFS="STYLE1" HEIGHT="95" WIDTH="205" HPOS="2332" VPOS="907" CONTENT="Dal," WC="0.71" LANG="nob"/>
						</TextLine>
						<TextLine ID="LINE4" HEIGHT="107" WIDTH="1742" HPOS="793" VPOS="1007">
							<String ID="STRING27" STYLEREFS="STYLE1" HEIGHT="92" WIDTH="138" HPOS="793" VPOS="1009" CONTENT="som" WC="0.54" LANG="dan"/>
							<SP ID="SP24" WIDTH="52" HPOS="931" VPOS="1009"/>
							<String ID="STRING28" STYLEREFS="STYLE1" HEIGHT="60" WIDTH="122" HPOS="983" VPOS="1028" CONTENT="var" WC="0.76" LANG="dan"/>
							<SP ID="SP25" WIDTH="48" HPOS="1105" VPOS="1028"/>
							<String ID="STRING29" STYLEREFS="STYLE1" HEIGHT="96" WIDTH="250" HPOS="1153" VPOS="1007" CONTENT="opfyldt" WC="0.73" LANG="dan"/>
							<SP ID="SP26" WIDTH="40" HPOS="1403" VPOS="1007"/>
							<String ID="STRING30" STYLEREFS="STYLE1" HEIGHT="82" WIDTH="142" HPOS="1443" VPOS="1016" CONTENT="med" WC="0.68" LANG="nob"/>
							<SP ID="SP27" WIDTH="36" HPOS="1585" VPOS="1016"/>
							<String ID="STRING31" STYLEREFS="STYLE1" HEIGHT="74" WIDTH="82" HPOS="1621" VPOS="1016" CONTENT="de" WC="0.64" LANG="nob"/>
							<SP ID="SP28" WIDTH="38" HPOS="1703" VPOS="1016"/>
							<String ID="STRING32" STYLEREFS="STYLE1" HEIGHT="98" WIDTH="280" HPOS="1741" VPOS="1011" CONTENT="herligste" WC="0.65" LANG="nob"/>
							<SP ID="SP29" WIDTH="38" HPOS="2021" VPOS="1011"/>
							<String ID="STRING33" STYLEREFS="STYLE1" HEIGHT="107" WIDTH="350" HPOS="2059" VPOS="1007" CONTENT="Palladser" WC="0.82" LANG="nob"/>
							<SP ID="SP30" WIDTH="38" HPOS="2409" VPOS="1007"/>
							<String ID="STRING34" STYLEREFS="STYLE1" HEIGHT="78" WIDTH="88" HPOS="2447" VPOS="1026" CONTENT="og" WC="0.64" LANG="nob"/>
						</TextLine>
						<TextLine ID="LINE5" HEIGHT="109" WIDTH="1755" HPOS="789" VPOS="1107">
							<String ID="STRING35" STYLEREFS="STYLE1" HEIGHT="80" WIDTH="81" HPOS="789" VPOS="1113" CONTENT="de" WC="0.63" LANG="dan"/>
							<SP ID="SP31" WIDTH="57" HPOS="870" VPOS="1113"/>
							<String ID="STRING36" STYLEREFS="STYLE1" HEIGHT="95" WIDTH="405" HPOS="927" VPOS="1107" CONTENT="behageligste" WC="0.72" LANG="dan"/>
							<SP ID="SP32" WIDTH="55" HPOS="1332" VPOS="1107"/>
							<String ID="STRING37" STYLEREFS="STYLE1" HEIGHT="109" WIDTH="257" HPOS="1387" VPOS="1107" CONTENT="Haver." WC="0.64" LANG="nob"/>
							<SP ID="SP33" WIDTH="177" HPOS="1644" VPOS="1107"/>
							<String ID="STRING38" STYLEREFS="STYLE1" HEIGHT="86" WIDTH="177" HPOS="1821" VPOS="1109" CONTENT="Den" WC="0.79" LANG="dan"/>
							<SP ID="SP34" WIDTH="73" HPOS="1998" VPOS="1109"/>
							<String ID="STRING39" STYLEREFS="STYLE1" HEIGHT="79" WIDTH="211" HPOS="2071" VPOS="1114" CONTENT="anden" WC="0.86" LANG="dan"/>
							<SP ID="SP35" WIDTH="61" HPOS="2282" VPOS="1114"/>
							<String ID="STRING40" STYLEREFS="STYLE1" HEIGHT="98" WIDTH="201" HPOS="2343" VPOS="1107" CONTENT="halvø" WC="0.86" LANG="dan"/>
						</TextLine>
						<TextLine ID="LINE6" HEIGHT="102" WIDTH="1754" HPOS="784" VPOS="1203">
							<String ID="STRING41" STYLEREFS="STYLE1" HEIGHT="92" WIDTH="188" HPOS="784" VPOS="1203" CONTENT="Deel" WC="0.81" LANG="dan"/>
							<SP ID="SP36" WIDTH="54" HPOS="972" VPOS="1203"/>
							<String ID="STRING42" STYLEREFS="STYLE1" HEIGHT="64" WIDTH="124" HPOS="1026" VPOS="1222" CONTENT="var" WC="0.85" LANG="dan"/>
							<SP ID="SP37" WIDTH="52" HPOS="1150" VPOS="1222"/>
							<String ID="STRING43" STYLEREFS="STYLE1" HEIGHT="58" WIDTH="76" HPOS="1202" VPOS="1225" CONTENT="en" WC="1" LANG="nob"/>
							<SP ID="SP38" WIDTH="56" HPOS="1278" VPOS="1225"/>
							<String ID="STRING44" STYLEREFS="STYLE1" HEIGHT="97" WIDTH="262" HPOS="1334" VPOS="1207" CONTENT="uhørlig" WC="0.76" LANG="dan"/>
							<SP ID="SP39" WIDTH="58" HPOS="1596" VPOS="1207"/>
							<String ID="STRING45" STYLEREFS="STYLE1" HEIGHT="95" WIDTH="128" HPOS="1654" VPOS="1210" CONTENT="stor" WC="0.73" LANG="dan"/>
							<SP ID="SP40" WIDTH="40" HPOS="1782" VPOS="1210"/>
							<String ID="STRING46" STYLEREFS="STYLE1" HEIGHT="92" WIDTH="444" HPOS="1822" VPOS="1205" CONTENT="Sandørken." WC="0.7" LANG="dan"/>
							<SP ID="SP41" WIDTH="152" HPOS="2266" VPOS="1205"/>
							<String ID="STRING47" STYLEREFS="STYLE1" HEIGHT="91" WIDTH="120" HPOS="2418" VPOS="1203" CONTENT="En" WC="0.62" LANG="dan"/>
						</TextLine>
						<TextLine ID="LINE7" HEIGHT="104" WIDTH="1750" HPOS="784" VPOS="1300">
							<String ID="STRING48" STYLEREFS="STYLE1" HEIGHT="93" WIDTH="314" HPOS="784" VPOS="1303" CONTENT="Mængde" WC="0.72" LANG="dan"/>
							<SP ID="SP42" WIDTH="44" HPOS="1098" VPOS="1303"/>
							<String ID="STRING49" STYLEREFS="STYLE1" HEIGHT="96" WIDTH="210" HPOS="1142" VPOS="1300" CONTENT="smaae" WC="0.8" LANG="dan"/>
							<SP ID="SP43" WIDTH="40" HPOS="1352" VPOS="1300"/>
							<String ID="STRING50" STYLEREFS="STYLE1" HEIGHT="99" WIDTH="242" HPOS="1392" VPOS="1305" CONTENT="Floder" WC="0.7" LANG="dan"/>
							<SP ID="SP44" WIDTH="38" HPOS="1634" VPOS="1305"/>
							<String ID="STRING51" STYLEREFS="STYLE1" HEIGHT="96" WIDTH="452" HPOS="1672" VPOS="1306" CONTENT="igiennemffar" WC="0.64" LANG="dan"/>
							<SP ID="SP45" WIDTH="40" HPOS="2124" VPOS="1306"/>
							<String ID="STRING52" STYLEREFS="STYLE1" HEIGHT="95" WIDTH="192" HPOS="2164" VPOS="1306" CONTENT="begge" WC="0.71" LANG="dan"/>
							<SP ID="SP46" WIDTH="42" HPOS="2356" VPOS="1306"/>
							<String ID="STRING53" STYLEREFS="STYLE1" HEIGHT="98" WIDTH="136" HPOS="2398" VPOS="1303" CONTENT="hal«" WC="0.89" LANG="dan"/>
						</TextLine>
						<TextLine ID="LINE8" HEIGHT="104" WIDTH="1751" HPOS="782" VPOS="1397">
							<String ID="STRING54" STYLEREFS="STYLE1" HEIGHT="62" WIDTH="77" HPOS="782" VPOS="1417" CONTENT="ve" WC="0.75" LANG="dan"/>
							<SP ID="SP47" WIDTH="41" HPOS="859" VPOS="1417"/>
							<String ID="STRING55" STYLEREFS="STYLE1" HEIGHT="101" WIDTH="207" HPOS="900" VPOS="1397" CONTENT="Dele," WC="0.8" LANG="dan"/>
							<SP ID="SP48" WIDTH="42" HPOS="1107" VPOS="1397"/>
							<String ID="STRING56" STYLEREFS="STYLE1" HEIGHT="77" WIDTH="80" HPOS="1149" VPOS="1420" CONTENT="og" WC="1" LANG="dan"/>
							<SP ID="SP49" WIDTH="51" HPOS="1229" VPOS="1420"/>
							<String ID="STRING57" STYLEREFS="STYLE1" HEIGHT="88" WIDTH="111" HPOS="1280" VPOS="1401" CONTENT="løb" WC="0.85" LANG="dan"/>
							<SP ID="SP50" WIDTH="41" HPOS="1391" VPOS="1401"/>
							<String ID="STRING58" STYLEREFS="STYLE1" HEIGHT="80" WIDTH="169" HPOS="1432" VPOS="1408" CONTENT="deels" WC="0.86" LANG="dan"/>
							<SP ID="SP51" WIDTH="39" HPOS="1601" VPOS="1408"/>
							<String ID="STRING59" STYLEREFS="STYLE1" HEIGHT="80" WIDTH="21" HPOS="1640" VPOS="1404" CONTENT="i" WC="0.69" LANG="dan"/>
							<SP ID="SP52" WIDTH="45" HPOS="1661" VPOS="1404"/>
							<String ID="STRING60" STYLEREFS="STYLE1" HEIGHT="100" WIDTH="255" HPOS="1706" VPOS="1401" CONTENT="Haver," WC="0.69" LANG="dan"/>
							<SP ID="SP53" WIDTH="47" HPOS="1961" VPOS="1401"/>
							<String ID="STRING61" STYLEREFS="STYLE1" HEIGHT="72" WIDTH="81" HPOS="2008" VPOS="1424" CONTENT="og" WC="0.74" LANG="dan"/>
							<SP ID="SP54" WIDTH="45" HPOS="2089" VPOS="1424"/>
							<String ID="STRING62" STYLEREFS="STYLE1" HEIGHT="85" WIDTH="175" HPOS="2134" VPOS="1402" CONTENT="decks" WC="0.6" LANG="dan"/>
							<SP ID="SP55" WIDTH="43" HPOS="2309" VPOS="1402"/>
							<String ID="STRING63" STYLEREFS="STYLE1" HEIGHT="74" WIDTH="19" HPOS="2352" VPOS="1405" CONTENT="i" WC="0.54" LANG="dan"/>
							<SP ID="SP56" WIDTH="39" HPOS="2371" VPOS="1405"/>
							<String ID="STRING64" STYLEREFS="STYLE1" HEIGHT="78" WIDTH="123" HPOS="2410" VPOS="1407" CONTENT="den" WC="0.85" LANG="dan"/>
						</TextLine>
						<TextLine ID="LINE9" HEIGHT="102" WIDTH="1752" HPOS="783" VPOS="1496">
							<String ID="STRING65" STYLEREFS="STYLE1" HEIGHT="94" WIDTH="160" HPOS="783" VPOS="1499" CONTENT="store" WC="0.68" LANG="dan"/>
							<SP ID="SP57" WIDTH="40" HPOS="943" VPOS="1499"/>
							<String ID="STRING66" STYLEREFS="STYLE1" HEIGHT="88" WIDTH="288" HPOS="983" VPOS="1496" CONTENT="Strøm." WC="0.64" LANG="dan"/>
							<SP ID="SP58" WIDTH="154" HPOS="1271" VPOS="1496"/>
							<String ID="STRING67" STYLEREFS="STYLE1" HEIGHT="99" WIDTH="170" HPOS="1425" VPOS="1499" CONTENT="Hele" WC="0.9" LANG="dan"/>
							<SP ID="SP59" WIDTH="34" HPOS="1595" VPOS="1499"/>
							<String ID="STRING68" STYLEREFS="STYLE1" HEIGHT="93" WIDTH="168" HPOS="1629" VPOS="1498" CONTENT="Øen" WC="0.76" LANG="dan"/>
							<SP ID="SP60" WIDTH="40" HPOS="1797" VPOS="1498"/>
							<String ID="STRING69" STYLEREFS="STYLE1" HEIGHT="67" WIDTH="126" HPOS="1837" VPOS="1519" CONTENT="var" WC="0.72" LANG="dan"/>
							<SP ID="SP61" WIDTH="40" HPOS="1963" VPOS="1519"/>
							<String ID="STRING70" STYLEREFS="STYLE1" HEIGHT="97" WIDTH="256" HPOS="2003" VPOS="1498" CONTENT="beboer;" WC="0.65" LANG="dan"/>
							<SP ID="SP62" WIDTH="62" HPOS="2259" VPOS="1498"/>
							<String ID="STRING71" STYLEREFS="STYLE1" HEIGHT="64" WIDTH="148" HPOS="2321" VPOS="1519" CONTENT="men" WC="0.86" LANG="dan"/>
							<SP ID="SP63" WIDTH="40" HPOS="2469" VPOS="1519"/>
							<String ID="STRING72" STYLEREFS="STYLE1" HEIGHT="80" WIDTH="26" HPOS="2509" VPOS="1500" CONTENT="i" WC="0.61" LANG="dan"/>
						</TextLine>
						<TextLine ID="LINE10" HEIGHT="104" WIDTH="1726" HPOS="775" VPOS="1594">
							<String ID="STRING73" STYLEREFS="STYLE1" HEIGHT="60" WIDTH="77" HPOS="775" VPOS="1615" CONTENT="en" WC="0.65" LANG="dan"/>
							<SP ID="SP64" WIDTH="43" HPOS="852" VPOS="1615"/>
							<String ID="STRING74" STYLEREFS="STYLE1" HEIGHT="92" WIDTH="155" HPOS="895" VPOS="1599" CONTENT="hver" WC="0.52" LANG="dan"/>
							<SP ID="SP65" WIDTH="37" HPOS="1050" VPOS="1599"/>
							<String ID="STRING75" STYLEREFS="STYLE1" HEIGHT="96" WIDTH="185" HPOS="1087" VPOS="1594" CONTENT="Deel" WC="0.81" LANG="dan"/>
							<SP ID="SP66" WIDTH="37" HPOS="1272" VPOS="1594"/>
							<String ID="STRING76" STYLEREFS="STYLE1" HEIGHT="66" WIDTH="125" HPOS="1309" VPOS="1617" CONTENT="var" WC="0.63" LANG="dan"/>
							<SP ID="SP67" WIDTH="33" HPOS="1434" VPOS="1617"/>
							<String ID="STRING77" STYLEREFS="STYLE1" HEIGHT="100" WIDTH="520" HPOS="1467" VPOS="1598" CONTENT="Indbyggernes" WC="0.72" LANG="dan"/>
							<SP ID="SP68" WIDTH="38" HPOS="1987" VPOS="1598"/>
							<String ID="STRING78" STYLEREFS="STYLE1" HEIGHT="90" WIDTH="329" HPOS="2025" VPOS="1598" CONTENT="Skæbne" WC="0.78" LANG="dan"/>
							<SP ID="SP69" WIDTH="35" HPOS="2354" VPOS="1598"/>
							<String ID="STRING79" STYLEREFS="STYLE1" HEIGHT="84" WIDTH="112" HPOS="2389" VPOS="1599" CONTENT="ind" SUBS_TYPE="HypPart1" SUBS_CONTENT="indretter" WC="0.71" LANG="dan"/>
							<HYP CONTENT="-"/>
						</TextLine>
						<TextLine ID="LINE11" HEIGHT="113" WIDTH="1764" HPOS="774" VPOS="1690">
							<String ID="STRING80" STYLEREFS="STYLE1" HEIGHT="78" WIDTH="182" HPOS="774" VPOS="1703" CONTENT="retter" SUBS_TYPE="HypPart2" SUBS_CONTENT="indretter" WC="0.57" LANG="dan"/>
							<SP ID="SP70" WIDTH="58" HPOS="956" VPOS="1703"/>
							<String ID="STRING81" STYLEREFS="STYLE1" HEIGHT="92" WIDTH="150" HPOS="1014" VPOS="1690" CONTENT="efter" WC="0.77" LANG="dan"/>
							<SP ID="SP71" WIDTH="50" HPOS="1164" VPOS="1690"/>
							<String ID="STRING82" STYLEREFS="STYLE1" HEIGHT="104" WIDTH="310" HPOS="1214" VPOS="1695" CONTENT="Jordens" WC="0.73" LANG="dan"/>
							<SP ID="SP72" WIDTH="60" HPOS="1524" VPOS="1695"/>
							<String ID="STRING83" STYLEREFS="STYLE1" HEIGHT="99" WIDTH="490" HPOS="1584" VPOS="1694" CONTENT="Beskaffenhed-" WC="0.81" LANG="dan"/>
							<SP ID="SP73" WIDTH="100" HPOS="2074" VPOS="1694"/>
							<String ID="STRING84" STYLEREFS="STYLE1" HEIGHT="107" WIDTH="174" HPOS="2174" VPOS="1696" CONTENT="Paa" WC="0.77" LANG="dan"/>
							<SP ID="SP74" WIDTH="66" HPOS="2348" VPOS="1696"/>
							<String ID="STRING85" STYLEREFS="STYLE1" HEIGHT="79" WIDTH="124" HPOS="2414" VPOS="1701" CONTENT="den" WC="0.81" LANG="dan"/>
						</TextLine>
						<TextLine ID="LINE12" HEIGHT="108" WIDTH="1766" HPOS="770" VPOS="1790">
							<String ID="STRING86" STYLEREFS="STYLE1" HEIGHT="92" WIDTH="202" HPOS="770" VPOS="1791" CONTENT="bøyre" WC="0.75" LANG="dan"/>
							<SP ID="SP75" WIDTH="52" HPOS="972" VPOS="1791"/>
							<String ID="STRING87" STYLEREFS="STYLE1" HEIGHT="92" WIDTH="190" HPOS="1024" VPOS="1790" CONTENT="Side" WC="0.55" LANG="dan"/>
							<SP ID="SP76" WIDTH="64" HPOS="1214" VPOS="1790"/>
							<String ID="STRING88" STYLEREFS="STYLE1" HEIGHT="96" WIDTH="82" HPOS="1278" VPOS="1791" CONTENT="af" WC="1" LANG="dan"/>
							<SP ID="SP77" WIDTH="48" HPOS="1360" VPOS="1791"/>
							<String ID="STRING89" STYLEREFS="STYLE1" HEIGHT="93" WIDTH="420" HPOS="1408" VPOS="1793" CONTENT="Strømmen" WC="0.74" LANG="dan"/>
							<SP ID="SP78" WIDTH="50" HPOS="1828" VPOS="1793"/>
							<String ID="STRING90" STYLEREFS="STYLE1" HEIGHT="63" WIDTH="128" HPOS="1878" VPOS="1815" CONTENT="var" WC="0.75" LANG="dan"/>
							<SP ID="SP79" WIDTH="32" HPOS="2006" VPOS="1815"/>
							<String ID="STRING91" STYLEREFS="STYLE1" HEIGHT="90" WIDTH="330" HPOS="2038" VPOS="1796" CONTENT="Glædens" WC="0.84" LANG="dan"/>
							<SP ID="SP80" WIDTH="72" HPOS="2368" VPOS="1796"/>
							<String ID="STRING92" STYLEREFS="STYLE1" HEIGHT="83" WIDTH="96" HPOS="2440" VPOS="1815" CONTENT="oz" WC="0.62" LANG="dan"/>
						</TextLine>
						<TextLine ID="LINE13" HEIGHT="108" WIDTH="1765" HPOS="762" VPOS="1885">
							<String ID="STRING93" STYLEREFS="STYLE1" HEIGHT="101" WIDTH="471" HPOS="762" VPOS="1885" CONTENT="Fornøyelsens" WC="0.9" LANG="nob"/>
							<SP ID="SP81" WIDTH="41" HPOS="1233" VPOS="1885"/>
							<String ID="STRING94" STYLEREFS="STYLE1" HEIGHT="104" WIDTH="495" HPOS="1274" VPOS="1889" CONTENT="Opholdsstæd." WC="0.75" LANG="dan"/>
							<SP ID="SP82" WIDTH="105" HPOS="1769" VPOS="1889"/>
							<String ID="STRING95" STYLEREFS="STYLE1" HEIGHT="89" WIDTH="187" HPOS="1874" VPOS="1893" CONTENT="Man" WC="0.75" LANG="dan"/>
							<SP ID="SP83" WIDTH="21" HPOS="2061" VPOS="1893"/>
							<String ID="STRING96" STYLEREFS="STYLE1" HEIGHT="89" WIDTH="207" HPOS="2082" VPOS="1894" CONTENT="kaldte" WC="0.69" LANG="dan"/>
							<SP ID="SP84" WIDTH="23" HPOS="2289" VPOS="1894"/>
							<String ID="STRING97" STYLEREFS="STYLE1" HEIGHT="78" WIDTH="105" HPOS="2312" VPOS="1901" CONTENT="der" WC="0.52" LANG="dan"/>
							<SP ID="SP85" WIDTH="21" HPOS="2417" VPOS="1901"/>
							<String ID="STRING98" STYLEREFS="STYLE1" HEIGHT="75" WIDTH="89" HPOS="2438" VPOS="1899" CONTENT="de" WC="0.25" LANG="dan"/>
						</TextLine>
						<TextLine ID="LINE14" HEIGHT="106" WIDTH="1746" HPOS="755" VPOS="1985">
							<String ID="STRING99" STYLEREFS="STYLE1" HEIGHT="101" WIDTH="434" HPOS="755" VPOS="1985" CONTENT="Lyksaliges" WC="0.74" LANG="dan"/>
							<SP ID="SP86" WIDTH="20" HPOS="1189" VPOS="1985"/>
							<String ID="STRING100" STYLEREFS="STYLE1" HEIGHT="84" WIDTH="236" HPOS="1209" VPOS="1991" CONTENT="Land." WC="0.8" LANG="dan"/>
							<SP ID="SP87" WIDTH="44" HPOS="1445" VPOS="1991"/>
							<String ID="STRING101" STYLEREFS="STYLE1" HEIGHT="94" WIDTH="392" HPOS="1489" VPOS="1993" CONTENT="Uophørlige" WC="0.63" LANG="dan"/>
							<SP ID="SP88" WIDTH="22" HPOS="1881" VPOS="1993"/>
							<String ID="STRING102" STYLEREFS="STYLE1" HEIGHT="99" WIDTH="260" HPOS="1903" VPOS="1991" CONTENT="Sange" WC="0.79" LANG="dan"/>
							<SP ID="SP89" WIDTH="16" HPOS="2163" VPOS="1991"/>
							<String ID="STRING103" STYLEREFS="STYLE1" HEIGHT="77" WIDTH="80" HPOS="2179" VPOS="2014" CONTENT="og" WC="0.64" LANG="dan"/>
							<SP ID="SP90" WIDTH="22" HPOS="2259" VPOS="2014"/>
							<String ID="STRING104" STYLEREFS="STYLE1" HEIGHT="90" WIDTH="220" HPOS="2281" VPOS="1991" CONTENT="Dant" SUBS_TYPE="HypPart1" SUBS_CONTENT="Dantfe" WC="0.77" LANG="dan"/>
							<HYP CONTENT="-"/>
						</TextLine>
						<TextLine ID="LINE15" HEIGHT="108" WIDTH="1774" HPOS="755" VPOS="2081">
							<String ID="STRING105" STYLEREFS="STYLE1" HEIGHT="92" WIDTH="56" HPOS="755" VPOS="2081" CONTENT="fe" SUBS_TYPE="HypPart2" SUBS_CONTENT="Dantfe" WC="0.75" LANG="dan"/>
							<SP ID="SP91" WIDTH="20" HPOS="811" VPOS="2081"/>
							<String ID="STRING106" STYLEREFS="STYLE1" HEIGHT="65" WIDTH="156" HPOS="831" VPOS="2101" CONTENT="vare" WC="0.82" LANG="dan"/>
							<SP ID="SP92" WIDTH="12" HPOS="987" VPOS="2101"/>
							<String ID="STRING107" STYLEREFS="STYLE1" HEIGHT="101" WIDTH="516" HPOS="999" VPOS="2084" CONTENT="Indbyggernes" WC="0.78" LANG="dan"/>
							<SP ID="SP93" WIDTH="24" HPOS="1515" VPOS="2084"/>
							<String ID="STRING108" STYLEREFS="STYLE1" HEIGHT="99" WIDTH="438" HPOS="1539" VPOS="2088" CONTENT="fornemmeste" WC="0.77" LANG="dan"/>
							<SP ID="SP94" WIDTH="18" HPOS="1977" VPOS="2088"/>
							<String ID="STRING109" STYLEREFS="STYLE1" HEIGHT="98" WIDTH="534" HPOS="1995" VPOS="2091" CONTENT="Beskæftigelser:" WC="0.77" LANG="dan"/>
						</TextLine>
						<TextLine ID="LINE16" HEIGHT="110" WIDTH="1742" HPOS="756" VPOS="2183">
							<String ID="STRING110" STYLEREFS="STYLE1" HEIGHT="85" WIDTH="202" HPOS="756" VPOS="2183" CONTENT="denne" WC="1" LANG="dan"/>
							<SP ID="SP95" WIDTH="44" HPOS="958" VPOS="2183"/>
							<String ID="STRING111" STYLEREFS="STYLE1" HEIGHT="99" WIDTH="406" HPOS="1002" VPOS="2184" CONTENT="fortryllende" WC="0.8" LANG="dan"/>
							<SP ID="SP96" WIDTH="24" HPOS="1408" VPOS="2184"/>
							<String ID="STRING112" STYLEREFS="STYLE1" HEIGHT="99" WIDTH="172" HPOS="1432" VPOS="2187" CONTENT="Egn." WC="0.71" LANG="dan"/>
							<SP ID="SP97" WIDTH="52" HPOS="1604" VPOS="2187"/>
							<String ID="STRING113" STYLEREFS="STYLE1" HEIGHT="105" WIDTH="140" HPOS="1656" VPOS="2188" CONTENT="Jeg" WC="0.77" LANG="dan"/>
							<SP ID="SP98" WIDTH="26" HPOS="1796" VPOS="2188"/>
							<String ID="STRING114" STYLEREFS="STYLE1" HEIGHT="96" WIDTH="408" HPOS="1822" VPOS="2187" CONTENT="formærkede" WC="0.75" LANG="dan"/>
							<SP ID="SP99" WIDTH="20" HPOS="2230" VPOS="2187"/>
							<String ID="STRING115" STYLEREFS="STYLE1" HEIGHT="84" WIDTH="248" HPOS="2250" VPOS="2193" CONTENT="imidler" SUBS_TYPE="HypPart1" SUBS_CONTENT="imidlertid" WC="0.62" LANG="dan"/>
							<HYP CONTENT="-"/>
						</TextLine>
						<TextLine ID="LINE17" HEIGHT="109" WIDTH="1766" HPOS="756" VPOS="2279">
							<String ID="STRING116" STYLEREFS="STYLE1" HEIGHT="84" WIDTH="92" HPOS="756" VPOS="2279" CONTENT="tid" SUBS_TYPE="HypPart2" SUBS_CONTENT="imidlertid" WC="0.77" LANG="dan"/>
							<SP ID="SP100" WIDTH="40" HPOS="848" VPOS="2279"/>
							<String ID="STRING117" STYLEREFS="STYLE1" HEIGHT="94" WIDTH="340" HPOS="888" VPOS="2284" CONTENT="adskilligt," WC="0.71" LANG="dan"/>
							<SP ID="SP101" WIDTH="60" HPOS="1228" VPOS="2284"/>
							<String ID="STRING118" STYLEREFS="STYLE1" HEIGHT="96" WIDTH="134" HPOS="1288" VPOS="2285" CONTENT="som" WC="0.71" LANG="dan"/>
							<SP ID="SP102" WIDTH="42" HPOS="1422" VPOS="2285"/>
							<String ID="STRING119" STYLEREFS="STYLE1" HEIGHT="80" WIDTH="76" HPOS="1464" VPOS="2294" CONTENT="de" WC="0.63" LANG="dan"/>
							<SP ID="SP103" WIDTH="50" HPOS="1540" VPOS="2294"/>
							<String ID="STRING120" STYLEREFS="STYLE1" HEIGHT="87" WIDTH="126" HPOS="1590" VPOS="2288" CONTENT="ikke" WC="0.62" LANG="dan"/>
							<SP ID="SP104" WIDTH="42" HPOS="1716" VPOS="2288"/>
							<String ID="STRING121" STYLEREFS="STYLE1" HEIGHT="98" WIDTH="214" HPOS="1758" VPOS="2289" CONTENT="syntes" WC="0.93" LANG="dan"/>
							<SP ID="SP105" WIDTH="44" HPOS="1972" VPOS="2289"/>
							<String ID="STRING122" STYLEREFS="STYLE1" HEIGHT="66" WIDTH="74" HPOS="2016" VPOS="2306" CONTENT="ar" WC="0.62" LANG="dan"/>
							<SP ID="SP106" WIDTH="42" HPOS="2090" VPOS="2306"/>
							<String ID="STRING123" STYLEREFS="STYLE1" HEIGHT="87" WIDTH="166" HPOS="2132" VPOS="2290" CONTENT="blive" WC="0.67" LANG="dan"/>
							<SP ID="SP107" WIDTH="40" HPOS="2298" VPOS="2290"/>
							<String ID="STRING124" STYLEREFS="STYLE1" HEIGHT="79" WIDTH="184" HPOS="2338" VPOS="2309" CONTENT="vaer," WC="0.72" LANG="dan"/>
						</TextLine>
						<TextLine ID="LINE18" HEIGHT="108" WIDTH="1768" HPOS="756" VPOS="2382">
							<String ID="STRING125" STYLEREFS="STYLE1" HEIGHT="78" WIDTH="185" HPOS="756" VPOS="2383" CONTENT="ellers" WC="0.92" LANG="dan"/>
							<SP ID="SP108" WIDTH="53" HPOS="941" VPOS="2383"/>
							<String ID="STRING126" STYLEREFS="STYLE1" HEIGHT="92" WIDTH="203" HPOS="994" VPOS="2382" CONTENT="ffulde" WC="0.6" LANG="dan"/>
							<SP ID="SP109" WIDTH="53" HPOS="1197" VPOS="2382"/>
							<String ID="STRING127" STYLEREFS="STYLE1" HEIGHT="82" WIDTH="73" HPOS="1250" VPOS="2389" CONTENT="de" WC="0.62" LANG="dan"/>
							<SP ID="SP110" WIDTH="57" HPOS="1323" VPOS="2389"/>
							<String ID="STRING128" STYLEREFS="STYLE1" HEIGHT="98" WIDTH="165" HPOS="1380" VPOS="2385" CONTENT="have" WC="0.85" LANG="dan"/>
							<SP ID="SP111" WIDTH="55" HPOS="1545" VPOS="2385"/>
							<String ID="STRING129" STYLEREFS="STYLE1" HEIGHT="69" WIDTH="195" HPOS="1600" VPOS="2404" CONTENT="været" WC="0.62" LANG="dan"/>
							<SP ID="SP112" WIDTH="55" HPOS="1795" VPOS="2404"/>
							<String ID="STRING130" STYLEREFS="STYLE1" HEIGHT="87" WIDTH="251" HPOS="1850" VPOS="2391" CONTENT="mindre" WC="0.79" LANG="dan"/>
							<SP ID="SP113" WIDTH="37" HPOS="2101" VPOS="2391"/>
							<String ID="STRING131" STYLEREFS="STYLE2" HEIGHT="103" WIDTH="386" HPOS="2138" VPOS="2387" CONTENT="forene-nede" WC="0.77" LANG="dan"/>
						</TextLine>
						<TextLine ID="LINE19" HEIGHT="114" WIDTH="1766" HPOS="749" VPOS="2473">
							<String ID="STRING132" STYLEREFS="STYLE1" HEIGHT="90" WIDTH="350" HPOS="749" VPOS="2473" CONTENT="Saaledes" WC="0.86" LANG="dan"/>
							<SP ID="SP114" WIDTH="40" HPOS="1099" VPOS="2473"/>
							<String ID="STRING133" STYLEREFS="STYLE1" HEIGHT="94" WIDTH="142" HPOS="1139" VPOS="2478" CONTENT="saae" WC="0.94" LANG="dan"/>
							<SP ID="SP115" WIDTH="34" HPOS="1281" VPOS="2478"/>
							<String ID="STRING134" STYLEREFS="STYLE1" HEIGHT="96" WIDTH="100" HPOS="1315" VPOS="2481" CONTENT="jeg" WC="0.68" LANG="dan"/>
							<SP ID="SP116" WIDTH="28" HPOS="1415" VPOS="2481"/>
							<String ID="STRING135" STYLEREFS="STYLE1" HEIGHT="103" WIDTH="166" HPOS="1443" VPOS="2483" CONTENT="Folk" WC="0.68" LANG="dan"/>
							<SP ID="SP117" WIDTH="42" HPOS="1609" VPOS="2483"/>
							<String ID="STRING136" STYLEREFS="STYLE1" HEIGHT="78" WIDTH="122" HPOS="1651" VPOS="2493" CONTENT="ved" WC="0.63" LANG="dan"/>
							<SP ID="SP118" WIDTH="42" HPOS="1773" VPOS="2493"/>
							<String ID="STRING137" STYLEREFS="STYLE1" HEIGHT="78" WIDTH="72" HPOS="1815" VPOS="2493" CONTENT="de" WC="0.64" LANG="dan"/>
							<SP ID="SP119" WIDTH="46" HPOS="1887" VPOS="2493"/>
							<String ID="STRING138" STYLEREFS="STYLE1" HEIGHT="94" WIDTH="282" HPOS="1933" VPOS="2490" CONTENT="herligste" WC="0.68" LANG="dan"/>
							<SP ID="SP120" WIDTH="46" HPOS="2215" VPOS="2490"/>
							<String ID="STRING139" STYLEREFS="STYLE1" HEIGHT="76" WIDTH="82" HPOS="2261" VPOS="2511" CONTENT="og" WC="0.74" LANG="dan"/>
							<SP ID="SP121" WIDTH="24" HPOS="2343" VPOS="2511"/>
							<String ID="STRING140" STYLEREFS="STYLE1" HEIGHT="76" WIDTH="148" HPOS="2367" VPOS="2498" CONTENT="med" WC="0.62" LANG="dan"/>
						</TextLine>
						<TextLine ID="LINE20" HEIGHT="109" WIDTH="1734" HPOS="753" VPOS="2573">
							<String ID="STRING141" STYLEREFS="STYLE1" HEIGHT="101" WIDTH="432" HPOS="753" VPOS="2573" CONTENT="velsmagende" WC="0.83" LANG="dan"/>
							<SP ID="SP122" WIDTH="42" HPOS="1185" VPOS="2573"/>
							<String ID="STRING142" STYLEREFS="STYLE1" HEIGHT="98" WIDTH="390" HPOS="1227" VPOS="2579" CONTENT="Gæstebude" WC="0.61" LANG="dan"/>
							<SP ID="SP123" WIDTH="22" HPOS="1617" VPOS="2579"/>
							<String ID="STRING143" STYLEREFS="STYLE1" HEIGHT="71" WIDTH="74" HPOS="1639" VPOS="2600" CONTENT="at" WC="0.64" LANG="dan"/>
							<SP ID="SP124" WIDTH="20" HPOS="1713" VPOS="2600"/>
							<String ID="STRING144" STYLEREFS="STYLE1" HEIGHT="68" WIDTH="168" HPOS="1733" VPOS="2603" CONTENT="være" WC="0.81" LANG="dan"/>
							<SP ID="SP125" WIDTH="18" HPOS="1901" VPOS="2603"/>
							<String ID="STRING145" STYLEREFS="STYLE1" HEIGHT="90" WIDTH="190" HPOS="1919" VPOS="2592" CONTENT="glade" WC="0.77" LANG="dan"/>
							<SP ID="SP126" WIDTH="44" HPOS="2109" VPOS="2592"/>
							<String ID="STRING146" STYLEREFS="STYLE1" HEIGHT="85" WIDTH="188" HPOS="2153" VPOS="2588" CONTENT="indtil" WC="0.62" LANG="dan"/>
							<SP ID="SP127" WIDTH="40" HPOS="2341" VPOS="2588"/>
							<String ID="STRING147" STYLEREFS="STYLE3" HEIGHT="90" WIDTH="106" HPOS="2381" VPOS="2590" CONTENT="Ud" SUBS_TYPE="HypPart1" SUBS_CONTENT="Udskeyelfer," WC="0.87" LANG="dan"/>
							<HYP CONTENT="-"/>
						</TextLine>
						<TextLine ID="LINE21" HEIGHT="117" WIDTH="1770" HPOS="748" VPOS="2669">
							<String ID="STRING148" STYLEREFS="STYLE3" HEIGHT="105" WIDTH="318" HPOS="748" VPOS="2669" CONTENT="skeyelfer," SUBS_TYPE="HypPart2" SUBS_CONTENT="Udskeyelfer," WC="0.82" LANG="dan"/>
							<SP ID="SP128" WIDTH="56" HPOS="1066" VPOS="2669"/>
							<String ID="STRING149" STYLEREFS="STYLE1" HEIGHT="79" WIDTH="170" HPOS="1122" VPOS="2682" CONTENT="uden" WC="0.78" LANG="dan"/>
							<SP ID="SP129" WIDTH="38" HPOS="1292" VPOS="2682"/>
							<String ID="STRING150" STYLEREFS="STYLE1" HEIGHT="66" WIDTH="72" HPOS="1330" VPOS="2697" CONTENT="at" WC="0.7" LANG="dan"/>
							<SP ID="SP130" WIDTH="42" HPOS="1402" VPOS="2697"/>
							<String ID="STRING151" STYLEREFS="STYLE1" HEIGHT="92" WIDTH="142" HPOS="1444" VPOS="2686" CONTENT="give" WC="0.69" LANG="dan"/>
							<SP ID="SP131" WIDTH="45" HPOS="1586" VPOS="2686"/>
							<String ID="STRING152" STYLEREFS="STYLE1" HEIGHT="101" WIDTH="137" HPOS="1631" VPOS="2680" CONTENT="Agt" WC="0.65" LANG="dan"/>
							<SP ID="SP132" WIDTH="40" HPOS="1768" VPOS="2680"/>
							<String ID="STRING153" STYLEREFS="STYLE1" HEIGHT="76" WIDTH="134" HPOS="1808" VPOS="2705" CONTENT="paa" WC="0.79" LANG="dan"/>
							<SP ID="SP133" WIDTH="42" HPOS="1942" VPOS="2705"/>
							<String ID="STRING154" STYLEREFS="STYLE1" HEIGHT="98" WIDTH="146" HPOS="1984" VPOS="2684" CONTENT="visse" WC="0.75" LANG="dan"/>
							<SP ID="SP134" WIDTH="41" HPOS="2130" VPOS="2684"/>
							<String ID="STRING155" STYLEREFS="STYLE1" HEIGHT="102" WIDTH="347" HPOS="2171" VPOS="2684" CONTENT="Slanger," WC="0.83" LANG="dan"/>
						</TextLine>
						<TextLine ID="LINE22" HEIGHT="115" WIDTH="1768" HPOS="744" VPOS="2761">
							<String ID="STRING156" STYLEREFS="STYLE1" HEIGHT="98" WIDTH="136" HPOS="744" VPOS="2761" CONTENT="som" WC="0.6" LANG="dan"/>
							<SP ID="SP135" WIDTH="44" HPOS="880" VPOS="2761"/>
							<String ID="STRING157" STYLEREFS="STYLE1" HEIGHT="81" WIDTH="188" HPOS="924" VPOS="2775" CONTENT="krøbe" WC="0.68" LANG="dan"/>
							<SP ID="SP136" WIDTH="38" HPOS="1112" VPOS="2775"/>
							<String ID="STRING158" STYLEREFS="STYLE1" HEIGHT="77" WIDTH="122" HPOS="1150" VPOS="2796" CONTENT="op," WC="0.74" LANG="dan"/>
							<SP ID="SP137" WIDTH="70" HPOS="1272" VPOS="2796"/>
							<String ID="STRING159" STYLEREFS="STYLE1" HEIGHT="74" WIDTH="84" HPOS="1342" VPOS="2801" CONTENT="og" WC="0.69" LANG="dan"/>
							<SP ID="SP138" WIDTH="44" HPOS="1426" VPOS="2801"/>
							<String ID="STRING160" STYLEREFS="STYLE1" HEIGHT="96" WIDTH="320" HPOS="1470" VPOS="2780" CONTENT="udspyede" WC="0.72" LANG="dan"/>
							<SP ID="SP139" WIDTH="42" HPOS="1790" VPOS="2780"/>
							<String ID="STRING161" STYLEREFS="STYLE1" HEIGHT="95" WIDTH="164" HPOS="1832" VPOS="2781" CONTENT="Gift" WC="0.78" LANG="dan"/>
							<SP ID="SP140" WIDTH="38" HPOS="1996" VPOS="2781"/>
							<String ID="STRING162" STYLEREFS="STYLE1" HEIGHT="78" WIDTH="20" HPOS="2034" VPOS="2784" CONTENT="i" WC="0.68" LANG="dan"/>
							<SP ID="SP141" WIDTH="44" HPOS="2054" VPOS="2784"/>
							<String ID="STRING163" STYLEREFS="STYLE1" HEIGHT="80" WIDTH="180" HPOS="2098" VPOS="2788" CONTENT="deres" WC="0.9" LANG="dan"/>
							<SP ID="SP142" WIDTH="46" HPOS="2278" VPOS="2788"/>
							<String ID="STRING164" STYLEREFS="STYLE1" HEIGHT="83" WIDTH="188" HPOS="2324" VPOS="2787" CONTENT="Mad" WC="0.52" LANG="dan"/>
						</TextLine>
						<TextLine ID="LINE23" HEIGHT="117" WIDTH="1763" HPOS="746" VPOS="2867">
							<String ID="STRING165" STYLEREFS="STYLE1" HEIGHT="74" WIDTH="83" HPOS="746" VPOS="2885" CONTENT="vg" WC="0.47" LANG="dan"/>
							<SP ID="SP143" WIDTH="43" HPOS="829" VPOS="2885"/>
							<String ID="STRING166" STYLEREFS="STYLE1" HEIGHT="97" WIDTH="273" HPOS="872" VPOS="2867" CONTENT="Drikke." WC="0.77" LANG="dan"/>
							<SP ID="SP144" WIDTH="135" HPOS="1145" VPOS="2867"/>
							<String ID="STRING167" STYLEREFS="STYLE1" HEIGHT="98" WIDTH="69" HPOS="1280" VPOS="2877" CONTENT="I" WC="1" LANG="dan"/>
							<SP ID="SP145" WIDTH="43" HPOS="1349" VPOS="2877"/>
							<String ID="STRING168" STYLEREFS="STYLE1" HEIGHT="80" WIDTH="75" HPOS="1392" VPOS="2885" CONTENT="de" WC="0.63" LANG="dan"/>
							<SP ID="SP146" WIDTH="41" HPOS="1467" VPOS="2885"/>
							<String ID="STRING169" STYLEREFS="STYLE1" HEIGHT="100" WIDTH="369" HPOS="1508" VPOS="2880" CONTENT="kostbareste" WC="0.68" LANG="dan"/>
							<SP ID="SP147" WIDTH="41" HPOS="1877" VPOS="2880"/>
							<String ID="STRING170" STYLEREFS="STYLE1" HEIGHT="104" WIDTH="351" HPOS="1918" VPOS="2880" CONTENT="Palladser" WC="0.81" LANG="dan"/>
							<SP ID="SP148" WIDTH="43" HPOS="2269" VPOS="2880"/>
							<String ID="STRING171" STYLEREFS="STYLE1" HEIGHT="87" WIDTH="197" HPOS="2312" VPOS="2885" CONTENT="boede" WC="0.75" LANG="dan"/>
						</TextLine>
						<TextLine ID="LINE24" HEIGHT="107" WIDTH="1760" HPOS="747" VPOS="2970">
							<String ID="STRING172" STYLEREFS="STYLE1" HEIGHT="84" WIDTH="202" HPOS="747" VPOS="2981" CONTENT="meget" WC="0.62" LANG="dan"/>
							<SP ID="SP149" WIDTH="58" HPOS="949" VPOS="2981"/>
							<String ID="STRING173" STYLEREFS="STYLE1" HEIGHT="94" WIDTH="126" HPOS="1007" VPOS="2970" CONTENT="ofte" WC="1" LANG="dan"/>
							<SP ID="SP150" WIDTH="42" HPOS="1133" VPOS="2970"/>
							<String ID="STRING174" STYLEREFS="STYLE1" HEIGHT="97" WIDTH="386" HPOS="1175" VPOS="2970" CONTENT="Taranteler" WC="0.72" LANG="dan"/>
							<SP ID="SP151" WIDTH="58" HPOS="1561" VPOS="2970"/>
							<String ID="STRING175" STYLEREFS="STYLE1" HEIGHT="77" WIDTH="80" HPOS="1619" VPOS="3000" CONTENT="og" WC="0.71" LANG="dan"/>
							<SP ID="SP152" WIDTH="60" HPOS="1699" VPOS="3000"/>
							<String ID="STRING176" STYLEREFS="STYLE1" HEIGHT="77" WIDTH="202" HPOS="1759" VPOS="2987" CONTENT="andre" WC="0.82" LANG="dan"/>
							<SP ID="SP153" WIDTH="64" HPOS="1961" VPOS="2987"/>
							<String ID="STRING177" STYLEREFS="STYLE1" HEIGHT="65" WIDTH="192" HPOS="2025" VPOS="3000" CONTENT="urene" WC="0.8" LANG="dan"/>
							<SP ID="SP154" WIDTH="50" HPOS="2217" VPOS="3000"/>
							<String ID="STRING178" STYLEREFS="STYLE1" HEIGHT="86" WIDTH="240" HPOS="2267" VPOS="2983" CONTENT="Orme." WC="0.65" LANG="dan"/>
						</TextLine>
						<TextLine ID="LINE25" HEIGHT="120" WIDTH="1764" HPOS="743" VPOS="3059">
							<String ID="STRING179" STYLEREFS="STYLE1" HEIGHT="91" WIDTH="226" HPOS="743" VPOS="3059" CONTENT="Andre" WC="0.68" LANG="dan"/>
							<SP ID="SP155" WIDTH="36" HPOS="969" VPOS="3059"/>
							<String ID="STRING180" STYLEREFS="STYLE1" HEIGHT="68" WIDTH="152" HPOS="1005" VPOS="3086" CONTENT="vare" WC="0.82" LANG="dan"/>
							<SP ID="SP156" WIDTH="38" HPOS="1157" VPOS="3086"/>
							<String ID="STRING181" STYLEREFS="STYLE1" HEIGHT="94" WIDTH="300" HPOS="1195" VPOS="3077" CONTENT="omgivne" WC="0.71" LANG="dan"/>
							<SP ID="SP157" WIDTH="22" HPOS="1495" VPOS="3077"/>
							<String ID="STRING182" STYLEREFS="STYLE1" HEIGHT="76" WIDTH="144" HPOS="1517" VPOS="3086" CONTENT="med" WC="0.72" LANG="dan"/>
							<SP ID="SP158" WIDTH="40" HPOS="1661" VPOS="3086"/>
							<String ID="STRING183" STYLEREFS="STYLE1" HEIGHT="76" WIDTH="68" HPOS="1701" VPOS="3085" CONTENT="al" WC="1" LANG="dan"/>
							<SP ID="SP159" WIDTH="40" HPOS="1769" VPOS="3085"/>
							<String ID="STRING184" STYLEREFS="STYLE1" HEIGHT="76" WIDTH="120" HPOS="1809" VPOS="3085" CONTENT="den" WC="0.81" LANG="dan"/>
							<SP ID="SP160" WIDTH="38" HPOS="1929" VPOS="3085"/>
							<String ID="STRING185" STYLEREFS="STYLE1" HEIGHT="101" WIDTH="358" HPOS="1967" VPOS="3078" CONTENT="Overflod," WC="0.58" LANG="dan"/>
							<SP ID="SP161" WIDTH="42" HPOS="2325" VPOS="3078"/>
							<String ID="STRING186" STYLEREFS="STYLE1" HEIGHT="94" WIDTH="140" HPOS="2367" VPOS="3081" CONTENT="som" WC="0.68" LANG="dan"/>
						</TextLine>
						<TextLine ID="LINE26" HEIGHT="116" WIDTH="1761" HPOS="741" VPOS="3164">
							<String ID="STRING187" STYLEREFS="STYLE1" HEIGHT="62" WIDTH="57" HPOS="741" VPOS="3175" CONTENT="er" WC="0.63" LANG="dan"/>
							<SP ID="SP162" WIDTH="41" HPOS="798" VPOS="3175"/>
							<String ID="STRING188" STYLEREFS="STYLE1" HEIGHT="96" WIDTH="293" HPOS="839" VPOS="3164" CONTENT="velsignet" WC="0.79" LANG="dan"/>
							<SP ID="SP163" WIDTH="41" HPOS="1132" VPOS="3164"/>
							<String ID="STRING189" STYLEREFS="STYLE1" HEIGHT="89" WIDTH="175" HPOS="1173" VPOS="3170" CONTENT="Land" WC="0.67" LANG="dan"/>
							<SP ID="SP164" WIDTH="43" HPOS="1348" VPOS="3170"/>
							<String ID="STRING190" STYLEREFS="STYLE1" HEIGHT="83" WIDTH="207" HPOS="1391" VPOS="3177" CONTENT="kunde" WC="0.63" LANG="dan"/>
							<SP ID="SP165" WIDTH="41" HPOS="1598" VPOS="3177"/>
							<String ID="STRING191" STYLEREFS="STYLE1" HEIGHT="96" WIDTH="237" HPOS="1639" VPOS="3179" CONTENT="tilbyde" WC="0.79" LANG="dan"/>
							<SP ID="SP166" WIDTH="37" HPOS="1876" VPOS="3179"/>
							<String ID="STRING192" STYLEREFS="STYLE1" HEIGHT="97" WIDTH="185" HPOS="1913" VPOS="3183" CONTENT="dem;" WC="0.71" LANG="dan"/>
							<SP ID="SP167" WIDTH="59" HPOS="2098" VPOS="3183"/>
							<String ID="STRING193" STYLEREFS="STYLE1" HEIGHT="75" WIDTH="79" HPOS="2157" VPOS="3198" CONTENT="og" WC="0.77" LANG="dan"/>
							<SP ID="SP168" WIDTH="53" HPOS="2236" VPOS="3198"/>
							<String ID="STRING194" STYLEREFS="STYLE1" HEIGHT="94" WIDTH="213" HPOS="2289" VPOS="3185" CONTENT="havde" WC="0.79" LANG="dan"/>
						</TextLine>
						<TextLine ID="LINE27" HEIGHT="109" WIDTH="1766" HPOS="736" VPOS="3261">
							<String ID="STRING195" STYLEREFS="STYLE1" HEIGHT="90" WIDTH="128" HPOS="736" VPOS="3261" CONTENT="dog" WC="0.54" LANG="dan"/>
							<SP ID="SP169" WIDTH="48" HPOS="864" VPOS="3261"/>
							<String ID="STRING196" STYLEREFS="STYLE1" HEIGHT="91" WIDTH="184" HPOS="912" VPOS="3265" CONTENT="ingen" WC="0.81" LANG="dan"/>
							<SP ID="SP170" WIDTH="26" HPOS="1096" VPOS="3265"/>
							<String ID="STRING197" STYLEREFS="STYLE1" HEIGHT="87" WIDTH="232" HPOS="1122" VPOS="3266" CONTENT="Mund" WC="0.5" LANG="dan"/>
							<SP ID="SP171" WIDTH="40" HPOS="1354" VPOS="3266"/>
							<String ID="STRING198" STYLEREFS="STYLE1" HEIGHT="65" WIDTH="70" HPOS="1394" VPOS="3289" CONTENT="at" WC="0.97" LANG="dan"/>
							<SP ID="SP172" WIDTH="40" HPOS="1464" VPOS="3289"/>
							<String ID="STRING199" STYLEREFS="STYLE1" HEIGHT="90" WIDTH="170" HPOS="1504" VPOS="3280" CONTENT="nyde" WC="0.89" LANG="dan"/>
							<SP ID="SP173" WIDTH="38" HPOS="1674" VPOS="3280"/>
							<String ID="STRING200" STYLEREFS="STYLE1" HEIGHT="80" WIDTH="118" HPOS="1712" VPOS="3283" CONTENT="den" WC="0.75" LANG="dan"/>
							<SP ID="SP174" WIDTH="38" HPOS="1830" VPOS="3283"/>
							<String ID="STRING201" STYLEREFS="STYLE1" HEIGHT="88" WIDTH="170" HPOS="1868" VPOS="3282" CONTENT="med," WC="0.69" LANG="dan"/>
							<SP ID="SP175" WIDTH="46" HPOS="2038" VPOS="3282"/>
							<String ID="STRING202" STYLEREFS="STYLE1" HEIGHT="65" WIDTH="146" HPOS="2084" VPOS="3296" CONTENT="men" WC="0.85" LANG="dan"/>
							<SP ID="SP176" WIDTH="40" HPOS="2230" VPOS="3296"/>
							<String ID="STRING203" STYLEREFS="STYLE1" HEIGHT="80" WIDTH="20" HPOS="2270" VPOS="3281" CONTENT="i" WC="0.29" LANG="dan"/>
							<SP ID="SP177" WIDTH="44" HPOS="2290" VPOS="3281"/>
							<String ID="STRING204" STYLEREFS="STYLE1" HEIGHT="78" WIDTH="168" HPOS="2334" VPOS="3287" CONTENT="dens" WC="0.82" LANG="dan"/>
						</TextLine>
						<TextLine ID="LINE28" HEIGHT="120" WIDTH="1765" HPOS="732" VPOS="3353">
							<String ID="STRING205" STYLEREFS="STYLE1" HEIGHT="84" WIDTH="218" HPOS="732" VPOS="3353" CONTENT="Stæd" WC="0.6" LANG="dan"/>
							<SP ID="SP178" WIDTH="54" HPOS="950" VPOS="3353"/>
							<String ID="STRING206" STYLEREFS="STYLE1" HEIGHT="92" WIDTH="206" HPOS="1004" VPOS="3362" CONTENT="havde" WC="0.77" LANG="dan"/>
							<SP ID="SP179" WIDTH="58" HPOS="1210" VPOS="3362"/>
							<String ID="STRING207" STYLEREFS="STYLE1" HEIGHT="76" WIDTH="72" HPOS="1268" VPOS="3375" CONTENT="de" WC="0.64" LANG="dan"/>
							<SP ID="SP180" WIDTH="52" HPOS="1340" VPOS="3375"/>
							<String ID="STRING208" STYLEREFS="STYLE1" HEIGHT="85" WIDTH="348" HPOS="1392" VPOS="3373" CONTENT="bekommet" WC="0.73" LANG="dan"/>
							<SP ID="SP181" WIDTH="58" HPOS="1740" VPOS="3373"/>
							<String ID="STRING209" STYLEREFS="STYLE1" HEIGHT="90" WIDTH="116" HPOS="1798" VPOS="3375" CONTENT="fire" WC="0.45" LANG="dan"/>
							<SP ID="SP182" WIDTH="42" HPOS="1914" VPOS="3375"/>
							<String ID="STRING210" STYLEREFS="STYLE1" HEIGHT="99" WIDTH="261" HPOS="1956" VPOS="3374" CONTENT="Øyne," WC="0.93" LANG="dan"/>
							<SP ID="SP183" WIDTH="55" HPOS="2217" VPOS="3374"/>
							<String ID="STRING211" STYLEREFS="STYLE1" HEIGHT="96" WIDTH="105" HPOS="2272" VPOS="3377" CONTENT="for" WC="0.76" LANG="dan"/>
							<SP ID="SP184" WIDTH="45" HPOS="2377" VPOS="3377"/>
							<String ID="STRING212" STYLEREFS="STYLE1" HEIGHT="68" WIDTH="75" HPOS="2422" VPOS="3400" CONTENT="at" WC="0.67" LANG="dan"/>
						</TextLine>
						<TextLine ID="LINE29" HEIGHT="125" WIDTH="1758" HPOS="731" VPOS="3453">
							<String ID="STRING213" STYLEREFS="STYLE1" HEIGHT="98" WIDTH="208" HPOS="731" VPOS="3453" CONTENT="beskue" WC="0.72" LANG="dan"/>
							<SP ID="SP185" WIDTH="46" HPOS="939" VPOS="3453"/>
							<String ID="STRING214" STYLEREFS="STYLE1" HEIGHT="94" WIDTH="248" HPOS="985" VPOS="3458" CONTENT="samme." WC="0.7" LANG="dan"/>
							<SP ID="SP186" WIDTH="102" HPOS="1233" VPOS="3458"/>
							<String ID="STRING215" STYLEREFS="STYLE1" HEIGHT="84" WIDTH="132" HPOS="1335" VPOS="3469" CONTENT="De" WC="0.81" LANG="dan"/>
							<SP ID="SP187" WIDTH="38" HPOS="1467" VPOS="3469"/>
							<String ID="STRING216" STYLEREFS="STYLE1" HEIGHT="94" WIDTH="358" HPOS="1505" VPOS="3475" CONTENT="latterligste" WC="0.7" LANG="dan"/>
							<SP ID="SP188" WIDTH="40" HPOS="1863" VPOS="3475"/>
							<String ID="STRING217" STYLEREFS="STYLE1" HEIGHT="87" WIDTH="204" HPOS="1903" VPOS="3473" CONTENT="iblant" WC="0.74" LANG="nob"/>
							<SP ID="SP189" WIDTH="46" HPOS="2107" VPOS="3473"/>
							<String ID="STRING218" STYLEREFS="STYLE1" HEIGHT="77" WIDTH="142" HPOS="2153" VPOS="3484" CONTENT="dem" WC="0.65" LANG="dan"/>
							<SP ID="SP190" WIDTH="44" HPOS="2295" VPOS="3484"/>
							<String ID="STRING219" STYLEREFS="STYLE1" HEIGHT="93" WIDTH="150" HPOS="2339" VPOS="3485" CONTENT="alle," WC="0.96" LANG="dan"/>
						</TextLine>
					</TextBlock>
				</ComposedBlock>
			</PrintSpace>
		</Page>
	</Layout>
</alto>
