2963 4747
1157 741 120 96 hed
1309 754 72 66 at
1421 736 202 96 gisre,
1659 738 120 76 end
1819 734 192 93 strax,
2049 732 172 76 uden
2261 745 208 76 nogen
2497 724 334 102 Henstand

1153 845 145 76 eller
1321 836 319 86 Vidners
1661 830 277 100 Førelse,
1961 833 121 76 ved
2105 823 303 97 Eftersyn
2431 824 77 94 af
2541 828 295 101 Medicis,

1474 942 74 73 de
1590 930 368 96 Anstukne,
2000 927 134 92 som
2174 946 132 76 paa
2346 946 204 74 nogen
2592 928 246 81 Maade

1454 1049 73 64 at
1568 1052 233 70 curere,
1838 1028 249 77 komme
2130 1028 19 74 i
2196 1024 247 92 saadan
2488 1042 55 60 et
2578 1024 259 99 Lazaret,

1467 1143 194 68 vores
1717 1126 144 94 viise
1907 1125 352 96 Regiering
2313 1125 206 92 gierne
2559 1130 102 74 lod
2701 1123 138 96 føye

1445 1248 23 80 ;
1537 1251 81 74 og
1663 1226 183 98 disse,
1899 1225 135 92 som
2091 1228 217 74 endnu
2367 1241 153 60 vare
2563 1222 163 95 friste
2761 1249 77 74 og

1164 1332 200 93 sunde
1408 1328 82 93 af
1524 1327 144 98 disse
1710 1346 168 74 unge
1922 1323 522 100 Fruentimmer,
2488 1323 266 92 anviises
2792 1343 50 62 et

1174 1430 497 94 Spindehuus,
1714 1430 127 88 dog
1882 1429 145 74 med
2072 1442 207 70 nogen
2318 1419 271 100 Forstiel
2628 1424 191 81 indret-

1165 1547 92 64 tet
1281 1526 152 94 efter
1459 1532 182 73 deres
1667 1523 258 83 Stand
1949 1527 142 75 eller
2129 1516 442 105 Opdragelse;
2627 1528 70 73 de
2721 1519 96 86 Ari-

1169 1627 219 98 siukne
1425 1632 73 76 til
1541 1625 279 93 Zlarene,
1861 1643 83 72 og
1989 1621 257 84 Grund
2273 1623 19 72 i
2319 1619 357 96 bedervede,
2725 1621 119 94 som

1312 1746 156 62 vare
1528 1726 322 90 curerede,
1898 1721 214 94 sælges
2156 1720 68 80 til
2264 1718 464 99 Plantagerne;
2776 1745 72 70 og

1456 1830 49 74 le
1550 1820 691 103 Horen-Brouteurer
2280 1825 145 74 med
2468 1825 175 73 deres
2683 1818 147 94 Rus-

1175 1922 220 98 fersker
1831 1925 140 75 eller
2019 1941 78 75 og
2141 1917 254 94 anvises
2441 1934 56 66 et
2536 1916 291 102 Arbed-

1173 2024 199 100 Sted
1421 2024 105 92 for
1565 2021 277 84 Levetid:
1927 2019 113 92 saa
2081 2040 199 58 naaer
2325 2015 163 99 først
2529 2031 185 69 vores
2749 2019 81 82 Al-

1172 2125 422 96 lernaadigste
1634 2121 280 93 Konges
1978 2122 150 93 sidst
2194 2124 346 89 udgangne
2582 2118 238 98 Forord-

1174 2227 161 91 ning
1390 2244 109 57 om
1564 2227 75 74 de
1680 2220 509 95 Besvangredes
2246 2239 79 74 og
2386 2225 179 73 deres
2614 2212 239 89 Børns

1179 2323 436 100 Privilegier,
1661 2326 172 74 uden
1875 2318 102 95 for
2017 2318 382 96 LEgtestab,
2441 2317 94 95 sin
2573 2318 252 95 ustatter-

1181 2429 159 89 lige,
1395 2418 461 101 indsigtsfulde
1911 2439 81 74 og
2035 2440 151 57 over
2229 2424 65 72 al
2341 2417 259 82 Maade
2637 2419 215 94 nyttige

1178 2521 306 100 Hensigt.
1634 2517 144 83 Da
1836 2538 168 61 troer
2064 2521 98 93 jeg
2224 2538 108 73 ey,
2412 2534 176 63 enten
2642 2517 214 96 geistlig

1369 2621 277 94 verdslig
1682 2620 229 80 Mand
1952 2623 147 74 med
2140 2619 249 95 oplukte
2422 2617 205 95 Øyne
2664 2620 189 93 støder

1325 2726 302 89 derover;
1683 2722 92 92 thi
1813 2716 80 97 af
1929 2737 66 60 to
2035 2717 242 97 Slags
2311 2715 202 84 Onde
2553 2719 298 90 udvælger

1185 2842 163 59 man
1405 2822 247 93 rintelig
1713 2826 101 74 det
1865 2821 283 85 mindste.
2301 2817 125 94 Og
2471 2817 169 95 hvad
2681 2835 59 60 er
2775 2835 81 60 nu

1190 2922 238 92 mindst
1468 2939 84 74 og
1598 2923 174 88 hvad
1812 2921 212 92 størst,
2066 2934 180 64 enten
2288 2915 282 94 saaledes
2612 2912 126 94 som
2774 2933 82 60 nu

1190 3043 105 71 er,
1380 3026 85 74 da
1524 3029 205 87 endog
1792 3024 73 74 de
1924 3019 329 94 skønneste
2297 3015 435 96 Skabninger
2784 3035 73 74 og

1191 3118 270 94 udsøgte
1503 3116 428 100 Skønheder
1969 3111 80 98 af
2079 3123 102 73 det
2227 3116 242 92 smukke
2503 3114 186 84 Klon
2729 3121 128 72 med

1623 3224 121 74 ved
1785 3236 59 60 et
1879 3216 243 97 Privet
2163 3222 141 75 eller
2337 3223 195 74 andet
2565 3218 271 89 Ureenlig-

1618 3335 24 82 ;
1704 3322 140 74 eller
1896 3339 84 70 og
2038 3332 70 61 at
2168 3322 202 75 denne
2444 3319 252 79 Uorden
2736 3313 124 78 blev

1562 3439 83 74 og
1700 3416 273 94 saadant
2028 3431 57 62 et
2130 3414 513 98 Fruentimmer,
2702 3431 137 62 over-

1717 3518 92 96 sig
1853 3521 194 78 allene
2085 3514 70 84 til
2199 3536 104 64 een
2337 3512 294 103 Elskere-·
2663 3533 80 78 og
2783 3517 78 74 da

2749 3613 109 80 ved
