3068 4748
78 763 37 25 "
134 756 159 78 lende
320 747 207 88 Latter
548 764 23 78 ;
616 750 197 75 denne
856 737 275 96 standser
1178 740 141 76 med
1370 745 59 64 et
1468 731 119 79 den
1620 748 109 60 om-

79 896 191 72 "talre
303 880 391 101 Hidsighed,
733 899 81 74 og
843 876 309 82 Manden
1195 872 202 80 bliver
1441 869 107 94 saa
1586 869 139 78 kold-

78 994 625 137 '«’-"fin»dig,«som«om
130 1020 228 95 sindig,
412 1019 130 90 som
596 1036 108 60 om
750 1015 132 92 han
928 1031 124 59 var
1100 1008 246 92 overøst
1392 1015 144 70 med
1586 1004 172 81 koldt

79 1154 330 97 "Wand;'
441 1172 156 60 man
627 1150 124 79 kan
783 1149 210 78 kier.de
1021 1161 136 74 paa
1189 1142 194 93 ham,
1429 1157 70 58 at
1529 1139 130 87 han
1695 1157 68 60 er

83 1288 341 94 "helbredet
480 1306 134 74 paa
668 1305 76 58 en
805 1279 283 99 oprigtig
1137 1275 435 91 Bedrøvelse,
1629 1276 135 88 som

84 1429 28 21 "
132 1422 277 98 langsom
442 1419 205 93 skyder
678 1423 89 74 ud
800 1415 107 85 fra
938 1414 175 94 hans
1142 1406 327 96 mdfalone
1506 1407 260 95 Øyne."

79 1555 268 96 (Denne
379 1555 352 76 bedrøvede
758 1548 282 90 Masq
1081 1565 64 58 er
1187 1540 122 80 ikke
1343 1544 18 75 i
1397 1539 210 82 Mode
1633 1564 136 74 paa

80 1682 498 100 Masqverade,)
612 1701 154 74 ney,
796 1679 388 95 Masqverne
1212 1696 128 74 paa
1374 1677 142 94 sidst
1544 1680 198 76 almin-

78 1822 193 94 delige
284 1817 441 93 Masqverade
758 1813 201 92 havde
992 1831 57 54 er
1066 1809 329 90 Udseende,
1420 1807 125 92 som
1566 1812 207 92 svarte

85 1958 75 76 til
193 1962 67 70 de-
753 1945 243 81 Sinds
1017 1941 416 98 Forfatning.
1491 1943 139 101 Jeg
1653 1966 129 63 var

80 2096 158 82 taus
264 2109 78 72 og
376 2087 176 92 hørte
582 2080 122 83 kun
734 2081 92 78 til.

256 2219 160 99 Jeg
465 2219 138 91 saae
655 2229 64 64 tv
743 2209 386 100 Hollandske
1163 2207 338 94 Matrosir
1549 2228 72 64 at
1663 2223 88 74 ud-

89 2359 131 93 søge
247 2358 91 91 sig
366 2373 76 60 en
475 2350 229 93 Krog,
735 2345 103 98 for
863 2354 111 72 der
1007 2361 69 62 at
1111 2350 121 72 tale
1263 2353 143 70 med
1437 2345 343 94 hinanden.

88 2491 131 97 Jeg
248 2491 139 79 blev
424 2481 457 97 opmærksom;
918 2478 89 94 thi
1038 2477 97 94 jeg
1166 2481 121 89 har
1320 2480 171 91 hort,
1526 2498 73 60 at
1618 2482 145 98 Hol-

91 2629 294 73 lænderen
413 2637 62 61 er
511 2631 204 80 meget
749 2611 58 94 fr
819 2614 388 78 iltænkende.
1309 2608 130 83 Nu
1491 2613 118 91 stal
1655 2616 132 85 De

92 2755 158 79 kuns
284 2751 151 95 bare
482 2772 76 60 en
578 2748 368 83 Samrale:
1002 2753 36 24 "
1074 2745 238 84 Siden
1332 2742 460 89 Dannemark

94 2888 183 78 "blev
310 2883 305 95 beklippet
648 2883 19 76 i
699 2879 337 81 Kan-reene
1082 2896 195 79 grove
1324 2899 81 74 og
1450 2877 343 104 kiendelig,

95 3020 167 94 ''som
291 3017 299 100 Joderne
621 3015 317 95 beklipper
989 3034 149 57 vore
1173 3009 367 99 Dukater,
1581 3036 95 62 ere
1725 3029 75 72 de

98 3155 442 93 "almindelige
572 3146 422 102 Fornøyelser
1026 3147 216 80 blevne
1270 3145 220 95 ganske
1524 3148 142 80 ækle
1713 3167 82 84 og

101 3288 438 96 "afsmagelige
573 3284 96 94 for
689 3281 408 100 Patriotens
1133 3303 78 71 og
1233 3276 564 97 Mennrske»Wen«

99 3421 457 86 "nensGam-
609 3418 131 85 De
757 3414 421 97 besynderlige
1211 3415 381 94 smitsomme
1611 3436 79 76 og
1713 3429 97 66 ret

102 3550 273 103 "farlige
416 3555 289 99 Syger,
756 3553 133 94 som
934 3556 159 82 dette
1138 3545 179 103 Rige
1346 3550 305 101 vepelviis
1686 3550 127 93 har
