2973 4752
949 139 38 19 -

1158 572 114 68 io

1139 777 204 87 meget
1373 775 138 72 tom
1543 759 216 86 Snak
1805 780 160 60 man
2013 764 119 73 end
2183 757 170 82 vilde
2399 757 162 95 strøs
2605 764 84 76 ud
2729 782 86 60 om

1135 902 242 98 Folkes
1403 893 374 102 Hellighed,
1837 896 108 92 saa
1977 894 166 80 vilde
2175 889 288 86 Verden
2497 900 126 90 dog
2655 898 162 94 langt

1134 1034 114 102 fra
1292 1033 128 82 ikke
1466 1045 130 66 troe
1640 1035 142 87 det,
1836 1034 86 72 da
1972 1036 118 70 den
2142 1025 156 96 hver
2329 1023 189 99 Dag
2570 1030 136 90 saae
2736 1036 84 74 det

1136 1174 138 94 fom
1304 1183 126 66 var
1466 1177 164 68 tvert
1666 1165 218 97 imod;
1938 1162 66 78 vi
2042 1162 142 93 fane
2228 1163 250 95 videre,
2532 1176 72 68 at
2632 1162 20 78 i
2680 1148 138 112 hvor

1134 1317 212 85 meget
1378 1317 160 64 man
1572 1301 116 74 end
1736 1292 162 82 vilde
1946 1294 172 82 lukke
2168 1297 128 94 sine
2326 1295 206 95 Øyne
2580 1298 72 78 til
2696 1314 122 68 over

1137 1440 290 94 Lasterne
1461 1453 80 74 og
1559 1426 484 98 Misbrugene,
2075 1427 108 92 saa
2217 1431 200 82 burde
2449 1436 126 90 dog
2609 1428 212 98 ethvert

1139 1571 264 98 redeligt
1432 1560 339 95 Menneske
1805 1559 194 105 skrive
2031 1568 258 87 derom,
2345 1585 80 76 og
2469 1574 140 74 med
2639 1562 182 84 Latter

1137 1712 344 84 bedømme
1513 1703 182 87 dem,
1747 1698 170 92 siden
1965 1714 156 63 man
2173 1717 128 62 var
2345 1695 112 98 saa
2501 1698 221 98 «blue,
2763 1716 56 64 at

1142 1844 182 98 stcrbe
1358 1847 144 70 dem
1536 1837 198 89 langs
1772 1828 78 96 af
1878 1830 336 84 Gaderne.
2330 1830 166 101 Folk
2524 1852 134 76 paa
2690 1832 112 82 Lan-

1136 1986 144 88 det,
1310 1971 270 92 elendige
1612 1989 82 75 og
1728 1962 338 100 eenfoldige
2100 1965 200 98 Folk,
2336 1969 172 80 bleve
2538 1966 268 98 opmærk-

1134 2110 277 94 somme,
1462 2103 114 94 saa
1622 2099 303 97 kiendelig
1970 2098 175 100 spilte
2194 2097 287 100 Lasterne
2530 2122 83 76 og
2656 2100 147 82 Mis-

1133 2246 284 91 brugene
1461 2243 182 72 deres
1673 2233 218 85 Rolle.
2049 2233 430 98 Sædelighed
2511 2232 310 96 besvimeve

1131 2378 192 96 hvert
1353 2367 320 100 Øyeblik,
1725 2390 82 74 og
1837 2378 114 84 de,
2005 2366 128 96 som
2163 2365 214 80 baade
2415 2367 198 81 burde
2649 2392 78 76 og
2757 2370 64 96 fik

1135 2507 389 94 Bekalning
1553 2499 103 96 for
1687 2520 71 62 ar
1781 2500 227 96 ssrive,
2041 2509 181 74 torde
2257 2521 83 78 og
2373 2503 167 81 vilde
2573 2500 123 84 ikke
2715 2501 90 98 skri-

1133 2640 318 100 ve;"midt
1284 2641 168 80 midt
1482 2639 24 78 i
1538 2645 196 72 denne
1770 2638 108 90 saa
1916 2633 416 100 storeTrang
2368 2639 166 89 læser
2570 2636 250 84 Landets

1132 2776 264 93 Børn,
1448 2769 168 98 hvor
1644 2774 100 74 vel
1778 2774 72 76 de
1882 2767 220 102 helige
2134 2769 214 96 Laster
2386 2793 92 61 nu
2516 2772 126 80 kan
2680 2774 138 80 blive

1130 2910 209 99 feyet;
1388 2913 77 76 de
1494 2903 183 98 faaer
1706 2902 181 82 Mod
1934 2906 75 78 til
2048 2927 73 60 ar
2150 2896 191 103 skrive
2434 2921 91 67 da
2564 2918 75 72 de
2682 2910 137 94 læser

1129 3043 432 96 Majestetens
1593 3037 188 84 milde
1807 3036 476 101 Opmuntring
2317 3044 226 96 dertil;
2587 3056 70 68 de
2687 3062 132 62 vare

1129 3178 206 95 ogsaa
1365 3195 92 62 nu
1485 3173 162 82 kiede
1677 3174 78 94 af
1785 3180 288 93 længere,
2105 3187 144 70 med
2279 3175 346 103 Tavshed,
2661 3196 66 64 at
2755 3181 65 95 see

1133 3310 289 92 Lasterne
1449 3329 85 76 og
1565 3307 443 99 Misbrugene
2037 3308 113 96 saa
2179 3307 131 98 frek
2341 3329 75 66 at
2463 3336 165 74 gaae
2661 3310 157 100 frem.

1136 3450 150 90 Her
1314 3461 126 62 var
1472 3442 440 97 mangeAars
1930 3442 284 99 Indsigt
2250 3467 82 76 og
2368 3446 324 100 Erfaring
2724 3464 96 64 om

1132 3582 74 78 de
1254 3574 386 101 Lastefuldes
1680 3599 190 65 urene
1920 3578 460 105 Handlinger,
2448 3583 108 101 her
2600 3602 120 68 var
2754 3600 64 60 en
