2985 4748
1338 729 203 101 Disse
1584 726 483 92 Torden-Ord
2110 738 267 86 trængte
2424 727 135 95 mig
2614 714 107 92 ind
2770 729 67 80 ril

1143 870 280 93 Sielen,
1473 892 80 70 og
1595 874 118 70 den
1755 887 104 58 ene
1917 864 290 84 Smerte
2255 858 228 80 viklede
2527 863 90 93 sig
2667 864 104 75 ind
2815 865 22 76 i

1134 1019 122 69 den
1288 1013 248 83 anden,
1582 1024 80 74 og
1706 995 166 96 forte
1928 1004 134 85 mig
2108 999 108 74 ind
2246 996 18 76 i
2296 1012 56 60 et
2380 991 356 86 Vilderede
2770 991 74 98 af

1138 1141 305 99 Plager,
1492 1144 109 72 der
1650 1136 181 91 hvert
1869 1128 284 101 Onkels-Ak
2198 1128 323 92 kappedes
2566 1140 139 66 med
2732 1137 103 82 de,

1137 1282 141 74 min
1309 1271 259 97 elskelige
1601 1268 219 96 Fader
1849 1266 263 91 udstod,
2155 1282 107 58 om
2297 1262 189 92 hvem
2521 1260 77 92 af
2623 1270 79 68 os
2731 1271 101 70 der

1134 1411 161 91 først
1326 1405 196 94 stalde
1556 1421 160 77 gaae
1738 1401 18 76 i
1774 1397 282 96 Jorden.
2164 1395 234 97 Ingen
2434 1417 146 56 arm
2602 1392 204 84 Skab-

1137 1548 160 92 ning
1327 1539 124 98 har
1479 1537 174 77 bedet
1683 1553 164 58 mere
1883 1536 372 73 brændende
2291 1552 78 71 og
2403 1529 264 90 anholdt
2697 1537 136 72 med

1138 1698 170 60 mere
1354 1675 186 78 bittre
1569 1656 261 120 Tanker
1880 1686 106 56 om
2021 1662 359 97 Forladelse
2427 1663 121 94 hos
2582 1674 116 66 den
2727 1671 79 82 dy-

1132 1812 199 96 digste
1346 1807 239 96 Fader,
1618 1809 117 71 end
1750 1801 95 95 jeg
1878 1800 121 92 har
2030 1799 329 92 bestormet
2386 1807 113 70 den
2530 1799 107 89 saa
2664 1799 167 94 billig

1133 1945 364 97 fortørnede
1527 1936 300 98 Himmel
1857 1946 140 66 med
2027 1931 166 80 mine
2223 1930 294 84 Bønner
2545 1950 85 76 øg
2651 1928 156 90 Taa-

1126 2098 148 78 rer;
1320 2077 114 80 ak!
1490 2071 252 97 Fader!
1802 2074 160 71 alles
2012 2064 214 97 Fader
2278 2081 380 75 opmuntrer
2712 2067 120 78 mit

1129 2215 356 93 forsørgede
1529 2226 80 74 og
1645 2203 330 96 nedslagne
2004 2198 267 97 Hierre,
2313 2216 72 59 ar
2427 2217 218 60 nævne
2676 2198 155 92 ham

1127 2360 217 72 endnu
1391 2363 157 58 mm
1579 2338 253 94 Fader.

1336 2475 149 84 Gid
1516 2484 157 70 dette
1708 2469 257 93 Navn,
2008 2466 130 91 som
2188 2463 102 85 for
2330 2467 134 78 min
2502 2485 214 63 ømme
2745 2491 76 75 og

1123 2615 256 91 saarede
1413 2609 166 81 Siel
1611 2628 62 58 er
1701 2613 102 72 der
1835 2605 218 92 sødeste
2085 2597 328 98 Valsom,
2457 2611 210 69 endnu
2701 2613 118 72 tale

1122 2749 158 83 Got
1314 2744 98 97 for
1446 2744 136 94 mig
1616 2740 18 78 i
1664 2748 100 71 der
1782 2737 336 98 Faderlige
2134 2737 262 95 Hierte,
2426 2747 108 68 der
2568 2737 248 97 vistnok

1120 2885 207 89 havde
1348 2879 297 94 sorvendt
1676 2875 91 94 sig
1794 2875 175 76 imod
1990 2875 169 92 mig,
2196 2872 151 94 hvis
2380 2869 121 82 ikke
2526 2881 115 71 den
2661 2895 127 59 naa-

1113 3016 143 94 dige
1113 3016 145 94 dige
1291 3012 253 97 Fader,
1587 3006 129 96 som
1747 3015 289 85 udgyder
2065 3027 151 59 over
2251 3010 119 76 alle
2417 3007 127 92 sine
2577 3006 209 84 Skab-

1110 3150 226 92 ninger
1364 3165 76 58 en
1470 3146 184 94 idelig
1682 3139 628 98 Barmhjertighed,
2358 3144 206 91 havde
2608 3142 200 79 tilladt

1110 3273 159 97 dette
1303 3279 132 78 min
1477 3279 268 91 fromme
1777 3273 258 98 Faders
2069 3271 268 101 Hierre,
2379 3289 74 68 at
2481 3276 206 82 aabne
2723 3283 84 90 sig

1105 3413 105 89 for
1246 3434 72 60 en
1347 3409 213 96 falden
1596 3432 80 73 og
1706 3409 304 94 ulyksalig
2039 3405 303 97 Datter,
2373 3421 111 72 der
2520 3422 140 72 med
2690 3419 130 74 den'

1102 3547 285 95 forlorne
1430 3545 185 85 Son
1660 3551 227 70 vender
1932 3542 239 99 tilbage
2206 3542 69 86 til
2318 3554 103 75 det
2466 3543 335 102 Faderlige

1101 3679 238 103 Huus.
1709 3673 242 101 Resten
1979 3676 224 101 følger.
