4955 5734
1698 949 128 74 tale
1868 937 218 100 Hans
2138 937 346 96 Majestæt
2520 940 70 80 til
2626 952 72 64 at
2740 952 178 78 troe,
2976 952 72 64 at
3092 942 116 74 der
3254 937 238 80 blandt
3520 931 510 100 Zndvaanerne
4060 932 204 98 ffulde

1697 1091 172 62 være
1931 1067 436 100 Jldesindede
2397 1069 178 80 imod
2621 1064 222 98 Hans
2891 1066 344 98 Majestæt
3297 1089 82 74 og
3431 1075 106 72 det
3585 1063 372 98 Kongelige
4021 1062 244 98 Huns.

1697 1198 138 87 De
1881 1201 176 80 bleve
2105 1223 80 72 og
2219 1205 236 76 derved
2509 1198 358 98 bestyrkede
2907 1202 176 78 iden
3133 1200 274 79 allerede
3451 1195 244 96 fattede
3743 1193 402 97 Mistanke,
4201 1204 72 72 at

1701 1328 198 85 Grev
1931 1331 332 76 Struenfee
2299 1337 220 74 endnu
2565 1330 216 94 havde
2829 1336 214 74 andre
3089 1330 214 79 videre
3349 1329 316 96 udseende
3701 1349 82 72 og
3831 1326 440 100 ambitieufe,

1699 1484 150 61 men
1879 1463 246 100 derhos
2165 1463 188 98 hoyst
2389 1459 436 99 formastelige
2861 1480 82 78 og
2975 1458 490 101 strafværdige,
3523 1455 376 100 Hensigter.

1965 1723 163 88 Det
2159 1747 191 60 mane
2381 1745 83 76 og
2494 1726 294 95 tilsaaes
2887 1738 71 66 at
2989 1722 314 97 adskilligt
3355 1721 81 100 af
3459 1731 145 90 det,
3669 1723 137 96 som
3861 1722 419 84 arriverede!

1698 1858 208 75 denne
1960 1853 392 100 Sommer,
2410 1877 82 77 og
2540 1858 144 94 især
2712 1858 22 80 i
2754 1852 424 98 Efteraaret,
3230 1859 212 78 kunde
3478 1857 286 96 bestyrke
3810 1863 150 75 dem
4008 1856 270 94 derudi,

1702 2004 82 75 og
1820 2005 258 76 operere
2114 2009 76 58 en
2224 1989 180 94 stærk
2422 1986 468 100 Præsumtion
2920 1984 262 96 derfor;
3242 1985 286 98 Ligesom
3568 1991 136 88 han
3746 2011 80 72 og
3862 1985 126 96 selv
4022 1986 126 98 har
4184 1986 96 78 til»

1700 2116 246 97 staaet,
2000 2131 74 66 at
2122 2115 314 96 adskillige
2490 2114 80 92 af
2598 2120 180 92 hans
2826 2113 436 77 Vee-Mythen
3306 2121 236 94 sigtede
3590 2121 70 78 til
3714 2137 72 62 at
3850 2120 432 73 maintenere

1698 2244 94 95 sig
1826 2263 138 78 paa
1992 2249 122 76 alle
2152 2243 308 86 Maader
2490 2250 18 78 i
2540 2256 124 72 den
2702 2246 422 100 Situation,
3182 2250 190 95 hvori
3406 2251 136 98 han
3582 2249 274 98 befandt
3878 2253 110 96 sig.

1967 2505 294 86 Garden
2295 2511 72 80 til
2389 2507 172 101 Hest
2589 2526 128 66 var
2749 2506 326 102 afskaffet,
3141 2510 138 94 som
3323 2511 234 104 forhen
3611 2533 66 62 er
3709 2519 222 76 meldt.

1973 2765 210 86 Som
2233 2767 198 82 Grev
2479 2768 384 102 Struenfee,
2937 2778 118 76 der
3105 2778 160 81 altid
3315 2777 338 100 frygtede,
3735 2783 130 90 dog
3899 2780 168 82 vilde
4111 2778 170 98 have

1701 2911 196 80 noget
1945 2897 376 82 Cavallerie
2359 2903 20 76 i
2417 2892 388 106 Nærheden
2835 2900 78 98 af
2925 2900 268 102 Hoffet,
3249 2907 144 80 blev
3423 2929 78 58 en
3531 2905 586 101 Ererceer-Troup
4151 2908 134 100 for»

1705 3037 214 70 méret.
2005 3027 178 82 Men
2235 3037 106 72 det
2383 3040 242 74 varede
2667 3032 126 84 ikke
2843 3042 248 90 længe,
3165 3032 238 98 forend
3457 3039 140 98 han
3647 3035 332 103 erfarede,
4061 3058 72 64 at
4183 3048 102 92 de,

1707 3145 223 105 saavei
1985 3161 19 78 i
2045 3149 389 108 Henseende
2489 3166 71 78 til
2615 3160 413 100 Officererne
3083 3162 141 96 som
3277 3171 75 76 de
3401 3165 381 100 Gemeene,
3832 3162 205 107 mees
4069 3174 215 98 bestod

1708 3287 80 94 af
1810 3287 366 102 indfodde,
2232 3315 82 76 og
2366 3311 72 64 at
2488 3300 80 74 de
2614 3300 282 76 aldeeles
2932 3294 124 82 ikke
3088 3312 158 67 vare
3278 3299 182 98 hans
3492 3297 206 102 Folk,
3758 3303 312 97 hvorpaa
4108 3306 182 96 hans

1712 3418 166 97 héele
1906 3419 202 90 Tillid
2138 3425 72 80 til
2248 3429 148 76 dem
2428 3421 176 100 faldt
2654 3426 194 100 bort,
2906 3424 264 100 ligesom
3226 3437 78 76 de
3352 3453 82 76 og
3480 3437 20 76 i
3532 3429 386 100 Efteraaret
3962 3436 102 96 gik
4092 3442 90 76 ud
4214 3436 86 98 af

1714 3544 356 101 hinanden.

1982 3813 178 98 Han
2210 3819 108 80 kod
2358 3821 256 95 derpaa
2660 3824 106 78 det
2800 3816 426 100 Sielkandffe
3268 3819 718 106 Dragon-Regiment
4038 3832 256 86 komme

1716 3946 115 77 ind
1867 3949 72 80 til
1976 3943 239 100 Hoffet
2261 3971 84 74 og
2374 3949 235 99 Byen.
2696 3950 125 100 Og
2861 3968 72 64 at
2968 3958 119 88 de,
3140 3952 19 78 i
3194 3946 387 101 Henseende
3617 3961 68 78 til
3726 3959 203 98 ham,
3975 3964 122 80 ikke
4129 3986 162 64 vare

1721 4081 388 76 anderledes
2159 4085 144 76 eller
2353 4081 192 83 bedre
2591 4084 432 94 disponerede
3085 4086 124 76 end
3257 4089 76 74 de
3377 4081 280 102 forrige,
3729 4089 170 98 have
3953 4100 78 78 de
4079 4102 214 96 aflagt

1721 4205 266 98 ustridig
2021 4203 244 100 Prove
2297 4229 156 80 paa.
