4606 5643
449 2734 24 55 in.
426 2642 6 8 '
460 2250 23 121 —
462 2200 22 33 III,
439 2062 47 99 Vf<i

922 929 202 84 Grev
1154 931 270 82 Brandt,
1488 929 138 97 som
1662 954 126 61 var
1818 937 234 80 immer
2094 957 108 60 om
2236 933 336 102 Kongen,
2626 939 356 99 bestyrkede
3012 941 204 100 Ham

652 1057 19 80 i
724 1064 149 92 der,
952 1058 331 74 §mienfee
1346 1063 397 90 insinuerede
1798 1085 79 74 og
1950 1062 321 101 foregav,
2342 1090 81 74 og
2490 1070 349 100 hindrede,
2905 1077 308 95 atingen

647 1187 150 81 kom
829 1190 72 81 ril
943 1207 72 64 at
1053 1190 380 95 overbeviise
1463 1189 220 103 Hans
1733 1193 342 99 Majestæt
2119 1217 108 60 om
2283 1205 128 73 den
2455 1196 401 104 Sandhed,
2905 1202 140 97 som
3087 1223 126 63 var

648 1333 170 67 tvert
874 1323 320 80 derimod.

909 1579 172 88 Der
1111 1600 128 64 var
1271 1588 194 93 ingen
1485 1585 302 102 Conseil,
1823 1607 82 77 og
1933 1588 118 96 saa
2087 1605 72 66 ar
2181 1591 126 94 sige
2337 1592 192 96 ingen
2549 1589 340 101 Minister.
2963 1585 246 102 Ingen

640 1707 148 81 kom
822 1710 70 81 til
932 1727 72 64 ar
1044 1718 130 74 tale
1202 1721 146 70 med
1388 1713 294 97 Kongen
1722 1723 278 93 alleene,
2054 1727 312 91 udende,
2420 1720 198 84 Grev
2656 1720 334 76 Struenfee
3024 1723 184 94 holdt

638 1841 91 94 sig
760 1834 301 103 forvissed
1096 1860 151 76 om;
1304 1843 201 94 ffeede
1534 1854 139 90 der,
1728 1867 125 62 var
1884 1855 103 75 det
2018 1850 171 81 kuns
2214 1873 133 72 paa
2384 1850 401 98 erØyeblik,
2842 1858 145 77 eller
3020 1851 185 94 saare

635 1967 144 81 kort
819 1964 200 101 Bid,
1073 1969 140 95 som
1251 1972 126 81 ikke
1411 1977 178 77 tillod
1621 1998 210 75 nogen
1855 1978 326 97 vidtløftig
2203 1981 414 98 Fortælning
2635 1988 145 76 eler

631 2097 151 87 Alle
814 2107 208 76 andre
1077 2099 179 85 bleve
1290 2103 422 100 eloigneuXa
1762 2107 114 94 fra
1923 2106 221 100 Hans
2182 2109 382 101 Majestæts
2608 2111 310 102 Person,
2974 2113 232 94 hvilket

628 2236 209 90 endog
890 2231 229 96 strakte
1184 2236 91 94 sig
1330 2237 71 80 til
1444 2233 217 99 Hans
1708 2237 379 97 Majestæts
2136 2261 155 74 egen
2346 2241 419 99 allerhøyeste
2802 2242 283 100 Familie
3118 2264 83 76 og

635 2362 492 94 allernærmeste
1169 2362 492 96 Paarørende,
1709 2365 104 94 for
1843 2368 202 95 hvilke
2083 2366 222 97 Hans
2355 2370 340 97 Majestæt
2741 2380 288 78 alletider
3067 2373 108 98 for-

625 2483 113 92 her
779 2484 213 96 havde
1029 2493 141 91 viist
1200 2514 74 56 en
1316 2513 112 60 om
1485 2491 345 98 Tendreffe
1872 2517 80 73 og
2005 2496 449 98 Kiærlighed;
2513 2501 177 80 Men
2725 2502 109 98 fra
2875 2508 125 79 den
3043 2503 155 91 Did

620 2611 114 97 af,
790 2628 70 64 at
900 2613 198 84 Grev
1140 2619 336 72 Sn-uenfee
1528 2622 218 90 havde
1796 2623 332 97 bemestret
2172 2629 91 92 sig
2336 2624 428 99 Bestyrelsen
2812 2632 81 96 af
2934 2631 263 103 Hoffet,

619 2742 488 98 ligesaavelsom
1141 2748 80 96 af
1247 2748 168 97 heele
1447 2747 288 100 Lander,
1793 2753 148 81 kom
1975 2762 76 70 de
2091 2754 172 81 kuns
2319 2756 232 94 sielden
2591 2761 70 80 til
2717 2760 340 101 Kongen,
3113 2784 82 76 og

621 2874 89 97 fik
733 2877 213 92 aldrig
965 2873 331 101 Leylighed
1335 2895 73 66 at
1439 2888 127 76 tale
1585 2888 145 75 med
1747 2881 199 98 Ham
1967 2890 275 89 alleene,
2297 2891 89 73 da
2413 2894 75 72 de
2517 2889 123 82 ikke
2673 2891 213 95 havde
2901 2901 295 90 manglet

624 3020 74 66 at
738 3002 346 98 frembære
1126 3006 288 84 Landets
1458 3031 82 75 og
1586 3011 598 92 Undersaatternes
2232 3009 200 91 Tarv
2480 3038 82 75 og
2614 3017 426 102 Bekymring
3086 3023 108 97 for

619 3133 246 97 Ham;
921 3135 314 99 Derpaa
1269 3137 148 100 disse
1451 3139 172 99 hoye
1649 3138 336 101 Personer
2013 3146 202 93 siden,
2261 3141 308 97 saasnart
2585 3145 334 101 Leylighed
2953 3164 236 86 gaves,

621 3267 171 96 have
847 3271 211 94 aflagt
1117 3266 117 96 saa
1285 3273 469 96 uomstødelige
1811 3269 323 104 Prøver,
2203 3273 137 96 som
2391 3279 213 96 aldrig
2663 3278 263 96 noksom
2979 3279 211 83 kunde

614 3396 206 99 prises
852 3418 86 79 og
970 3399 346 84 erkiendes.

875 3659 163 88 Det
1075 3659 211 84 kunde
1319 3661 123 84 ikke
1479 3663 203 101 feyle,
1739 3683 71 66 at
1843 3667 63 96 jo
1927 3666 199 84 Grev
2159 3668 331 74 Struenfee
2521 3679 119 76 ved
2675 3673 257 95 saadan
2961 3671 193 99 despo-

610 3788 144 96 tisk,
808 3789 296 96 voldsom
1164 3814 82 76 og
1306 3792 430 104 ufornuftig,
1814 3797 342 102 Omgang
2224 3820 252 66 maatte
2532 3807 180 94 giøre
2770 3806 94 96 sig
2932 3808 252 78 overalt

608 3915 293 100 forhadt.

870 4178 220 99 Hans
1138 4182 382 101 Emissarier
1574 4212 82 74 og
1710 4191 450 100 Tilhængere,
2230 4193 78 97 af
2358 4194 202 98 hvilke
2608 4197 136 96 han
2792 4202 128 93 dog
2966 4197 214 98 havde

606 4314 255 94 endeel,
944 4332 171 62 naar
1188 4320 77 74 de
1322 4317 121 80 ikke
1496 4326 179 76 torde
1726 4339 165 65 vove
1964 4324 285 97 ligefrem
2297 4342 72 66 at
2408 4326 331 97 justificere
2811 4334 146 75 eller
3012 4337 167 73 und-

1789 4451 90 88 B
1939 4478 36 70 3
2859 4458 210 98 skylde

1609 4678 112 45 -FF

4379 2068 105 53 II

3380 4628 25 32 :v
3423 4608 38 66 J
