4542 5588
266 832 270 107 Vons,
602 831 124 88 dis
748 830 158 112 -je,
982 860 214 61 vons
1226 835 420 87 fauveriez
1704 835 266 86 Votre
2016 836 154 86 Roi
2226 833 82 88 &
2368 831 270 93 Votre
2682 834 296 94 Patrie.

264 946 243 86 Vons
552 951 285 80 auriez
880 948 83 84 &
1002 946 587 87 demanderiez
1618 973 273 56 nierne
1920 946 141 86 des
2118 948 167 83 lors
2319 945 42 85 31
2610 954 181 79 titre
2828 951 149 85 des

261 1055 616 112 récompenfes,
947 1086 162 84 que
1145 1057 416 89 fnrement
1589 1087 110 54 on
1729 1083 108 56 ne
1875 1086 214 56 vons
2117 1054 250 89 feroit
2397 1087 148 83 pas
2591 1061 380 86 attendre

259 1168 88 84 &
385 1195 164 85 que
595 1167 166 84 l’on
805 1198 212 56 vons
1071 1167 424 86 refuferoit
1527 1195 306 56 encore
1873 1172 294 103 moins,
2211 1171 86 84 &
2329 1174 208 100 moi,
2579 1177 138 109 qui
2757 1201 226 57 vons

260 1278 232 105 écris,
560 1275 80 112 je
684 1277 244 87 ferois
964 1280 72 82 le
1074 1286 362 103 premier
1458 1278 46 86 å
1544 1308 136 55 me
1722 1279 452 111 dépouiller
2208 1283 84 84 &
2332 1281 108 86 de
2474 1286 166 80 bon
2688 1312 284 78 coeur,

256 1416 226 84 pour
524 1419 214 56 vons
784 1390 376 84 combler
1196 1391 106 82 de
1334 1392 260 82 biens.
1660 1389 174 84 Eh!
1904 1420 198 56 avec
2156 1395 266 110 quelle
2478 1392 488 90 latisfaäion

258 1502 89 84 &
394 1499 189 115 quel
620 1501 217 85 droit
872 1530 103 52 ne
1012 1501 513 110 poftederiez
1568 1529 209 60 vons
1824 1529 143 83 pas
2016 1504 145 82 des
2196 1505 257 103 biens,
2504 1506 143 84 des
2700 1507 239 84 diftin-

261 1610 266 86 étions
583 1611 88 84 &
725 1611 148 85 des
917 1610 474 106 honneurs,
1459 1611 280 115 quand
1785 1639 96 55 ce
1925 1612 238 86 feroit
2211 1615 104 84 de
2369 1617 262 85 faven
2669 1618 88 85 &
2819 1617 148 85 des

251 1748 290 60 voeux
569 1719 314 87 mémes
919 1722 106 82 de
1055 1745 240 60 votre
1325 1724 194 102 Roi,
1605 1725 108 84 de
1749 1748 240 58 votre
2027 1726 260 83 Patrie
2313 1727 84 84 &
2439 1728 106 84 de
2595 1750 186 63 tons
2811 1755 154 58 vos

256 1836 570 105 concitoyens.
1018 1831 656 112 Réfléchiflez-y,
1724 1835 452 106 Monfieur,
2212 1841 362 111 quoique
2624 1836 80 110 je
2750 1865 214 61 vons

254 1968 264 84 croye
560 1963 192 90 trop
797 1943 104 84 de
1422 1974 220 88 pour
1678 1971 164 92 que
1874 1946 114 86 les
2016 1946 580 113 récompenfes
2614 1951 358 113 puiflenc

264 2054 367 116 quelque
664 2054 239 86 chofe
940 2054 135 89 fur
1104 2083 233 62 vons.

571 2305 247 84 Voici
857 2332 333 59 comme
1221 2303 81 112 je
1331 2308 251 110 penfe
1613 2337 161 86 que
1797 2338 215 58 vons
2049 2308 341 91 devriez
2415 2344 211 60 vons
2649 2342 59 87 y
2723 2345 217 86 pren-

244 2410 178 90 dre.
492 2414 432 84 Vousétes
962 2418 76 81 le
1046 2419 78 82 ni
1146 2445 200 56 avec
1384 2420 74 80 le
1494 2422 190 84 Roi:
1724 2449 214 56 vons
1970 2420 232 105 allez,
2248 2423 43 84 31
2446 2428 522 113 quej’appris

252 2523 1058 107 mercrediåHirfchholm,
1346 2528 72 82 le
1450 2528 158 87 foir
1626 2527 202 86 faire
1844 2559 114 55 un
1986 2554 190 59 tour
2200 2559 202 58 avec
2416 2538 74 80 le
2510 2540 174 84 Roi.
2724 2543 242 85 Vons

247 2662 214 56 avez
505 2635 294 86 trouvé
830 2638 99 84 8a
958 2637 347 110 Majéfté
1343 2640 648 109 trés-indifpofée
2045 2667 288 58 contre
2362 2645 71 85 la
2463 2650 268 103 tutéle,
2778 2651 187 86 fons

249 2744 352 112 laquelle
649 2773 110 56 on
797 2748 74 82 la
901 2754 222 77 tient.
1257 2752 384 103 Profitez,
1693 2752 454 105 Monfieur,
2197 2755 200 82 d’un
2439 2760 106 82 tel
2579 2789 384 59 moment

251 2852 451 105 favorable,
741 2885 109 55 on
889 2854 231 87 faites
1153 2859 73 82 le
1261 2862 281 82 naitre.
1623 2865 239 80 Vons
1897 2890 209 56 avez
2139 2865 209 84 aflez
2385 2867 327 109 d’elprit
2743 2899 223 82 pour

256 2964 196 84 cela.
584 2965 400 86 Détaillez
1014 2996 102 57 au
1152 2971 204 109 long
1376 2972 70 82 la
1462 2970 552 87 malheureufe
2056 2970 396 108 fituation,
2506 3004 110 56 on
2648 2982 102 81 Sa
2778 2987 152 80 Ma-

250 3072 202 114 jefté
480 3075 76 84 fe
588 3099 322 83 trouve,
980 3081 390 83 combien
1404 3108 168 82 pen
1606 3083 104 84 de
1748 3105 212 60 cette
2000 3078 246 116 fa$on
2276 3083 176 83 Elle
2510 3088 112 82 eft
2662 3116 106 57 en
2800 3115 164 63 etat

258 3188 105 84 de
399 3189 346 108 remplir
778 3190 113 82 les
932 3190 371 103 devoirs,
1373 3220 166 84 que
1572 3196 99 81 Sa
1706 3190 339 114 Dignité
2082 3194 109 83 lui
2220 3196 335 107 impofe,
2626 3200 85 85 &
2743 3205 216 108 qu’a?

253 3324 192 84 pres
489 3299 74 82 le
607 3325 174 84 pas,
817 3330 162 84 que
1017 3302 74 83 le
1129 3305 154 84 Roi
1317 3332 44 54 a
1397 3302 146 84 fait
1599 3333 104 54 en
1747 3305 322 111 fignant
2111 3304 302 84 fordre
2457 3306 116 86 du
2609 3308 352 92 Labinet

255 3408 121 84 du
419 3437 95 67 15
547 3411 103 82 de
681 3411 337 110 Juillet,
1089 3418 138 107 ti
1267 3438 341 88 partage
1637 3439 231 60 entre
1901 3414 103 84 Sa
2031 3413 345 110 Majede
2413 3418 85 84 &
2529 3420 429 90 Struenfee

254 3518 80 84 le
372 3518 360 87 Throne
752 3523 86 85 &
880 3524 400 85 fautorité
1310 3528 352 108 Royale,
1730 3525 206 105 Elle,
2004 3524 74 84 la
2106 3522 304 88 famille
2460 3532 350 108 Royale,
2876 3535 78 86 le

256 3630 480 110 Royaume,
804 3656 184 64 tons
1038 3637 116 82 les
1214 3634 292 112 fujets,
1574 3662 188 61 tons
1800 3637 114 83 les
1966 3664 400 79 revenns,
2434 3640 72 84 la
2536 3648 132 78 vie
2720 3645 230 88 &les

256 3740 237 86 biens
564 3739 201 87 d’un
827 3744 318 87 chacun
1212 3747 179 87 font
1430 3747 46 85 31
1514 3748 71 85 la
1628 3749 431 85 difcrétion
2098 3748 103 83 de
2239 3773 132 60 eet
2423 3752 494 113 archigrand-

257 3852 288 103 Vizir,
585 3849 346 89 homme
963 3856 170 85 fans
1155 3862 512 106 expérience,
1699 3859 176 84 fans
1901 3859 405 104 henneq
2355 3861 176 85 fans
2569 3866 378 111 religion,

253 3960 179 90 fans
467 3958 139 107 fol,
637 3959 173 87 fans
849 3964 131 104 loi,
1015 3971 139 108 qui
1187 3971 109 78 eft
1319 3972 303 82 Maitre
1651 3971 103 84 de
1787 3994 201 82 tout,
2019 3968 85 84 &
2137 3969 245 88 oferai
2399 3969 81 109 je
2507 3974 73 82 le
2601 3974 199 105 dire,
2837 3977 109 86 de

254 4074 78 88 la
366 4076 134 82 vie
528 4071 276 89 méme
844 4076 116 82 du
980 4076 172 85 Roi.
1282 4079 238 85 Vous
1566 4078 266 107 favez,
1902 4106 164 88 que
2116 4080 116 83 les
2280 4084 308 107 grands
2648 4091 300 80 crimes

252 4182 364 95 rendent
688 4183 108 91 de
870 4184 192 118 plus
1144 4188 310 113 grands
1522 4194 296 89 crimes
1884 4190 470 94 néceflaires
2412 4194 90 90 &
2582 4194 118 89 les
2758 4193 192 92 font

2761 4331 180 70 ton-
