4955 5734
1661 928 87 64 tet
1781 915 89 93 sig
1903 910 79 97 af
2017 917 122 75 alke
2191 916 76 77 de
2313 913 297 105 Midler,
2665 921 135 94 som
2853 924 133 95 han
3039 922 353 98 formeente
3445 938 71 64 at
3565 923 214 80 kunde
3829 929 163 77 riene
4043 929 69 78 til
4155 944 71 64 at

1662 1060 257 76 opnaae
1958 1048 205 74 denne
2196 1044 179 97 hans
2422 1046 325 104 Hensigt,
2806 1076 79 73 og
2936 1061 311 75 deruden
3300 1056 19 78 i
3372 1055 271 96 mindste
3688 1054 273 82 Maade
4006 1075 71 62 at
4126 1057 101 81 be»

1653 1169 245 95 tænke,
1953 1191 107 60 om
2101 1180 75 72 de
2209 1195 157 63 vare
2403 1181 341 98 tilladelige
2781 1190 143 75 eller
2965 1206 109 74 ey,
3139 1207 79 74 og
3263 1184 311 94 hvorvidt
3621 1193 77 71 de
3745 1201 183 66 enten
3977 1186 253 81 komme

1658 1310 307 68 overeens
2004 1310 145 74 med
2186 1304 487 102 Regieringens
2696 1310 405 100 Forfatning
3140 1335 81 74 og
3260 1314 259 96 Form,
3574 1313 401 85 Nationens
4010 1314 219 85 Genie

1660 1446 80 74 og
1809 1425 283 87 Landets
2165 1434 495 102 Indretninger
2722 1461 82 75 og
2859 1440 203 100 Love,
3171 1441 221 94 saavel
3483 1452 75 72 de
3629 1443 405 100 Borgerlige
4093 1445 137 96 som

1658 1554 575 105 Grundlovene,
2287 1572 148 77 eller
2467 1587 82 77 og
2581 1570 228 81 directe
2843 1572 228 97 streede
3105 1574 314 80 derimod.

1919 1814 220 101 Hans
2175 1824 161 95 store
2377 1822 337 101 Øyemeed
2749 1849 171 82 var,
2979 1838 175 79 deels
3187 1850 71 66 at
3305 1834 169 84 blive
3505 1836 321 99 Geheime
3863 1837 335 84 Cabinets-

1655 1942 351 98 Miniser,
2064 1958 145 72 med
2250 1959 121 73 den
2414 1966 509 95 overordentlige
2964 1986 79 74 og
3078 1967 239 88 uhørte
3340 1965 259 96 Magt,
3654 1963 137 97 som
3826 1969 133 96 han
3996 1970 19 79 i
4046 1972 181 95 sidste

1651 2070 185 98 Julii
1877 2076 315 83 Maaned
2225 2081 255 100 tilsneeg
2521 2089 129 93 sig,
2709 2097 177 74 deels
2939 2111 73 63 at
3061 2096 301 81 udelukke
3415 2100 125 76 alle
3599 2095 469 94 Undersaatter
4119 2093 109 99 fra

1652 2204 189 75 deres
1888 2200 283 98 Konge,
2228 2227 81 72 og
2354 2208 293 100 Kongen
2698 2219 109 90 fra
2844 2226 189 90 dem,
3088 2230 177 76 deels
3303 2243 72 64 at
3412 2232 219 75 udøve
3662 2234 121 72 ved
3814 2223 275 101 Hoffet,
4140 2248 81 76 og

1653 2346 155 63 over
1841 2335 105 75 det
1977 2329 291 101 Hoyeste
2303 2335 169 104 selv,
2529 2341 255 99 saadan
2832 2372 76 60 en
2960 2372 342 66 utæmmet
3347 2357 255 95 Magt,
3661 2353 137 97 som
3856 2379 164 61 man
4070 2368 146 72 med

1650 2456 433 101 Forbauselse
2114 2464 127 96 har
2276 2465 133 97 seet.

1913 2718 114 91 Dl
2061 2729 208 76 denne
2297 2723 329 105 Hensigts
2655 2735 387 99 Opnaaelse
3081 2740 217 95 havde
3343 2743 179 97 han,
3579 2744 371 101 paaHans
3985 2748 195 98 Maje-

1644 2846 177 94 stæts
1858 2850 689 110 Udenlands-Reyse,
2600 2867 321 97 arbeydet
2952 2890 137 74 paa
3126 2887 73 64 at
3230 2872 257 95 erholde
3538 2874 673 102 Allerhsystsammes

1643 2974 293 102 Naade,
1981 2991 121 71 ved
2163 2994 123 71 den
2333 2986 283 105 Omhue
2665 2997 137 92 han
2847 3002 271 94 udviiste
3163 2999 105 96 for
3317 3000 339 100 Kongens
3711 3006 367 100 Sundhed
4131 3034 79 76 og

1642 3102 419 103 Fornøyelse.
2128 3112 145 89 Da
2296 3115 219 99 Hans
2536 3122 337 100 Majestæt
2904 3145 125 65 var
3048 3128 299 83 kommen
3380 3131 211 100 hiem,
3628 3137 215 96 holdte
3876 3139 335 74 Struenfee

1637 3238 89 94 sig
1759 3239 195 97 stille,
2010 3263 82 75 og
2143 3244 223 99 syntes
2418 3269 72 62 ar
2536 3274 170 61 være
2759 3256 119 79 ikke
2922 3260 258 79 mindre
3232 3268 122 73 end
3393 3265 209 92 sindet
3634 3269 70 79 til
3736 3287 70 63 at
3840 3281 366 73 attraae-de
4130 3282 76 74 de

1636 3366 307 98 Charger
1975 3393 80 74 og
2096 3370 537 107 Værdigheder,
2705 3383 136 96 som
2887 3385 180 94 hans
3125 3389 506 103 LErgierrighed
3681 3418 82 74 og
3811 3397 392 103 Herskesyge

1632 3502 130 93 dog
1794 3499 222 97 higede
2056 3502 172 96 efter.

1892 3756 175 99 Han
2110 3766 209 78 levede
2356 3771 121 74 ved
2506 3763 277 103 Hoffet,
2840 3768 149 97 forn
3002 3781 195 89 syede
3234 3780 137 93 sig,
3440 3778 327 102 forlangte
3796 3791 193 93 ingen
4026 3791 143 98 For-

1631 3882 247 100 høyelse
1915 3890 19 78 i
1967 3891 93 92 sin
2083 3890 243 98 Gage,
2375 3916 81 75 og
2477 3901 103 77 lod
2603 3900 67 79 til
2687 3915 69 65 at
2795 3918 169 63 være
3001 3902 255 95 tilfreds
3277 3915 141 72 med
3439 3908 337 102 Rolighed
3799 3941 79 72 og
3901 3918 293 106 Vellyst.

1626 4010 179 81 Men
1850 4014 293 94 isamme
2190 4019 151 88 Bid
2398 4025 361 99 arbeydede
2806 4032 137 94 han
2994 4039 143 71 med
3184 4029 187 99 Iver
3430 4035 427 106 hemmeligen
3921 4070 136 74 paa
4119 4072 72 66 at

1625 4144 173 93 legge
1827 4149 121 77 den
1983 4145 463 106 Grundvold,
2505 4157 303 100 hvorpaa
2829 4160 133 96 han
2992 4160 166 81 vilde
3194 4162 230 98 opføre
3455 4170 93 96 sin
3589 4173 177 94 stolte
3819 4175 211 101 Lykke.

4345 2567 27 29 -
