4681 5735
582 2093 49 105 Mk

3101 836 103 70 11
3349 854 29 44 <

1055 971 339 106 Adskillige
1427 987 253 95 mistede
1711 994 187 77 deres
1953 990 331 100 Embede,
2353 1004 173 74 uden
2573 1017 71 65 at
2691 1002 151 95 faae
2893 1027 211 76 nogen
3143 1007 167 83 Kon-

785 1104 165 93 gelig
989 1104 393 98 Resolution
1415 1114 217 96 derfor
1665 1134 71 62 at
1769 1115 127 100 see,
1953 1142 79 75 og
2073 1130 173 74 uden
2283 1141 71 65 at
2397 1131 143 77 vide
2587 1149 193 78 noget
2819 1135 229 97 deraf,
3103 1136 233 97 førend

775 1227 89 85 de
909 1233 225 99 hørte,
1187 1255 71 64 at
1307 1238 367 102 Embedet,
1727 1256 119 73 ved
1895 1269 77 61 en
2013 1249 671 107 Cabinets-Ordre,
2739 1283 127 63 var
2919 1268 171 92 givet
3137 1273 69 81 til
3261 1293 79 60 en

785 1370 233 74 anden.
1124 1366 220 87 Dette
1379 1384 399 82 extenderede
1813 1382 89 95 sig
1945 1404 79 75 og
2057 1388 67 76 til
2161 1383 161 96 heele
2363 1386 337 101 Collegier.

1048 1623 201 101 Heele
1284 1630 499 97 Kiøbenhavns
1818 1638 414 106 Magistrat,
2288 1647 136 90 som
2464 1651 212 94 bestod
2711 1651 79 97 af
2832 1668 80 70 18
2953 1655 33 72 31
3029 1683 95 51 20
3187 1666 147 78 eller

776 1755 185 97 fleere
998 1756 374 99 Personer,
1432 1764 141 82 blev
1613 1768 215 96 afsat,
1885 1793 81 75 og
2009 1797 76 58 en
2123 1798 122 76 nye
2290 1777 377 100 Magistrat
2708 1783 167 95 igien
2916 1787 258 98 indsat,
3213 1801 117 71 ved

780 1905 77 59 en
914 1885 623 89 Eabinets-Ordre
1576 1895 79 87 af
1698 1924 35 69 z
1766 1899 195 98 April
2015 1928 208 71 1771.
2278 1911 71 81 til
2396 1908 726 109 Ober-Præsidenten,
3198 1922 137 94 som

778 2011 117 96 faa
928 2011 223 99 Dage
1178 2015 261 101 forher,
1498 2026 295 94 ligeledes
1826 2039 119 71 ved
1984 2056 75 61 en
2086 2038 633 103 Cabinets-Ordre,
2774 2064 127 66 var
2936 2048 283 100 bestikket
3264 2057 71 81 til

778 2151 165 74 dette
992 2142 335 103 Embede,
1380 2152 279 94 hvorfra
1700 2164 123 73 den
1862 2157 241 104 forrige
2146 2187 127 63 var
2322 2172 381 97 dimitteret,
2760 2197 81 74 og
2898 2177 137 95 som
3086 2186 105 74 lod
3240 2186 91 94 sig

776 2294 169 77 noye
982 2283 183 89 med,
1220 2288 121 69 ved
1392 2298 55 63 et
1482 2281 201 85 Brev
1716 2305 71 62 at
1832 2289 429 102 tilkiendegsve
2308 2307 75 71 de
2432 2299 279 100 forrige,
2766 2324 69 61 ar
2894 2319 77 68 de
3024 2327 161 65 vare
3232 2311 79 98 af-

773 2401 194 97 satte,
1024 2425 81 73 og
1134 2412 79 73 de
1248 2430 159 74 nye,
1468 2430 69 62 at
1576 2422 75 72 de
1684 2414 215 95 havde
1936 2438 71 62 at
2042 2425 293 97 indfinde
2368 2432 91 93 sig
2492 2454 133 72 paa
2658 2434 443 100 Raadstuen,
3156 2450 173 74 uden

770 2545 70 63 at
881 2538 77 71 de
997 2529 390 99 Afgaaende
1419 2540 19 76 i
1478 2561 209 74 nogen
1723 2543 268 83 Maade
2028 2552 85 94 fik
2140 2571 69 62 ar
2244 2561 179 94 vide,
2484 2562 287 96 hvorudi
2806 2574 75 73 de
2938 2566 215 97 havde
3196 2568 103 98 for-

769 2659 119 94 seet
929 2663 128 95 sig,
1115 2680 78 77 og
1237 2664 309 100 hvorfore
1583 2677 75 75 De
1694 2690 156 66 vare
1884 2676 250 96 afsatte.

1033 2921 319 101 Foruden
1385 2928 455 100 Magistraten
1869 2957 125 68 var
2029 2945 115 80 der
2179 2950 219 78 endnu
2439 2965 57 65 et
2533 2956 197 89 andet
2761 2954 371 101 Collegium
3172 2970 148 76 eller

763 3050 307 98 publiqve
1103 3054 425 102 Forsamling
1557 3062 19 77 i
1595 3059 499 107 Kiøbenhavn,
2151 3079 237 91 nemlig
2409 3087 75 71 de
2525 3078 115 93 saa
2673 3082 209 81 kaldte
2905 3112 33 66 z
2957 3114 33 45 2
3025 3089 293 97 Mænv;

763 3181 147 87 Da
937 3182 105 81 dét
1077 3192 117 71 ved
1251 3194 75 73 de
1363 3187 463 97 Kiøbenhavn
1883 3195 113 94 saa
2031 3197 379 102 solennirer,
2469 3207 19 79 i
2545 3205 385 99 Henseende
2995 3219 69 79 til
3123 3217 169 87 Bor-

761 3312 363 97 gerstabets
1193 3326 209 72 under
1477 3319 457 102 Beleyringen
2001 3351 81 75 og
2149 3338 119 73 ved
2345 3332 623 93 Souveraineteten
3051 3352 267 95 udviiste

762 3439 328 99 Troestab
1141 3466 79 77 og
1272 3444 442 105 Tapperhed,
1767 3451 311 99 forundte
2117 3458 397 101 Privilegier
2551 3465 75 97 af
2678 3495 98 68 24
3081 3485 233 91 1664,

757 3589 127 66 var
942 3569 223 85 bleven
1212 3573 496 99 Borgerstabet
1765 3584 319 100 tilstaaet,
2159 3608 71 62 at
2281 3599 115 89 de,
2469 3598 191 94 tillige
2729 3609 145 71 med
2943 3602 345 100 Magistra-

760 3717 148 80 ten,
979 3721 260 63 rnaatte
1287 3705 77 97 af
1426 3716 73 71 de
1568 3708 161 98 beste
1791 3734 81 75 og
1942 3714 447 102 fornemmeste
2438 3719 312 105 Borgere
2825 3739 295 91 udvælge
3187 3760 125 76 32,

762 3827 137 94 som
964 3841 141 72 med
1194 3833 461 100 Magistraten
1726 3841 215 83 kunde
2010 3853 333 92 overlegge
2424 3851 261 96 Byens
2751 3882 81 75 og
2904 3860 382 102 Borgerska-

770 3957 143 80 bets
966 3960 205 94 Beste
1210 3985 79 73 og
1336 3965 325 103 Fordeel,
1744 3971 173 95 samt
1962 3972 321 102 Indtægt
2338 4002 79 75 og
2448 3984 247 96 Udgift.
2813 3987 87 95 lJ
2948 4002 123 70 den
3122 3993 161 99 Hen-

770 4085 215 94 seende
1032 4097 153 73 dem
1232 4112 79 73 og
1352 4105 145 68 med
1548 4108 193 90 nogle
1800 4103 77 106 af
1916 4106 453 99 Magistraten
2422 4129 125 66 var
2602 4113 279 99 forundt
2920 4118 291 106 Adgang
3242 4133 71 79 til

764 4211 217 101 Hans
1010 4216 341 100 Majestæt
1400 4222 141 95 selv.

3475 3163 20 27 r

1948 4494 89 91 B
2096 4520 41 61 2
2942 4512 263 90 Denne
3346 4534 24 111 f
