4955 5734
1969 958 226 87 Vilde
2231 961 94 75 da
2359 964 78 72 de
2481 957 510 82 vedkommende
3051 957 370 99 Collegier,
3469 959 72 78 til
3591 955 342 97 Kongens
3969 977 314 63 nærmere

1706 1091 440 99 Oplysning,
2202 1089 170 94 have
2416 1094 78 75 de
2544 1087 306 99 behørige
2916 1088 298 85 Grunde
3254 1090 366 95 anbragte,
3654 1101 273 65 maatte
3964 1095 76 70 de
4078 1096 206 72 vende

1706 1225 90 94 sig
1834 1222 68 78 til
1938 1217 364 89 Lrusnses;
2360 1238 82 76 og
2480 1216 294 95 saaledes
2828 1220 144 84 blev
3016 1221 174 96 han,
3250 1220 180 92 hvad
3472 1221 216 82 baade
3728 1216 264 97 Conseil
4024 1237 80 76 og
4124 1215 132 85 Col-

1709 1354 184 94 legier
1929 1348 228 97 tilforn
2191 1351 216 96 havde
2461 1365 218 66 været.

1974 1614 228 81 Under
2258 1608 326 102 Paaffud
2654 1605 80 101 af
2770 1626 72 66 at
2888 1609 304 98 befordre
3256 1610 315 97 adskillige
3626 1609 298 97 Sagers
3972 1613 310 98 hastigere

1710 1737 429 100 Expedition,
2196 1761 81 75 og
2324 1744 191 94 tillige
2562 1757 71 64 at
2668 1740 149 96 viise
2862 1748 127 73 den
3042 1741 371 99 Kongelige
3448 1743 429 97 Myndighed
3916 1747 17 78 i
3966 1747 95 94 sin
4124 1758 157 66 rette

1707 1865 346 102 Hoyhed,
2109 1873 364 93 udstædede
2513 1869 134 98 han
2689 1891 84 75 og
2820 1872 315 95 adskilige
3171 1871 678 101 Cabiners-Ordres,
3903 1872 140 95 som
4101 1873 178 81 bleve

1707 1996 367 93 iverksatte,
2129 2007 173 72 uden
2333 2018 71 60 at
2433 2008 105 71 det
2567 1999 507 84 vedkommende
3107 2001 511 99 Departement
3647 2011 227 73 derom
3907 2005 83 96 fik
4023 2005 227 78 Under-

1710 2128 290 90 retning:
2076 2125 94 84 Et
2226 2127 494 99 Foretagende,
2790 2130 140 94 som
2980 2136 464 94 nødvendigen
3488 2151 252 65 maatte
3810 2132 466 98 forvoldeden

1701 2256 252 92 yderste
2004 2251 415 99 Confusion,
2495 2277 80 76 og
2616 2257 137 92 som
2807 2282 78 58 en
2936 2262 237 81 Mand
3227 2272 288 87 vovede,
3572 2273 111 73 der
3736 2264 269 96 hverken
4036 2263 241 81 kiendte

1711 2379 246 84 Landet
1983 2391 144 78 eller
2145 2393 148 72 dets
2327 2384 206 97 Love,
2587 2393 148 77 eller
2773 2400 148 72 dets
2961 2391 352 98 Bistand,
3371 2398 148 77 eller
3553 2401 146 71 dets
3737 2392 280 97 Sprog.
4095 2393 178 81 Men

1710 2517 96 73 alt
1834 2520 166 76 dette
2018 2533 128 62 var
2186 2514 124 80 ikke
2342 2516 178 94 hans
2556 2517 470 100 Bekymring,
3078 2541 174 69 naar
3298 2520 140 98 han
3472 2523 174 80 kuns
3678 2522 210 82 kunde
3926 2531 202 88 drage
4158 2530 110 76 aß)

1712 2639 510 102 Myndigheden
2260 2664 80 74 og
2372 2642 342 99 Anseelsen
2744 2650 70 82 til
2844 2652 110 94 sig.

1975 2898 267 89 Denne
2287 2904 199 83 Grev
2533 2908 366 74 Struenfees
2943 2913 427 97 Ukyndighed
3419 2918 21 77 i
3469 2919 145 90 det,
3669 2912 141 94 som
3847 2913 241 98 enhver
4123 2913 123 85 Mi-

1712 3031 190 93 nister
1938 3036 22 74 i
2008 3031 388 86 Danmark
2428 3038 208 81 burde
2672 3046 186 92 vide,
2932 3065 80 74 og
3058 3041 180 94 hans
3282 3042 184 94 saare
3500 3049 168 74 liden
3712 3042 286 95 Omhue
4042 3043 108 96 for
4202 3062 74 64 at

1716 3158 309 96 erhverve
2054 3161 371 101 Kundffab
2458 3178 253 87 derom,
2770 3170 125 96 har
2928 3169 291 96 medført
3252 3174 763 97 utalligeUleyligheder,
4054 3175 223 96 saavel

1711 3285 106 100 for
1853 3298 106 72 det
1993 3288 474 106 Almindelige,
2519 3297 138 96 som
2691 3297 106 103 for
2829 3304 256 96 private
3113 3301 356 101 Personer.

1976 3550 70 99 I
2080 3561 76 72 de
2184 3553 370 102 Collegier,
2608 3559 140 94 som
2784 3564 294 81 alletider
3120 3563 226 97 forher
3392 3582 162 63 vare
3598 3572 246 76 vandte
3902 3571 72 78 til
4016 3583 72 66 at
4128 3569 110 79 ind-

1710 3677 185 94 sende
1948 3688 187 73 deres
2180 3681 479 100 Forestillinger
2711 3710 136 72 paa
2888 3688 289 99 Danff,
3243 3710 250 65 maatte
3539 3717 76 58 en
3691 3714 236 78 aparte
3988 3697 283 85 Berient

1711 3814 408 90 employeres
2189 3813 70 77 til
2315 3828 72 64 at
2453 3815 330 92 oversætte
2847 3826 148 71 dem
3041 3839 136 76 paa
3245 3818 262 101 Tydff,
3561 3845 140 76 paa
3763 3834 108 72 det
3935 3845 74 62 ar
4069 3827 198 85 Grev

1710 3936 336 73 Strusnfee
2092 3941 20 78 i
2162 3945 166 73 dette
2374 3940 262 99 Sprog
2686 3943 210 81 kunde
2932 3945 140 94 læse
3114 3955 168 73 dem.
3384 3950 168 89 Det
3596 3953 287 96 Danske
3920 3955 352 101 Cancellie,

1710 4065 138 92 som
1882 4074 106 72 det
2022 4071 226 92 eencste
2278 4068 416 101 Collegium,
2748 4082 114 74 der
2898 4074 332 100 bestandig
3268 4080 144 80 blev
3452 4089 120 74 ved
3608 4099 72 65 at
3716 4084 306 94 indsende
4064 4087 174 100 Fore-

1711 4195 382 95 stillingerne
2125 4219 136 74 paa
2295 4198 294 99 Danff,
2643 4201 214 96 havde
2887 4208 94 77 alt
3007 4203 104 94 for
3149 4206 128 96 ofte
3315 4208 334 103 Leylighed
3683 4218 72 78 til
3787 4232 72 64 at
3893 4217 248 99 erfare,
4195 4236 72 66 at

1711 4320 146 96 disse
1903 4324 479 100 Forestillinger
2447 4337 243 76 aldeles
2745 4332 122 82 ikke
2937 4334 177 83 bleve
3153 4342 207 98 læste,
3429 4351 91 74 da
3565 4351 237 77 alleene
3851 4368 77 60 en
3995 4347 273 96 Extract

3930 4477 234 99 deraf,

3331 4700 2 26 1
3765 4706 515 30 "■■■■■——i—

4896 5286 39 280 !
