4605 5642
483 2249 22 18 -
471 2953 22 84 —

661 963 236 102 deraf,
947 967 140 94 som
1139 985 128 62 var
1319 961 232 100 befaler
1601 987 138 72 paa
1801 969 106 76 der
1959 963 260 96 korteste
2267 979 76 66 ar
2383 961 360 98 forfattes,
2793 983 84 78 og
2947 961 288 98 anføres

661 1121 140 74 paa
839 1107 124 72 den
1000 1096 139 95 faa
1179 1097 210 80 kaldte
1437 1095 294 82 Rotulo,
1807 1095 144 80 blev
2009 1093 258 94 oversat
2307 1115 140 74 paa
2497 1091 256 100 Tydff,
2825 1115 82 74 og
2963 1099 130 92 læst
3161 1095 80 98 af

661 1229 202 82 Grev
925 1227 362 80 8rrusr>lss,
1347 1223 272 96 derefter
1675 1233 92 72 da
1825 1223 480 96 Resolutionen
2353 1221 172 96 faldt
2579 1243 138 76 paa
2763 1221 258 100 Tydff,
3091 1225 140 96 som

657 1361 170 94 igien
879 1359 140 82 blev
1069 1357 260 94 oversat
1381 1377 136 76 paa
1552 1354 255 98 Dansk
1853 1357 20 78 i
1917 1355 374 82 Cancelliet.
2395 1351 164 86 Det
2589 1353 212 80 kunde
2837 1361 236 74 derved
3107 1357 122 80 ikke

657 1487 204 98 feyle,
909 1503 72 66 at
1005 1489 64 96 jo
1119 1485 480 96 Resolutionen
1661 1485 126 96 ofte
1837 1483 142 84 blev
2027 1487 332 94 tvetydig,
2431 1481 458 100 uforstaaelig,
2945 1507 82 76 og
3079 1489 150 80 lidet

657 1617 306 98 passende
995 1639 138 78 paa
1175 1617 306 96 Sagen,
1537 1615 140 94 som
1713 1625 164 88 den,
1935 1623 114 72 der
2121 1611 376 100 forestillede
2563 1613 250 98 samme
2857 1613 108 100 for
3005 1615 220 100 Hans

655 1749 380 98 Majestæt,
1089 1753 232 94 sielden
1363 1747 216 100 havde
1607 1763 96 68 ret
1733 1745 282 100 Begreb
2067 1765 126 60 om.

921 2009 292 100 Private
1241 2007 214 100 Folk,
1499 2005 138 96 som
1659 2009 166 80 vilde
1839 2009 262 94 indgive
2137 2005 396 98 Ansøgning
2563 2009 72 80 til
2665 2007 414 96 Cabinettet,
3137 2029 82 74 og

657 2137 216 98 havde
927 2139 190 96 opsat
1163 2139 248 94 samme
1459 2159 136 76 paa
1647 2135 292 98 Danff,
1997 2135 144 82 løbe
2219 2157 148 76 om,
2419 2137 106 96 for
2577 2145 84 76 ak
2689 2137 154 98 faae
2871 2159 110 60 een
3033 2139 70 80 til
3149 2153 72 66 at

653 2267 330 92 oversætte
1033 2277 126 72 den
1207 2291 138 74 paa
1393 2267 252 96 Tydff,
1701 2269 304 94 staaende
2045 2269 22 78 i
2115 2273 168 90 den,
2338 2265 283 97 maaskee
2673 2289 72 74 ey
2795 2277 424 86 ugrundede,

649 2391 276 98 Tanke,
977 2409 118 84 at,
1150 2419 174 58 naar
1833 2401 238 76 alleene
2097 2417 130 62 var
2257 2419 138 74 paa
2423 2395 311 96 Dansk-·
2777 2397 442 90 blevden.ikke

647 2525 166 94 læst;
865 2523 150 86 Da
1069 2529 292 78 derimod
1417 2523 146 98 disse
1609 2523 248 96 Tydffe
1889 2523 106 96 for
2035 2543 116 76 got
2181 2527 192 80 Kiøb
2413 2527 286 96 erholdte
2725 2527 496 94 Oversættelser

643 2651 130 96 ofte
829 2663 362 86 geraadede
1239 2655 334 94 saaledes,
1629 2667 72 64 at
1735 2671 164 62 man
1925 2655 198 96 deraf
2143 2655 122 84 ikke
2309 2657 212 82 kunde
2577 2655 254 102 erfare,
2887 2657 182 94 hvad
3103 2665 116 76 der

643 2787 274 94 egentlig
955 2789 450 78 imenderedes
1459 2789 146 76 med
1649 2781 496 100 Ansøgningen.

913 3045 200 86 Grev
1135 3041 362 74 Struenfees
1515 3043 426 98 Ukyndighed
1961 3063 108 62 om
2087 3041 446 102 Collegiernes
2565 3045 446 98 Indretning,
3031 3047 184 98 hans

647 3179 186 98 Ulyst
851 3181 74 80 til
949 3195 72 64 at
1043 3177 308 96 erhverve
1381 3177 92 94 sig
1503 3173 371 94 Kundskab
1921 3183 266 88 derom,
2243 3195 80 76 og
2359 3175 180 94 hans
2575 3175 284 84 Attraae
2891 3181 70 78 til
2979 3195 72 64 at
3079 3199 108 60 om-

643 3309 180 96 støbe
841 3305 320 100 Statens
1183 3309 162 96 heele
1367 3313 214 88 gamle
1601 3303 452 102 Forfatning,
2111 3327 82 74 og
2211 3321 70 64 at
2299 3303 312 96 formeere
2629 3311 130 92 sine
2777 3305 438 100 Tilhængere,

639 3447 124 72 ved
823 3455 74 64 at
945 3447 252 88 placere
1241 3443 328 88 allevegne
1623 3457 80 74 og
1739 3439 18 76 i
1795 3435 348 96 betydelige
2157 3435 248 98 Poster
2423 3435 286 100 Mænd,
2763 3437 140 94 som
2933 3439 286 98 ffyldede

643 3571 160 96 ham
849 3579 192 72 deres
1093 3567 242 96 Lykke:
1411 3567 122 82 Alt
1581 3573 168 72 dette
1785 3565 230 96 bragte
2051 3565 160 96 ham
2255 3569 74 80 til
2357 3585 72 62 at
2463 3567 444 100 leggeHaand
2939 3591 136 76 paa
3109 3577 108 74 det

641 3721 144 58 eene
819 3699 376 98 Collegium
1249 3697 158 96 efter
1453 3703 106 74 det
1613 3701 236 90 andet,
1919 3717 124 76 og,
2099 3695 140 96 som
2293 3697 136 92 han
2487 3697 126 96 selv
2683 3699 274 94 hverken
3005 3701 210 80 kunde

645 3835 142 74 eller
837 3835 170 78 vilde
1055 3831 324 94 arbeyde,
1451 3835 90 72 da
1593 3843 74 62 at
1733 3825 206 98 bruge
1989 3831 72 78 til
2117 3827 148 98 disse
2311 3829 350 98 betydelige
2709 3829 508 98 Forandringer

643 3965 212 74 andre
883 3959 290 92 Mænd,
1231 3957 388 94 hvoriblant
1649 3965 210 74 endeel
1885 3957 124 94 selv
2035 3959 174 96 siden
2245 3957 124 96 har
2391 3961 312 94 bekiendt,
2759 3975 72 66 at
2863 3969 78 72 de
2971 3967 244 74 aldeles

635 4087 134 82 ikke,
801 4089 198 92 vidste
1039 4093 146 74 eller
1219 4085 214 96 havde
1467 4083 144 100 søgt
1641 4089 490 94 Underretning
2159 4091 270 92 omiden
2461 4085 244 100 forrige
2737 4087 474 100 Indretnings

643 4211 524 100 Beskaffenhed,
1223 4213 310 98 Fordeele
1553 4221 144 76 eller
1713 4217 368 96 Mangler,
2147 4215 262 94 saasom
2441 4227 76 72 de
2537 4225 238 74 alleene
2791 4239 160 62 vare
2983 4221 202 96 befale-

645 4355 80 72 de
753 4363 72 64 at
843 4341 270 100 forfatte
1149 4367 76 60 en
1239 4345 198 100 Plan
1459 4347 72 82 til
1551 4367 74 60 en
1643 4367 122 76 nye
1779 4345 450 102 Indretning,
2267 4343 152 100 efter
2437 4345 148 102 visse
2605 4345 614 102 forudsattes^.

1987 4477 92 86 B
2927 4479 192 100 Efter
