4681 5735
699 952 215 80 nogen
949 938 277 87 Maade
1259 962 73 65 at
1355 942 265 80 dise
1723 946 305 102 Derhos
2065 952 137 100 han
2233 972 207 84 meget
2469 959 127 97 har
2611 963 287 101 beklaget
2927 961 97 104 sin
3043 970 191 89 Man-

693 1072 102 91 gel
827 1067 79 98 af
936 1070 405 104 Accuraresse
1375 1097 81 77 og
1514 1077 505 102 Forsømmelse.

956 1334 95 87 At
1096 1336 197 85 Grev
1326 1342 367 75 Struenfees
1724 1348 503 101 ALrgierrighed
2286 1351 123 83 ikke
2444 1351 125 100 har
2602 1373 201 66 været
2844 1365 257 84 mindre
3130 1376 121 77 end

687 1458 179 99 hans
929 1464 646 108 Pengegierrighed,
1644 1499 79 75 og
1760 1495 72 66 at
1885 1480 179 94 hans
2117 1481 478 102 Moderation,
2660 1493 21 77 i
2721 1486 386 103 Henseende
3192 1505 75 82 til

682 1592 177 94 Ære
897 1617 81 75 og
1015 1595 235 103 Titler,
1281 1602 125 82 ikke
1441 1624 127 68 var
1601 1610 205 95 større
1829 1618 121 76 end
1981 1615 21 80 i
2039 1610 387 103 Henseende
2463 1619 69 83 til
2561 1618 241 103 Penge
2835 1646 81 79 og
2945 1625 302 106 Midler;

679 1718 165 90 Det
873 1723 213 98 falder
1123 1732 295 95 ligeledes
1467 1742 81 79 let
1583 1742 19 80 i
1631 1738 259 100 Øyene.

940 1988 175 101 Han
1166 1993 217 94 havde
1422 2000 21 80 i
1502 2011 231 73 tvende
1786 2002 149 87 Aar
1976 2011 171 94 giort
2194 2010 345 96 saadanne
2588 2015 195 90 Pas,
2836 2022 137 96 som
3003 2035 237 94 andre,

676 2115 79 98 af
782 2122 205 94 større
1014 2122 323 84 Habilité
1378 2153 79 75 og
1494 2135 319 82 Meriter.
1846 2146 123 73 end
2004 2139 179 100 han,
2240 2166 205 76 neppe
2484 2148 181 94 giøre
2700 2154 19 78 i
2768 2179 89 66 30
2896 2154 151 85 Aar
3096 2167 145 78 eller

673 2252 303 92 længere:
1035 2255 191 97 Efter
1275 2268 77 73 de
1395 2259 656 107 Omstændigheder,
2113 2273 135 96 han
2288 2293 125 63 var
2466 2282 157 95 udi,
2694 2282 211 84 kunde
2950 2295 111 74 det
3118 2293 125 82 ikke

665 2374 203 103 feyle,
925 2400 71 64 at
1059 2387 135 95 han
1253 2390 65 94 jo
1367 2395 139 95 stod
1547 2397 19 79 i
1617 2406 397 74 overmande
2043 2402 129 94 stor
2205 2402 331 102 Anseelse,
2589 2409 227 96 saavel
2850 2423 122 76 ved
3001 2418 241 103 Hoffet

659 2506 143 95 som
831 2512 19 79 i
887 2507 257 103 Byen;
1201 2539 149 61 men
1393 2528 95 76 alt
1517 2531 167 74 dette
1713 2544 129 65 var
1877 2528 159 96 ham
2071 2530 121 82 ikke
2223 2535 137 79 nok.

3409 2182 18 27 L

477 3141 19 27 4

883 2829 10 18 .
928 2772 175 94 Ved
1156 2782 217 97 idelige
1418 2780 487 103 Persvasioner
1956 2791 235 100 bragte
2232 2794 167 97 han.
2432 2803 105 77 det
2568 2804 283 100 derhen,
2909 2827 72 67 at
3012 2810 223 99 Hans

660 2902 341 101 Majestæt
1036 2915 125 76 den
1204 2911 303 98 i4Julii
1796 2918 335 98 beffikkede
2166 2923 159 95 ham
2364 2930 69 79 til
2494 2929 327 96 Geheime
2848 2913 355 113 Cabinets-

659 3033 353 102 Miniser,
1071 3041 229 97 hvilket
1355 3045 179 97 hans
1583 3044 240 99 Anlæg
1887 3050 135 96 han
2063 3056 187 80 indtil
2307 3063 107 73 det
2455 3063 181 94 sidste
2683 3062 286 99 Øyeblik
3018 3074 217 95 havde

657 3170 169 96 vidst
877 3186 77 66 at
1001 3178 243 94 dølge,
1303 3183 209 90 endog
1557 3174 105 98 for
1709 3182 129 94 sine
1885 3182 585 104 allerfortroeligste
2529 3186 339 110 Venner;
2949 3197 285 101 Ligesom

657 3296 137 99 han
829 3322 105 76 og,
967 3305 191 97 tillige
1195 3314 147 73 med
1359 3307 587 102 Kammer-Herre
1973 3317 263 83 Brank,
2277 3317 143 84 blev
2467 3329 191 90 nogle
2695 3320 225 104 Dage
2961 3331 283 99 derefter

657 3447 270 82 optaget
956 3436 19 78 i
1006 3441 125 75 den
1162 3433 355 104 Grevelige
1560 3438 279 88 Stand.

888 3694 304 84 Skik-at
1258 3700 175 98 han,
1492 3703 135 96 som
1694 3705 325 98 Geheime
2054 3708 721 109 Cabinets-Miw'ster,
2836 3723 245 94 ansaae
3136 3730 93 95 sig

657 3820 137 95 som
825 3828 125 78 den
981 3826 195 97 forste
1210 3834 226 92 privat
1489 3835 273 101 Person
1811 3841 19 78 i
1881 3840 163 96 heele
2101 3843 246 103 Niger;
2405 3846 117 93 saa
2572 3869 128 61 var
2753 3855 137 92 han
2930 3863 129 90 dog
3106 3858 121 83 ikke

655 3950 307 101 fornøyet
991 3966 147 72 med
1175 3959 223 91 Titlen
1437 3973 275 91 alleene,
1770 3991 81 74 og
1883 3976 123 75 den
2047 3972 471 102 Myndighed,
2577 3979 135 96 han
2749 3979 223 102 forher
3013 3988 213 97 havde

657 4082 207 99 havt,
921 4108 147 59 men
1105 4090 137 90 han
1267 4095 169 78 vilde
1473 4097 167 94 have
1677 4099 341 95 saadanne
2053 4100 511 101 Prærogativer
2595 4117 263 79 dermed
2899 4113 295 96 forbund-

656 4235 115 75 ne,
828 4212 139 95 som
1002 4225 273 76 aideeles
1298 4223 121 81 ikke
1465 4226 252 96 passede
1746 4234 92 93 sig
1873 4254 136 74 paa
2029 4256 78 59 en
2140 4236 410 102 Undersaat,
2599 4263 152 61 men
2814 4248 408 87 involverede

673 4362 58 64 et
780 4344 269 98 Stykke
1082 4348 77 101 af
1192 4359 121 76 den
1344 4353 293 101 Kongen
1672 4366 235 78 alleene
1940 4363 455 85 tilkommende
2430 4369 455 90 Souveraine
2912 4379 157 87 Net.

1956 4493 65 85 C
2078 4516 43 59 2
2926 4509 197 89 Grev
