2927 4580
178 1298 19 43 K
225 1303 28 36 n

156 1343 82 57 .é'

130 2500 65 76 M

132 2566 40 44 &

1094 528 115 67 22

973 735 66 60 er
1077 713 334 96 Aarsagen
1441 711 92 96 til,
1587 717 72 66 at
1689 705 74 76 de
1789 695 280 96 Danffe
2095 695 50 80 ei
2175 697 126 82 kan
2349 695 204 82 betale
2579 693 185 95 Wah-

969 819 236 73 remed
1065 821 140 72 med
1237 811 250 92 Wahre
1529 811 142 74 eller
1713 797 290 96 Wexler,
2059 815 80 76 og
2185 811 74 64 ar
2288 793 282 95 Danske
2603 791 160 98 Pen-

971 929 76 74 ge
1077 907 124 82 kan
1241 909 242 92 bruges
1543 903 142 78 med
1742 895 268 96 Fordeel
2043 911 134 72 paa
2207 891 348 94 fremmede
2587 891 176 82 Slæ-

965 1011 134 86 der,
1155 1025 76 74 og
1261 1009 106 72 der
1403 1021 94 60 ere
1531 991 370 96 begierlrge?
1957 987 312 84 Samme
2311 991 196 80 bliver
2541 995 88 74 da
2667 987 126 80 ikke

965 1099 114 90 saa
1127 1099 308 94 vanffelig
1491 1113 72 64 at
1619 1091 290 92 besvare.-
1961 1087 138 96 For
2159 1095 102 74 det
2309 1087 230 98 Første
2567 1087 120 90 har
2719 1089 76 74 de

967 1195 282 92 Danske
1281 1197 124 78 ikke
1451 1193 324 88 saadanne
1809 1185 234 92 Anlæg
2089 1183 78 96 af
2187 1185 366 98 Fabriqver
2579 1183 20 76 i
2631 1183 134 82 Lan-

965 1297 132 88 det,
1153 1293 284 90 hvorved
1469 1297 72 72 de
1575 1289 126 76 kan
1733 1283 358 92 forarbeide
2121 1299 220 80 neget,
2391 1281 138 94 som
2563 1287 74 76 de
2667 1279 130 78 kan

967 1387 236 90 afsætte
1255 1395 144 72 med
1455 1405 204 72 nogen
1711 1381 272 94 Fordeel
2035 1399 134 70 paa
2221 1387 204 72 andre
2455 1370 342 107 Seer-der;

967 1485 94 90 rhi
1095 1483 430 88 omendffiønr
1557 1487 72 70 de
1675 1475 164 90 have
1873 1473 388 94 Fabriqver,
2313 1473 112 94 saa
2459 1495 96 58 ere
2587 1481 74 76 de
2679 1497 90 58 an-

961 1583 168 88 lagte
1163 1599 130 68 paa
1333 1583 72 72 de
1423 1573 384 94 ,kostbareste
1849 1569 314 92 Stæder,
2221 1573 164 90 hvor
2427 1571 368 96 Brugerne

957 1671 360 96 formedelst
1343 1669 376 88 Dyrbeden
1749 1665 126 78 ikke
1909 1665 128 80 kan
2075 1661 362 102 forfærdige
2487 1683 196 80 noget
2727 1669 68 80 til

959 1775 122 74 den
1121 1765 198 100 Priis
1353 1767 136 88 som
1531 1765 416 98 Fremmede,
2005 1761 320 94 hvorover
2363 1769 186 76 deres
2583 1765 186 94 Wah-

959 1883 70 62 re
1059 1867 126 76 ikke
1211 1865 126 78 kan
1363 1867 250 90 -bruges
1653 1863 18 74 i
1717 1861 354 94 Handelen
2093 1865 142 74 med
2265 1881 212 76 nogen
2491 1861 302 100 Fordeel,

963 1967 206 90 endog
1225 1961 126 78 ikke
1401 1961 172 92 finde
1619 1955 232 92 Afsats
1897 1957 20 76 i
1969 1963 184 72 deres
2201 1971 134 82 eget
2381 1957 208 88 Land,
2645 1979 152 64 men

961 2055 342 94 fremmede
1335 2057 248 90 Wahre
1619 2069 190 64 maae
1835 2053 184 94 føges
2055 2077 80 70 og
2179 2053 242 98 bruges
2455 2057 20 76 i
2505 2057 258 94 Hande-

963 2159 98 74 len
1085 2205 22 38 ,
1163 2175 106 58 om
1309 2173 206 76 nogen
1563 2153 236 104 Profit
1852 2151 122 89 skal
2013 2153 260 94 vindes,
2329 2159 144 76 eller
2509 2175 80 74 og
2633 2175 162 60 man

963 2269 190 58 maae
1193 2249 200 82 betale
1425 2257 72 72 de
1529 2247 440 96 Wahre,.som
2003 2269 162 58 man
2193 2249 242 96 kiober,
2479 2257 146 76 med
2661 2259 124 74 den

965 2347 156 78 bare
1171 2347 328 94 Skilling,
1550 2345 108 90 faa
1711 2351 196 90 længe
1937 2365 162 62 man
2131 2345 122 92 har
2277 2367 228 76 nogen.
2659 2351 140 98 For

961 2451 104 74 det
1099 2443 218 80 Ander
1339 2465 64 56 er
1447 2449 64 72 al
1543 2449 118 74 den
1691 2441 362 98 Provision
2073 2465 80 74 og
2191 2455 94 68 alt
2317 2451 128 88 der,
2469 2445 134 92 som
2637 2449 124 78 bru-

963 2551 118 82 ges
1115 2541 68 76 ril
1211 2539 242 82 Skibs
1495 2541 372 96 Udredning
1913 2541 20 74 i
1961 2539 426 96 Danmark,
2443 2543 348 96 saavelsom

961 2641 78 74 de
1067 2635 226 82 Korn-
1327 2659 80 74 og
1439 2635 398 100 Fedevahre,
1891 2637 134 90 som
2061 2635 212 94 derfra
2309 2641 340 96 medtages
2685 2641 106 94 for

961 2751 76 60 ar
1071 2737 314 88 omvexles
1413 2739 142 74 med
1587 2731 340 92 fremmede
1969 2733 254 96 Wahre
2254 2754 160 73 spaa-
2437 2757 58 60 er
2527 2739 262 98 Sræd,

963 2827 268 92 hvorfra
1261 2835 72 76 de
1365 2831 394 94 Handlende
1793 2831 210 78 kunde
2035 2827 138 94 fore
2215 2837 172 88 dem,
2439 2831 102 96 for
2571 2853 72 64 at
2659 2835 102 96 for-

961 2925 232 90 handle
1237 2931 142 74 dem
1415 2949 130 76 paa
1581 2947 56 60 er
1667 2933 198 74 andet
1923 2925 312 90 fremmed
2281 2929 244 98 Sræd,
2581 2951 210 80 meget

961 3025 176 92 dyre,
1193 3025 312 90 hvorover
1561 3047 134 72 paa
1743 3033 72 70 de
1877 3023 252 92 Wahre
2163 3025 132 88 som
2323 3024 462 100 saaledes-Sands-

959 3121 266 94 Vep·les,s

2645 3033 110 82 ind-

959 3123 234 88 veples,
1245 3117 154 94 ifald
1435 3127 72 70 de
1535 3141 132 72 paa
1699 3137 56 62 et
1791 3125 196 74 andet
2023 3121 220 80 Sræd
2280 3122 122 93 skal
2433 3125 208 84 kunde
2657 3131 94 94 fin-

959 3217 76 72 de
1063 3235 206 72 nogen
1309 3213 264 96 Afsats,
1645 3219 130 78 kan
1829 3215 184 94 søges
2083 3217 108 90 saa
2227 3219 180 90 saare
2437 3223 164 82 liden
2639 3235 144 74 eller

959 3309 188 96 ingen
1185 3311 284 94 Profit,
1525 3319 140 72 eller
1717 3333 80 76 og
1827 3327 70 64 at
1953 3319 116 80 de,
2115 3313 156 88 ifald
2319 3323 244 92 derpaa
2589 3323 190 98 søges

959 3427 208 74 nogen
1215 3407 270 112 Profit,
1541 3429 50 54 et
1637 3413 126 78 kan
1811 3411 172 92 finde
2021 3405 254 102 Afsats,
2328 3412 209 92 saaat
2467 3433 72 66 at
2573 3421 180 82 Skil-

955 3503 210 98 lingen
1211 3503 20 78 i
1259 3509 166 78 dette
1453 3503 286 98 Tilfælde
1785 3503 192 98 ogsaa
2021 3507 242 98 bruges
2311 3511 252 94 saavidt
2595 3539 180 64 mue-

2539 3613 136 102 ligt.
