2785 4580
151 667 210 86 Brød
395 669 140 76 eller
581 659 444 100 Kornvahre,
1081 667 320 90 hvorover
1457 665 110 80 der
1617 661 126 96 har
1781 679 200 66 været

145 765 112 94 faa
285 779 202 80 meget
523 761 252 82 mindre
823 759 78 96 af
933 763 204 82 Korn
1175 781 72 64 at
1301 761 172 98 sælge
1513 761 70 82 til
1613 769 174 88 dem,
1839 761 140 94 som

145 881 194 62 tttaae
367 859 180 82 kiøbe
577 865 92 76 alt
701 867 102 74 det
837 867 76 76 de
965 865 200 92 bruge
1181 881 26 78 ;
1263 859 238 96 hvortil
1531 859 292 82 kommer
1851 867 126 76 den

143 963 34 78 i
201 961 204 84 Aaret
443 979 186 70 1770
667 955 170 98 hafte
883 963 160 92 store
1069 959 308 96 Misvext
1429 979 134 76 paa
1591 957 286 84 Kornet.

333 1055 258 88 Denne
631 1057 322 96 Mangel,
1003 1057 384 100 Misvexren
1435 1061 364 94 undtagen,
1857 1057 124 90 hav

143 1161 104 76 vel
277 1171 194 64 været
501 1159 124 90 god
655 1155 102 94 for
801 1161 74 74 de
911 1157 438 96 Landmænd,
1403 1151 136 96 som
1573 1175 74 76 ey
1685 1157 120 96 har
1835 1153 144 96 haft

143 1275 220 76 nogen
401 1249 234 102 Følelse
681 1251 76 96 af
785 1253 466 100 Qvægsygen,
1307 1255 20 80 i
1381 1259 102 78 det
1527 1259 74 76 de
1651 1255 122 94 har
1799 1253 180 96 faaer

143 1359 190 74 deres
375 1351 248 92 Vahre
667 1351 110 94 saa
841 1371 206 78 meget
1089 1355 188 80 bedre
1337 1353 262 96 betalte,
1671 1373 146 62 men
1851 1359 128 76 den

145 1449 124 88 har
318 1445 418 99 foraarsaget
765 1455 124 74 den
939 1451 360 96 Kongelige
1349 1449 192 98 Casse
1589 1469 78 62 en
1719 1451 260 80 dobbelt

147 1547 232 94 Udgift
419 1547 74 78 til
527 1555 72 72 de
651 1545 414 96 tilKongens
1117 1545 284 100 Beneste
1419 1549 324 96 behøvede
1762 1547 185 96 Wah-

146 1653 149 68 rers
327 1641 354 98 Jndkiøb,
757 1663 80 72 og
883 1663 122 76 nye
1039 1641 304 84 Skatter
1389 1641 100 98 for
1533 1643 310 98 Borgere
1897 1665 84 76 og

143 1739 306 84 Bønder
479 1739 68 78 til
607 1747 120 70 den
783 1741 240 88 samme
1071 1741 292 80 dobbelte
1405 1741 350 96 Depence,
1809 1741 172 88 samt

141 1837 280 78 ruineret
475 1835 516 96 Kiobstæderne,
1045 1837 20 78 i
1113 1843 102 76 det
1251 1853 72 64 at
1357 1843 74 74 de
1465 1837 282 90 sammes
1783 1837 160 96 Ind-

138 1933 274 95 byggere
441 1931 124 80 ikke
597 1937 196 74 allene
837 1931 118 90 har
985 1949 274 66 maattet
1291 1935 236 94 udgive
1547 1935 268 82 tilderes
1835 1937 106 80 Un-

137 2031 420 96 derholdning
587 2049 76 74 og
699 2029 68 80 til
801 2027 296 84 Skatter
1135 2041 94 70 alt
1265 2029 174 94 hvad
1465 2037 72 74 de
1573 2033 118 92 har
1731 2031 242 82 kundet

139 2127 534 96 sammenffrabe,
727 2145 146 62 men
921 2133 206 92 endog
1181 2127 126 80 ikke
1369 2129 120 92 har
1521 2129 240 84 kundet
1797 2127 174 98 sælge

137 2233 190 76 deres
365 2225 244 92 Vahre
665 2231 68 72 til
781 2223 110 94 saa
943 2227 202 96 billige
1185 2223 228 102 Priser
1439 2225 134 90 som
1605 2233 228 88 andre,
1891 2247 84 76 og

137 2329 262 76 derover
429 2325 194 92 haver
655 2319 140 98 haft
837 2321 288 98 Mangel
1165 2345 134 76 paa
1329 2321 234 98 Afsats
1597 2347 80 76 og
1715 2325 222 98 Fortje-

129 2425 228 90 nester,
413 2443 78 70 og
539 2425 162 74 dette
731 2421 118 92 har
881 2423 168 94 giort
1067 2421 112 94 saa
1215 2441 232 78 mange
1477 2421 222 102 fattige
1739 2443 80 76 og
1835 2419 102 100 for-

133 2525 256 74 armede
443 2517 396 98 Mennesker.

331 2613 218 88 Dette
597 2637 188 60 mane
829 2621 84 76 da
967 2613 384 102 useylbarlig
1393 2639 164 60 være
1589 2623 72 76 de
1691 2635 158 66 rette
1879 2639 84 78 og

131 2713 192 94 sande
347 2711 398 98 Aarsagertil
761 2721 118 76 den
899 2715 398 96 almindelige
1315 2717 408 98 Fattigdom,
1743 2719 188 82 Man-

129 2817 98 92 gel
275 2833 80 76 og
407 2811 400 98 Næringens
855 2811 334 98 Trykkelsr
1237 2813 206 84 iblant
1493 2815 264 98 Folket,
1833 2823 134 88 dog

131 2911 128 80 kan
307 2907 340 94 desamme
691 2917 100 74 vel
835 2913 288 78 derimod
1175 2913 274 96 hielpes,
1519 2913 108 92 saa
1657 2917 196 90 længe
1883 2921 78 76 de

133 3011 120 86 har
285 3007 230 98 Penge
553 3031 78 74 og
659 3007 126 82 kan
819 3007 144 96 faae
999 3009 500 82 Levnetsmidler
1545 3011 124 78 nok
1701 3009 104 96 fra
1841 3033 86 60 an-

133 3111 110 72 dre
291 3111 320 88 Stæder,
681 3127 144 58 men
876 3105 400 96 Aarsager-tie
1323 3109 70 80 til
1429 3107 330 96 Kongens
1811 3117 146 74 eller

133 3201 280 82 Landets
443 3203 200 86 Gield
675 3205 288 80 kommer
1011 3211 170 76 deels
1213 3201 77 94 as
1427 3205 236 90 samme
1686 3228 78 74 og

131 3295 82 88 af
239 3305 214 88 andet,
501 3299 132 92 som
683 3323 64 60 er
799 3305 326 80 bekiendt:
1179 3303 248 84 Vores
1477 3327 88 58 nu
1603 3307 352 92 regierende

131 3393 242 98 Konge
405 3397 114 92 har
565 3401 124 78 ikke
743 3401 190 98 bragt
975 3401 244 82 Landet
1257 3403 18 76 i
1319 3405 202 82 Gield
1557 3425 78 76 og
1665 3403 288 96 Armod,

129 3511 150 68 men
317 3489 80 108 af
419 3499 118 82 alle
591 3495 284 106 Kræfter
929 3499 214 96 sorger
1171 3495 100 96 for
1297 3519 74 66 at
1407 3501 280 86 Gielden
1743 3503 210 82 kunde

1021 3597 68 90 A
1139 3621 52 74 4
1685 3595 164 86 blive
