2927 4580
925 720 184 104 Om
1167 711 147 86 den
1373 694 402 117 offentlige
1825 695 186 90 eller
2065 693 338 96 Landets
2449 691 307 100 Gjæln

990 818 485 115 Afbetaling
1524 832 161 90 paa
1738 831 93 66 en
1896 825 255 96 meget
2188 811 519 112 fordeelagtig

1661 923 344 97 Maade.

924 1064 450 155 Äarsagerne
1428 1116 70 79 til
1552 1120 118 76 den
1722 1112 310 94 bundløse
2066 1113 230 99 Gield,
2348 1110 136 98 som
2516 1111 246 84 Lander

926 1248 67 58 er
1022 1227 197 90 bragt
1240 1241 45 72 r,
1338 1214 177 95 vriste
1540 1212 97 92 jeg
1668 1207 209 88 under
1908 1217 103 76 der
2040 1209 429 100 foregaaende
2490 1209 275 97 Stykke

929 1345 114 57 om
1072 1315 407 102 Aarsag-eene
1507 1312 72 76 til
1617 1308 588 99 Fattigdommen;
2257 1310 144 96 Jeg
2419 1311 120 86 har

926 1442 95 58 nu
1061 1417 192 80 ikkun
1286 1424 75 62 at
1397 1411 126 74 tale
1555 1424 106 56 om
1695 1403 216 83 Raad
1941 1406 70 78 til
2043 1405 288 94 sammes
2357 1387 406 116 Asbetaling,

925 1535 134 75 paa
1091 1533 76 56 en
1203 1504 266 81 Maade
1505 1496 136 92 som
1693 1517 62 59 er
1803 1501 268 92 beqvem
2117 1523 82 72 og
2241 1506 70 76 til
2357 1506 130 92 stor
2519 1503 246 95 Nytte.

1123 1596 450 92 Ertrastatten
1609 1614 62 56 er
1713 1599 278 91 paalagt
2045 1595 68 80 til
2163 1592 290 97 sammes
2493 1595 244 96 Afbeta-

924 1710 154 92 ling,
1134 1718 148 61 men
1325 1690 287 84 Gielden
1628 1712 78 74 og
1741 1695 165 74 dens
1925 1688 283 101 Renter,
2265 1694 121 94 har
2399 1693 369 100 formedelst

924 1796 392 96 Dybheden
1340 1796 140 70 eller
1524 1786 400 90 Storheden
1954 1808 72 70 ey
2062 1795 260 75 dermed
2360 1791 114 81 udi
2490 1811 76 60 en
2586 1792 182 100 Hast

924 1899 243 81 kunder
1220 1886 237 95 aftage.
1656 1881 263 85 Denne
1966 1882 207 83 Skat
2232 1906 65 60 er
2322 1891 103 77 vel
2456 1887 197 96 ogsaa
2688 1913 81 58 en

926 1987 288 94 naturlig
1270 2002 80 74 og
1395 1978 171 96 billig
1609 1978 333 93 Deputat
1989 1980 207 83 iblant
2237 1992 147 74 dem
2451 1989 133 86 som
2633 1991 135 78 leve

926 2092 117 78 udi
1088 2103 56 60 er
1198 2078 312 85 Societet
1558 2096 81 74 og
1684 2076 346 95 bmygges
2084 2084 208 77 under
2342 2098 61 64 et
2446 2081 319 100 Forsvar,

931 2203 168 63 naar
1137 2185 74 74 de
1247 2180 164 91 have
1445 2190 196 63 været
1695 2171 114 96 lige
1853 2176 340 97 deelagtige
2223 2180 114 80 udi
2369 2177 272 101 Fordeel
2685 2205 82 76 og

929 2281 158 89 Tab
1121 2273 208 84 under
1361 2276 104 73 det
1499 2268 242 93 samme
1775 2267 314 98 Forsvar,
2147 2289 78 80 og
2383 2284 200 91 længe
2601 2279 138 93 sam-

930 2400 106 58 me
1087 2375 129 78 kan
1271 2368 307 94 bestrides
1635 2372 171 76 uden
1859 2373 97 74 alt
2009 2364 105 95 for
2159 2376 131 91 stor
2331 2372 439 99 Fattigdoms

932 2462 492 112 Foraarsagelse
1478 2484 78 74 og
1602 2464 328 97 Nærings
1978 2464 370 102 Trykkelse,
2404 2469 170 95 samt
2608 2472 134 86 Lan-

927 2580 151 74 dets
1114 2558 378 95 Svækkelse
1543 2582 79 74 og
1668 2559 248 96 Ruin,
1971 2584 147 63 men
2151 2588 169 60 naar
2364 2574 124 77 den
2525 2593 75 74 ey
2640 2573 132 82 kan

930 2669 304 93 bestrides
1280 2680 134 74 paa
1454 2655 258 93 saa-dan
1768 2659 300 102 Maade,
2122 2663 136 94 som
2306 2665 224 94 altfor
2570 2675 202 92 længe

930 2768 174 96 siden
1132 2759 198 96 haver
1358 2772 196 62 været
1604 2754 276 98 Prøver
1906 2779 182 70 paa,
2140 2761 110 92 saa
2294 2784 192 62 mane
2534 2767 239 96 strides

933 2864 74 78 til
1039 2859 246 95 saadan
1317 2874 74 56 en
1440 2849 559 105 Formue-Skat,
2053 2859 288 94 hvorved
2391 2867 122 79 den
2543 2865 228 100 ganske

929 2958 206 84 Gield
1175 2953 126 78 kan
1331 2948 166 82 blive
1543 2946 316 101 afdraget.

1133 3049 245 84 Endeel
1415 3044 213 96 sukker
1665 3069 79 75 og
1777 3047 291 98 beklager
2107 3055 93 96 sig
2239 3074 153 62 over
2421 3063 209 79 denne
2655 3059 115 92 saa

930 3150 245 98 haardt
1219 3144 336 96 trykkende
1606 3144 249 97 Skat,
1910 3144 131 95 især
2089 3157 86 78 da
2224 3152 243 84 Landet
2487 3157 128 81 ikke
2645 3159 122 97 har

927 3261 201 67 været
1171 3249 217 88 plaget
1441 3246 145 76 med
1635 3246 129 94 stor
1803 3243 213 99 Krig;
2065 3267 149 60 men
2263 3250 99 98 jeg
2389 3251 199 95 haver
2627 3256 143 98 viis

928 3351 122 73 ved
1082 3347 108 76 det
1216 3339 448 91 foregaaende,
1720 3357 74 64 at
1836 3344 184 79 dertil
2064 3365 64 60 er
2184 3350 312 95 grundige
2525 3352 212 94 Aarsa-

926 3450 135 87 ger,
926 3452 136 86 ger,
1118 3459 80 76 og
1228 3440 180 93 hvad
1442 3450 184 68 enten
1652 3442 102 80 det
1786 3457 122 62 var
1948 3436 114 97 saa
2090 3449 142 78 eller
2260 3466 111 78 ey,
2424 3443 112 96 saa
2576 3473 195 64 maae

2563 3553 108 82 det
