2927 4580
129 2489 75 259 «WWW

1394 112 127 78 2C

142 1352 49 82 f

191 1458 60 56 0

132 2420 102 67 mk

958 691 430 97 forfærdigede
1414 684 252 92 Wahre
1694 697 72 64 at
1798 681 182 94 holde
2018 674 200 98 Priis
2268 677 142 76 med
2450 669 302 99 Fremme-

956 802 101 83 de,
1114 785 293 100 hvorfore
1443 804 76 74 og
1558 782 349 92 fremmede
1952 772 255 92 Wahre
2240 771 185 96 søges
2456 791 81 73 og
2582 766 173 82 Skil-

955 894 208 89 lingen
1181 883 208 93 derfor
1407 876 288 96 udføres.
1795 875 258 84 Denne
2073 870 308 95 Mangel,
2439 866 340 96 tilligemed

953 1008 84 59 en
1069 989 126 88 ftor
1227 983 174 86 Told
1433 998 78 72 og
1553 971 506 98 Consumption,
2115 968 128 94 sees
2281 973 86 74 da
2401 967 18 76 i
2439 964 144 94 disse
2603 960 178 98 Bug

955 1084 111 90 saa
1103 1085 175 90 ftor,
1334 1092 72 62 at
1441 1074 243 82 Landet
1713 1069 127 80 ikke
1871 1069 119 91 har
2025 1072 105 74 det
2165 1064 439 95 Behøvende,
2633 1080 151 58 men

954 1175 246 94 derfore
1226 1186 186 67 maae
1444 1170 234 94 udgive
1708 1165 388 95 Skillingen
2128 1166 72 76 til
2230 1167 222 92 andre,
2510 1182 80 72 og
2626 1158 156 96 især,

954 1293 170 65 naar
1166 1275 186 92 ingen
1398 1264 114 94 frie
1562 1261 342 100 Indførsel
1940 1282 64 58 er
2036 1260 212 82 tilladt
2290 1281 136 74 paa
2480 1259 272 81 Levnets-

954 1371 265 90 midler,
1274 1367 127 81 kan
1452 1368 205 85 endog
1702 1359 367 93 Mangelen
2112 1377 165 59 være
2324 1357 113 88 saa
2486 1361 127 89 ftor
2633 1404 24 32 --
2710 1366 75 66 at

953 1465 192 94 deraf
1157 1467 282 74 kommer
1469 1480 74 56 en
1573 1454 108 90 saa
1713 1460 390 72 overmande
2153 1455 110 89 hoi
2313 1453 178 94 Pris
2505 1474 132 72 paa
2665 1458 122 74 den

953 1561 384 96 Provision,
1391 1550 132 92 som
1565 1534 348 111 forbruges
1957 1550 70 76 til
2057 1556 72 68 de
2151 1549 254 92 Skibe,
2431 1547 136 92 som
2585 1566 200 76 gaaer

951 1662 73 76 til
1051 1650 463 90 Middelhavet
1557 1653 143 73 eller
1743 1651 187 88 langt
1981 1646 437 93 bortliggende
2466 1644 314 97 Seer-dier,

948 1754 102 92 for
1084 1769 70 60 at
1188 1749 178 88 hente
1406 1746 252 88 Wahre
1678 1745 68 78 til
1778 1742 400 94 Omvexling
2198 1747 144 72 med
2360 1747 200 76 andre
2580 1740 174 84 Stæ-

948 1860 140 81 der,
1144 1861 70 62 at
1250 1850 228 73 derved
1512 1842 186 93 ingen
1756 1838 238 97 Profit
2020 1838 124 78 kan
2188 1836 204 97 søges.
2494 1837 164 85 Det
2696 1846 60 72 la-

952 1956 113 72 der
1102 1945 91 90 sig
1224 1936 211 94 derfor
1468 1944 81 72 let
1580 1935 281 96 besvare,
1916 1936 337 96 hvorledes
2300 1933 319 98 Pengene
2656 1936 127 82 kan

945 2043 342 88 indhentes
1319 2038 18 74 i
1367 2036 266 91 Landet,
1691 2055 78 72 og
1817 2033 350 96 Handelen
2213 2031 216 86 drives
2467 2033 312 95 saaledes,

953 2162 72 56 at
1059 2139 104 92 her
1197 2133 124 80 kan
1355 2138 140 72 med
1513 2128 268 98 Fordeel
1799 2132 316 88 omvexles
2133 2128 252 93 Wahre
2401 2138 144 72 med
2567 2130 184 96 Wah-

951 2251 111 80 re;
1117 2231 89 90 thi
1237 2248 165 61 naar
1439 2228 173 84 Gud
1641 2227 125 78 ikke
1795 2222 251 101 straffer
2089 2226 245 82 Laudet
2389 2223 103 96 for
2539 2228 243 90 haardt

952 2335 146 74 med
1132 2324 410 96 Qvægsyge,
1602 2346 78 71 og
1732 2331 74 74 de
1851 2320 284 102 Danske
2174 2329 86 72 vil
2292 2325 258 92 benytte
2588 2328 88 94 sig
2710 2324 76 98 af

950 2425 312 101 Fiskeriet,
1318 2406 74 110 af
1416 2430 158 86 gode
1612 2420 490 98 Frugtbaq
2158 2418 76 93 af
2262 2421 190 98 Hør-
2474 2423 276 97 Hampe-

952 2548 85 71 vg
1082 2518 661 95 Humle-Avlingen,
1796 2503 77 108 af
1906 2520 245 94 nyttige
2200 2518 233 97 Anlæg
2468 2526 147 74 med
2644 2522 107 96 Fa-

951 2621 256 94 briqver
1253 2637 130 70 paa
1441 2624 74 74 de
1579 2615 202 98 billige
1813 2621 142 74 eller
2005 2629 77 81 eyi
2131 2612 102 98 for
2269 2621 154 88 dyre
2459 2617 320 101 Stæder,

949 2716 112 92 saa
1099 2715 118 96 har
1249 2719 74 74 de
1349 2714 214 82 Guds
1595 2709 394 97 Velsignelse
2041 2734 80 72 og
2177 2711 122 80 nok
2325 2709 102 94 for
2471 2721 146 73 dem
2655 2716 120 92 selv

947 2814 25 78 i
999 2810 541 97 Overflødighed,
1591 2808 169 93 samt
1789 2829 237 73 mange
2053 2808 179 95 Dug
2277 2825 75 64 at
2383 2818 297 76 overlade
2703 2816 71 80 til

948 2917 240 86 andre;
1244 2929 80 73 og
1360 2928 166 58 naar
1562 2914 72 74 de
1666 2913 86 74 da
1784 2911 290 74 desuden
2106 2906 124 78 kan
2278 2905 162 79 blive
2492 2909 256 99 soulage-

950 3011 144 73 rede
1114 3009 140 74 med
1276 3025 76 56 en
1382 3005 316 94 maadelig
1726 3003 176 86 Told
1934 3024 78 72 og
2044 3002 504 98 Consumption,
2602 3006 174 92 samt

948 3101 327 92 bestandig
1304 3097 112 93 frie
1452 3100 344 96 Indførsel
1830 3119 132 72 paa
1996 3098 228 80 Korn-
2254 3121 81 72 og
2370 3101 401 107 Fedevahre,

947 3198 318 92 hvorover
1295 3196 202 90 alting
1543 3217 190 59 maae
1763 3197 162 78 blive
1971 3194 226 100 billigt,
2251 3193 112 92 saa
2395 3197 128 84 kan
2557 3206 74 74 de
2661 3227 79 75 og-

944 3292 112 92 faa
1085 3291 140 92 give
1277 3306 110 79 got
1435 3292 184 80 Kiob
1659 3313 132 74 paa
1837 3293 176 94 hvad
2067 3298 72 74 de
2171 3294 126 77 kan
2353 3302 296 76 overlade
2687 3326 82 78 og

945 3390 174 92 sælge
1165 3387 66 78 til
1285 3392 235 90 andre;
1585 3409 81 72 og
1709 3409 168 60 naar
1939 3392 72 74 de
2053 3388 128 80 kan
2227 3391 142 92 give
2393 3411 114 78 got
2547 3394 217 104 Kiob,

944 3486 208 100 finder
1178 3489 74 84 de
1302 3486 126 92 god
1476 3480 264 103 Afsats;
1792 3507 80 78 og
1904 3484 236 100 endelig
2190 3497 292 96 naar.de
2514 3496 86 74 da
2636 3498 128 86 kan

2518 3608 148 76 pro-
