3061 4500
30 3237 231 91 MW

1736 411 510 83 40000
2254 413 27 72 i

1109 646 92 78 les
1233 656 56 64 er
1321 638 156 81 Kar
1507 641 140 76 eller
1679 631 214 97 Porre
1921 634 144 74 med
2100 623 303 100 Vandr,
2456 624 297 98 hvorpaa
2781 628 118 95 stal

1107 782 164 58 være
1309 758 112 95 saa
1465 757 148 80 lider
1643 771 56 62 er
1735 750 212 98 Hull,
2001 760 72 66 ar
2103 743 290 84 Vander
2421 747 202 95 falder
2648 745 226 88 Draa-

1107 882 205 78 beviss
1351 881 118 76 ned
1493 879 24 76 i
1563 881 120 76 den
1723 871 506 93 understaaende
2267 865 244 100 Porre,
2563 868 110 94 saa
2715 876 184 89 lang«

1106 1002 170 96 som,
1342 1015 72 64 ar
1456 1003 120 76 den
1614 1015 110 58 ene
1762 988 308 86 Draabe
2107 987 123 96 stal
2266 1007 164 62 være
2492 990 356 96 nedfiunker
2880 993 20 76 i

1106 1120 308 98 Jorden,
1466 1117 230 94 førend
1718 1118 118 72 den
1864 1114 214 74 anden
2094 1105 246 102 falder,
2394 1130 80 74 og
2494 1108 134 92 som
2656 1108 240 94 saadan

1106 1240 466 98 stedsevarende
1614 1228 534 100 Draabe-Fald
2202 1231 148 96 giør
2398 1248 58 62 er
2522 1232 146 80 lider
2712 1230 144 100 Hul
2878 1235 18 76 i

1107 1360 306 96 Jorden,
1467 1355 124 94 stal
1621 1359 102 76 der
1749 1352 160 80 alrid
1941 1352 300 96 opfyldes
2269 1355 140 78 med
2439 1356 126 92 god
2595 1350 206 98 Jord.

1253 1467 470 109 (Efterstrevne
1757 1471 452 100 Opfindelser,
2235 1473 134 94 som
2413 1474 270 94 angives
2723 1473 170 100 visse,

1401 1597 206 82 kunde
1637 1597 158 80 riene
1819 1596 68 80 ril
1919 1592 252 104 Forsøg
2209 1599 170 78 uden
2413 1593 312 101 Skade.),

1312 1872 58 51 1.
1402 1841 96 86 Er
1538 1841 190 90 Træe
1760 1844 198 80 bærer
1986 1842 205 94 Ædle
2286 1839 134 96 som
2446 1842 166 82 blive
2638 1842 254 99 ssiønne,

1108 1966 78 96 af
1210 1986 74 58 en
1302 1964 380 99 formænger
1704 1965 258 99 Farve,
2016 1963 246 92 dersom
2300 1979 58 66 er
2374 1965 148 82 lider
2536 1980 164 82 ungt
2716 1960 180 92 Træe

1105 2090 200 78 bliver
1357 2087 274 82 okulerer
1673 2092 144 76 med
1869 2108 72 58 en
1981 2090 128 96 god
2142 2083 132 84 Art
2307 2085 80 96 af
2405 2087 227 81 Ædle
2729 2086 166 83 Den

1099 2208 406 99 Okulering,
1569 2207 134 94 som
1747 2214 100 76 det
1891 2206 146 84 Aar
2085 2227 64 60 er
2201 2207 294 80 kommen
2537 2206 200 98 frem,
2791 2207 80 80 bli-

1097 2350 112 60 ver
1227 2336 180 91 næste
1427 2329 144 84 Aar
1593 2330 260 96 derefter
1901 2330 272 80 okulerer
2199 2333 140 76 med
2369 2343 56 64 er
2443 2332 194 80 ander
2657 2328 240 97 Slags

1100 2454 78 96 af
1212 2458 128 92 god
1384 2451 150 84 Art.
1636 2451 220 85 Derre
1892 2450 152 96 ffeer
2096 2449 230 98 ligesaa
2370 2455 100 76 der
2516 2451 192 85 tredie
2752 2448 148 83 Aar

1098 2580 146 76 med
1292 2578 102 80 der
1444 2575 194 78 tredie
1676 2572 294 96 Udstud,
2024 2576 86 78 da
2146 2569 380 84 Stammen
2566 2569 334 98 faaee
2768 2570 132 85 Lov

1098 2696 74 84 ril
1196 2712 72 64 ar
1298 2696 166 96 færre
1500 2693 280 86 Greene.

1299 2966 62 51 2.
1393 2937 254 84 Saaes
1677 2944 98 76 vel
1801 2944 262 76 moedne
2077 2937 278 84 Kierner
2381 2937 80 97 af
2483 2956 74 60 en
2591 2940 124 94 god
2733 2932 158 97 Art,

1097 3080 81 74 og
1223 3066 74 74 de
1331 3060 337 99 Planter,
1709 3061 140 93 som
1897 3060 191 95 deraf
2125 3079 273 78 opvoxe,
2451 3060 166 80 blive
2659 3059 240 95 podede

1096 3186 140 74 eller
1258 3180 322 83 okulerede
1606 3189 146 74 med
1770 3182 236 94 samme
2022 3181 488 100 Pode-Qviste,
2556 3178 136 94 som
2708 3174 162 84 Kier-

1094 3318 194 62 nerne
1316 3320 96 58 ere
1440 3319 268 82 opvoxre
1736 3302 106 98 af,
1896 3304 180 96 stulle
2118 3303 364 100 Frugterne
2522 3302 164 80 blive
2716 3304 182 89 langt

1104 3424 200 100 større
1320 3441 81 74 og
1438 3421 184 86 bedre
1654 3430 118 78 end
1802 3423 642 86 Skam-Moderens
2472 3420 306 102 Frugter.

2469 3690 60 72 z.
2583 3660 214 102 Frug-
