2881 4487
904 664 242 80 Laanet
1180 677 78 76 og
1312 658 420 91 Rentepenge
1766 650 218 98 deraf;
2034 656 100 78 vel
2158 652 210 81 kunde
2396 655 112 76 der
2530 646 218 94 findes

904 766 149 76 dem
1084 759 209 78 iblant
1324 750 577 102 Interessenterne,
1954 750 133 92 som
2126 750 215 79 kunde
2391 764 168 63 være
2588 744 159 78 tient

905 863 170 90 med,
1133 875 108 58 om
1281 853 242 81 Laanet
1551 848 20 78 i
1611 847 276 82 Sreden
1917 844 102 96 for
2039 848 330 94 Tilskuder
2391 845 140 78 blev
2551 840 194 94 giort,

899 953 250 95 saasom
1181 951 422 98 Handlende,
1657 947 22 78 i
1709 953 102 76 det
1843 951 74 73 de
1951 946 72 78 til
2063 946 354 96 Handelen
2447 946 142 74 eller
2627 958 88 56 an-

901 1060 107 74 det
1043 1049 243 94 Brug,
1339 1056 135 80 lom
1508 1061 124 63 var
1669 1042 417 96 imporrabel,
2137 1042 209 79 kunde
2381 1039 261 91 benytte
2657 1038 93 92 sig

902 1148 78 82 af
1004 1155 102 74 det
1148 1147 300 92 giørende
1478 1139 286 94 Tilskud,
1820 1158 148 60 men
1998 1136 134 94 som
2166 1144 74 75 de
2272 1135 192 98 første
2497 1144 251 66 maatte

900 1248 120 78 lide
1052 1249 248 87 under,
1356 1262 72 58 ar
1476 1248 74 72 de
1608 1239 180 92 sidste
1820 1237 20 76 i
1876 1235 112 91 saa
2016 1236 266 79 Maade
2308 1233 88 94 fik
2430 1231 320 99 Fordelen

903 1364 80 74 og
1027 1341 234 90 enhver
1298 1342 333 83 desuden,
1686 1351 171 60 naar
1892 1332 133 94 han
2050 1332 121 90 seer
2186 1335 95 92 sin
2298 1331 299 98 Fordeel,
2618 1326 131 80 kan

897 1446 190 74 laane
1137 1435 226 89 dertil,
1419 1428 112 92 saa
1569 1427 436 92 omendffiønt
2047 1444 72 62 at
2151 1434 124 71 den
2325 1429 134 92 som
2497 1432 250 86 laaner,

905 1532 184 91 oftest
1121 1524 412 97 fvraarfages
1563 1521 480 96 Bekostninger
2077 1542 134 72 paa
2249 1527 74 74 de
2367 1523 104 92 for
2507 1524 244 78 Laanet

899 1628 339 95 afgivende
1287 1623 513 90 Documenter,
1855 1619 203 77 bliver
2107 1622 105 76 det
2267 1623 129 92 dog
2433 1621 129 91 hele
2593 1618 131 82 So-

904 1728 244 78 cieteter
1178 1727 142 74 eller
1350 1726 120 72 alle
1514 1699 556 115 Interessenterne
2090 1712 298 99 tilfælles,
2442 1718 310 94 nyttigere

896 1840 76 64 at
1014 1823 178 94 giore
1236 1816 286 94 Tilskud,
1582 1817 122 74 end
1734 1811 134 90 som
1906 1828 74 62 at
2018 1818 216 89 laane,
2288 1811 132 92 især
2460 1819 86 75 da
2590 1814 134 82 So-

900 1922 241 78 cietetet
1163 1967 24 42 ,
1240 1913 279 96 foruden
1548 1910 319 81 Rentens
1904 1906 333 97 Betaling
2264 1891 77 112 af
2370 1917 123 74 den
2532 1914 219 78 (aante

899 2013 496 96 Capital,ogfaa
1423 2028 190 60 maae
1643 2007 174 94 giøre
1845 2005 482 98 Bekostninger
2363 2029 134 76 paa
2525 2012 100 94 de,
2647 2008 100 96 for

899 2114 242 82 Laanet
1191 2108 336 94 afgivende
1565 2104 490 83 Documenter.

1107 2207 349 96 Publigve
1517 2197 401 96 Stiftelser,
1989 2198 287 94 saasom:
2345 2198 403 102 Hospitaler,

908 2304 272 85 Skoler
1226 2327 78 71 og
1344 2300 304 98 Fattiges
1684 2297 224 98 Hufe,
1966 2318 190 60 maae
2212 2303 316 76 indrettes
2560 2298 164 92 saale-

906 2410 150 89 des,
1114 2423 80 74 og
1246 2405 52 74 ei
1340 2398 320 94 bebyrdes
1708 2398 420 94 anderledes,
2196 2401 122 74 end
2370 2411 74 62 at
2492 2394 258 98 Fondet

912 2502 139 77 kan
1082 2519 169 58 være
1278 2493 437 97 tilstrækkeligt
1750 2493 71 78 til
1864 2499 77 75 de
1970 2490 431 94 udfordrende
2414 2492 339 96 Udgifters

903 2595 426 98 Bestridelse;
1385 2594 92 88 thi
1523 2590 134 92 som
1705 2595 120 74 den
1879 2589 244 91 samme
2173 2590 198 97 Fond
2423 2591 52 78 ei
2507 2594 244 96 bruges

901 2698 70 78 til
1009 2701 200 74 andet
1261 2696 120 77 end
1425 2685 416 101 Udgifternes
1891 2686 408 95 Bestridelse,
2357 2711 80 72 og
2477 2694 108 76 det
2613 2690 132 92 som

901 2789 223 94 derfra
1161 2791 129 80 kan
1319 2794 351 76 undværes
1717 2789 71 75 til
1833 2802 79 63 at
1961 2782 169 94 sætte
2155 2806 135 73 paa
2325 2785 257 97 Rente,
2635 2788 111 90 saa

900 2869 250 112 dersom
1182 2888 178 83 dertil
1396 2890 228 76 laanes
1658 2889 140 74 eller
1826 2885 216 94 giøres
2070 2882 244 92 saadan
2332 2883 228 95 Gield,
2614 2884 136 86 som

902 3007 192 61 maae
1132 2983 358 96 forrentes,
1544 2980 182 98 faaer
1776 2978 356 94 Stiftelsen
2180 2988 232 75 derved
2474 3003 76 57 en
2588 2982 132 86 De-

902 3105 217 73 pence,
1174 3083 137 88 som
1354 3084 19 76 i
1430 3086 155 90 lang
1622 3077 131 90 Tid
1786 3078 259 81 trækker
2080 3080 111 92 saa
2230 3079 181 94 stærk
2442 3086 145 72 eller
2622 3082 127 80 kan

905 3181 234 93 opløbe
1169 3163 114 110 faa
1315 3180 160 94 høit,
1531 3198 72 59 ar
1641 3177 256 98 Fondet
1929 3180 18 74 i
1983 3176 214 90 Tiden
2231 3173 256 100 aftager
2523 3200 80 74 og
2637 3180 82 78 bli-

901 3298 116 60 ver
1057 3281 248 78 mindre
1343 3300 80 74 og
1457 3278 276 91 mindre,
1789 3297 80 76 og
1903 3280 272 88 omsider
2217 3275 200 80 bliver
2453 3279 110 91 flet
2589 3276 158 80 intet

901 3376 73 80 til
1015 3375 331 100 Udgifter;
1399 3382 127 88 dog
1557 3374 209 83 kunde
1805 3381 99 72 vel
1933 3374 261 82 indløbe
2213 3373 329 92 saadanne
2557 3372 149 82 Om-

898 3478 500 97 stændigheder,
1450 3472 134 92 som
1612 3475 140 82 ville
1772 3471 316 101 forvolde,
2140 3487 76 66 at
2260 3469 484 98 Stiftningens

2502 3572 134 80 Ud-
