2927 4580
163 1110 92 207 ds:-I

138 1283 77 65 a

202 1288 6 4 -

138 1283 77 65 a

139 1351 66 67 f

145 1451 106 67 M

188 1675 10 12 .

92 2965 106 60 m

90 3055 98 102 :r

118 3139 34 54 ■
174 3139 32 53 I

109 3295 104 100 B

944 710 75 70 de
1065 716 72 64 at
1165 693 404 96 efterkomme
1600 696 183 76 deres
1820 683 301 98 Pligter,
2178 680 131 94 især
2342 686 87 76 da
2464 683 105 74 det
2598 695 65 60 er
2700 697 79 61 en

943 797 372 92 Sandhed,
1369 809 70 62 at
1479 796 104 74 det
1633 804 64 62 er
1731 784 68 78 til
1831 787 128 90 stor
2007 779 272 98 Fordeel
2315 774 104 96 for
2453 773 321 103 Prope

1293 907 74 62 at
1421 889 374 81 Bønderne
1845 899 134 70 paa
2015 885 76 76 de
2129 874 318 95 Stæder,
2505 877 164 88 hvor
2701 877 76 75 de

939 992 121 94 har
1089 992 163 78 liden
1289 985 243 95 Avling
1569 1002 79 74 og
1685 995 201 76 neppe
1915 981 105 76 det
2055 973 369 93 behøvende
2455 969 69 80 til
2545 969 205 84 Skat-

938 1106 122 76 ter,
1112 1085 340 92 Landgilde
1512 1104 78 74 og
1624 1086 184 74 deres
1840 1089 136 80 eget
2006 1069 216 97 Brug
2278 1094 78 74 og
2386 1070 364 97 Fornøden-

936 1188 146 90 hed,
1134 1187 320 88 anlægger
1510 1176 326 92 saadanne
1888 1168 508 99 Frugthauger,
2450 1165 136 94 som
2648 1163 130 81 kan

934 1298 169 62 være
1142 1286 145 73 dem
1328 1277 109 90 saa
1466 1267 477 99 fordeelagtige,
1996 1281 73 62 at
2096 1270 73 76 de
2210 1268 51 76 ei
2300 1272 177 76 alene
2498 1261 121 94 selv
2640 1267 111 74 der-

933 1374 78 96 af
1029 1376 124 80 kan
1187 1375 162 90 have
1387 1371 246 90 saadan
1665 1365 308 92 Næring,
2029 1361 134 90 som
2195 1362 126 82 fan
2383 1359 256 98 bespare
2669 1365 80 96 He-

931 1482 110 68 res
1073 1472 224 87 Korn,
1353 1489 144 54 men
1555 1468 210 86 endog
1823 1458 428 94 tilveiebringe
2291 1466 148 74 dem
2483 1475 194 76 noget
2709 1458 72 80 til

925 1565 458 177 forhandling
1451 1580 80 72 og
1583 1558 280 98 Penges
1923 1551 468 96 Indbringelse
2443 1555 210 78 baade
2705 1550 80 98 af

926 1672 201 69 Korn
1174 1679 78 76 og
1291 1657 233 98 Frugt.
1677 1652 175 82 Ved
1905 1649 497 93 Kiøbstæderne
2454 1655 144 74 eller
2631 1651 147 80 inde

932 1758 118 80 udi
1086 1756 278 95 Byerne
1404 1755 178 94 gives
1636 1750 128 80 ikke
1800 1747 112 92 saa
1968 1753 126 86 god
2130 1744 310 98 Leilighed
2466 1747 70 80 til
2570 1747 174 98 Hau-

930 1864 150 84 gers
1114 1852 230 91 Anlæg
1378 1873 76 70 og
1488 1848 406 96 Frugternes
1930 1841 192 84 Sæd
2156 1864 80 76 og
2254 1844 518 96 Forplantning,

926 1956 333 81 undtagen
1290 1953 121 74 ved
1434 1948 347 88 Udsiderne
1812 1935 81 96 af
1922 1937 307 97 Byerne,
2284 1944 165 90 hvor
2494 1945 117 76 der
2646 1943 127 80 kan

925 2064 166 62 være
1125 2042 236 97 Plads
1397 2065 80 73 og
1521 2040 254 96 Rum;
1827 2041 126 90 dog
1987 2035 134 92 som
2181 2042 108 76 der
2329 2038 216 96 findes
2583 2061 158 60 man-

927 2162 74 74 ge
1033 2139 242 99 Pladse
1313 2145 168 76 uden
1521 2136 102 92 for
1651 2135 514 95 Kiøbstæderne,
2221 2132 134 94 som
2387 2135 160 96 ligge
2567 2143 174 88 udyr-

923 2240 147 78 kede
1095 2258 81 73 og
1203 2237 209 80 kunde
1449 2234 233 96 dyrkes
1711 2254 81 75 og
1823 2231 219 94 giøres
2059 2231 375 97 beqvemme
2473 2235 71 78 til
2561 2233 177 98 Hau-

924 2354 134 78 ger,
1116 2334 110 89 saa
1258 2333 206 82 kunde
1514 2340 102 74 det
1654 2330 130 80 ikke
1834 2325 170 98 falde
2032 2327 490 99 Indbyggerne
2558 2346 208 81 meget

926 2428 338 97 vanskeligt
1314 2451 78 72 og
1454 2428 342 94 besværligt
1846 2443 72 62 at
1962 2431 130 76 dele
2126 2428 328 92 saadanne
2484 2427 278 100 Pladse,

922 2526 266 82 indrette
1226 2547 79 74 og
1338 2527 186 92 dyrke
1560 2532 145 76 dem
1736 2526 69 79 til
1824 2521 292 98 Hauger
2152 2544 81 76 og
2254 2524 299 100 Frugtes
2570 2525 195 85 Sæd

921 2630 146 74 eller
1115 2645 78 74 og
1243 2619 440 99 bortforpagte
1725 2642 82 75 og
1879 2626 298 76 overlade
2239 2628 146 76 dem
2425 2625 72 78 til
2525 2631 228 87 andre,

917 2718 136 92 som
1077 2718 242 94 samme
1353 2721 146 79 ville
1529 2720 190 92 dyrke
1749 2739 80 72 og
1871 2717 224 96 bruge,
2149 2714 102 94 for
2287 2719 190 96 deraf
2523 2739 72 62 at
2627 2719 100 92 for-

915 2800 148 110 syne
1097 2816 284 91 Byerne
1427 2820 144 76 med
1635 2822 104 76 det
1803 2813 442 95 Behøvende,
2303 2838 80 74 og
2423 2837 170 60 naar
2619 2817 140 94 saa«

917 2918 165 76 dant
1127 2914 191 94 skede,
1372 2915 162 79 vilde
1563 2916 101 76 det
1695 2912 165 82 blive
1905 2909 147 82 dem
2088 2914 68 78 til
2193 2916 129 92 ftor
2357 2914 275 97 Fordeel
2674 2941 82 73 og

918 3008 318 97 Menage,
1290 3011 20 76 i
1340 3017 106 76 det
1488 3018 74 76 de
1594 3012 212 80 baade
1844 3007 210 82 kunde
2080 3027 144 77 tage
2246 3010 512 99 Forpagtnings

914 3102 212 96 Afgift
1170 3107 76 90 af
1284 3107 264 96 Jorden
1596 3128 78 72 og
1734 3108 164 92 have
1954 3103 126 96 hos
2132 3110 144 74 dem
2306 3106 120 92 selv
2468 3115 108 74 det
2612 3111 144 92 som

913 3199 208 81 kunde
1150 3201 253 96 bespare
1436 3211 143 75 dem
1612 3202 105 94 fra
1760 3209 203 74 andre
1996 3201 393 98 Fodevahre
2420 3225 73 60 at
2512 3205 229 103 bruge,

911 3304 144 74 eller
1091 3298 132 92 som
1255 3317 244 62 maatte
1529 3296 336 99 forskaffes
1895 3295 104 96 fra
2035 3304 206 74 andre
2279 3300 310 84 Stæder.

1109 3392 140 97 Jeg
1281 3411 168 64 troer
1483 3402 88 74 da
1597 3397 220 95 herudi
1849 3411 70 64 at
1955 3395 166 92 have
2151 3392 302 100 fremført
2493 3409 74 74 de
2623 3421 94 64 ret-

913 3502 59 74 te
997 3490 303 89 Grunde
1339 3491 69 84 til
1439 3491 365 101 Mangelen
1829 3513 137 76 paa
1981 3497 147 82 rede
2161 3492 237 106 Penge
2415 3499 107 98 her
2541 3501 17 76 i
2579 3499 133 84 Lan-

2500 3603 138 94 det,
