2957 4580
157 2584 50 144 WWW
163 2512 41 59 W

176 1411 107 103 9

149 3094 103 108 S

943 692 115 82 faa
1096 681 312 96 anseelige,
1460 690 73 66 at
1561 667 242 95 samme
1834 660 133 82 ikke
2001 680 142 77 paa
2159 663 140 81 kort
2321 660 136 92 Dd
2473 659 124 93 har
2615 658 132 81 kun-

944 796 108 74 drt
1108 785 162 76 blive
1328 779 238 86 betalt;
1627 788 79 72 og
1732 763 134 90 som
1911 756 495 88 Ktobenbavns
2463 757 317 96 Borgere

946 904 95 58 nu
1074 881 21 76 i
1126 879 109 90 saa
1278 882 151 85 lang
1482 859 131 96 Tid
1674 871 119 83 har
1842 859 199 79 betalt
2098 855 509 84 Levnetsmidler
2656 853 123 94 saa

946 979 393 79 overmande
1386 981 151 80 dyre
1589 955 264 101 fremfor
1883 953 247 95 tilforn,
2185 976 82 77 og
2297 954 248 95 samme
2579 960 168 76 desu-

942 1084 128 72 den
1100 1077 118 75 ved
1258 1067 298 89 Toldens
1603 1080 81 73 og
1737 1050 612 97 Consumptionens
2388 1051 391 100 Forhøyelse

946 1174 123 86 har
1092 1162 541 96 væretfordyrede
1652 1159 141 76 eller
1810 1154 373 92 belagtmed
2198 1172 75 59 en
2292 1148 487 99 storDepence,

945 1270 124 88 har
1106 1273 105 72 det
1252 1275 195 66 været
1475 1255 320 95 fornoden
1847 1264 74 62 at
1961 1255 112 75 der
2120 1264 253 64 maatte
2405 1252 152 91 flere
2587 1242 164 101 Pen-

942 1384 78 72 ge
1049 1363 68 80 til
1147 1377 69 62 at
1259 1361 245 75 roulere
1539 1351 208 77 iblant
1791 1343 360 95 Borgerne
2199 1350 124 74 end
2365 1343 138 92 som
2525 1340 257 97 forhen,

944 1480 83 70 og
1072 1457 241 93 derfore
1362 1455 119 88 har
1530 1441 359 99 Høysalige
1929 1440 210 95 Kong
2210 1440 376 98 Friderich
2643 1447 140 69 den

953 1554 232 75 «enree
1215 1550 24 78 i
1277 1546 160 81 Sin
1489 1542 180 92 sidste
1709 1532 404 95 Regierings
2161 1535 140 85 Tid
2334 1536 192 97 ogsaa
2564 1551 188 84 maat-

940 1664 90 61 tet
1069 1649 138 90 fore
1237 1664 78 54 en
1347 1645 128 88 stor
1505 1628 464 104 Hofholdning
2019 1650 82 75 og
2135 1629 223 98 Stat,
2415 1653 80 75 og
2511 1630 274 99 forhøye

937 1742 198 82 Sine
1169 1734 421 88 Betienteres
1643 1726 226 94 Gage,
1923 1745 75 60 at
2049 1731 235 77 derved
2329 1729 211 83 kunde
2577 1731 177 92 erhol-

937 1846 124 72 des
1097 1835 236 98 Penge
1379 1830 72 80 til
1507 1845 74 63 at
1620 1827 249 76 roulere
1894 1822 209 80 iblant
2129 1822 386 98 Borgerne,
2565 1825 108 95 for
2703 1843 80 65 at

937 1933 88 92 see
1057 1941 146 71 dem
1229 1928 370 95 forhiulpen
1633 1921 70 80 til
1739 1925 104 74 det
1867 1917 444 99 Behøvende,
2367 1920 300 97 hvorfvre
2705 1930 80 76 de

939 2047 86 77 og
1049 2049 109 58 uu
1199 2032 121 74 ved
1359 2033 119 72 den
1507 2022 199 90 giorte
1737 2015 581 111 Indskrænkning
2372 2017 135 94 som

940 2130 75 80 til
1047 2122 414 98 Udgifternes
1492 2112 379 97 Besparelse
1908 2134 79 75 og
2032 2113 330 83 Gieldens
2392 2121 173 95 desto
2593 2120 163 95 hasti-

941 2242 144 78 gere
1115 2220 352 93 Betaling,
1519 2231 193 63 maae
1743 2211 119 80 lide
1889 2214 129 88 stor
2045 2209 288 100 Mangel
2360 2215 388 98 paa-Forne-

943 2321 209 91 neser

2525 2216 226 98 Fortie-

943 2322 209 91 uester
1187 2338 81 73 og
1317 2314 282 99 Penge,
1651 2307 141 96 fom
1841 2306 188 94 skule
2073 2305 259 84 komme
2375 2307 107 97 fra
2539 2311 243 101 Hoffet

943 2438 84 74 og
1064 2413 453 91 Betienterne,
1572 2428 82 75 og
1684 2399 306 97 saafremt
2016 2402 244 95 samme
2300 2426 76 71 ey
2410 2408 131 80 kan
2576 2413 176 92 erhol-

939 2518 124 75 des
1097 2517 142 72 eller
1277 2506 422 98 Forandring
1735 2501 144 96 skee,
1932 2503 90 78 vil
2057 2499 216 97 Byen
2304 2503 165 80 blive
2495 2508 286 84 ruinerer

941 2629 89 73 og
1067 2613 73 76 de
1175 2609 169 91 fleste
1385 2602 435 97 Indbyggere
1853 2617 161 77 gaae
2067 2599 71 79 til
2173 2597 314 86 Grunde.
2587 2604 165 89 Det-

944 2720 66 64 te
1038 2701 338 92 udfordrer
1412 2720 78 59 en
1516 2693 700 101 Hoved-Forandring
2262 2703 148 77 med
2446 2699 334 102 bestandig

941 2798 116 96 frie
1085 2796 341 99 Indførsel
1460 2792 78 92 af
1572 2792 527 95 Levnetsmidler,
2148 2789 302 91 Toldens
2498 2820 81 74 og
2594 2800 153 83 Con-

939 2895 447 96 sumptionens
1421 2888 401 94 Nedsættelse
1857 2892 71 76 til
1965 2895 105 75 det
2097 2887 241 95 samme
2357 2891 133 94 som
2523 2896 255 99 forhen,

940 2994 170 92 famt
1168 2989 420 83 Skatternes
1630 2986 304 94 Lindring
1982 3007 84 74 og
2106 2987 246 82 tildeels
2380 2997 240 77 aldeles
2656 2995 104 96 Ef-

944 3086 350 95 tergivelse;
1346 3109 82 70 og
1476 3103 167 61 naar
1678 3083 253 87 saadan
1970 3083 424 98 Forandring
2428 3089 179 93 skeer,
2660 3097 115 86 saa

943 3186 199 80 bliver
1174 3181 324 96 Kongens
1544 3165 186 111 Caffe
1790 3195 202 79 meget
2030 3180 282 91 besparet
2348 3185 23 76 i
2403 3171 373 111 Henseende

942 3282 76 80 til
1056 3287 74 76 de
1160 3271 416 99 Deputater,
1626 3274 136 95 som
1796 3275 284 93 behøves
2108 3277 70 81 til
2196 3276 575 109 Hofholdningen,

942 3375 291 83 Militair
1264 3372 297 92 Tjenese
1592 3394 80 75 og
1702 3372 447 97 Betienterne,
2202 3374 438 93 Levemanden
2658 3389 86 78 bli-

941 3492 115 76 ver
1086 3471 166 97 billig
1289 3470 103 100 for
1430 3473 120 81 alle
1582 3490 78 81 og
1704 3469 258 103 enhver,
2018 3488 260 89 mange,
2327 3475 135 104 fom
2499 3504 93 62 nu
2608 3482 164 85 intet

2534 3580 130 89 kan
