3071 4515
1280 474 44 72 6

1155 680 254 96 Kieppe
1441 679 140 76 eller
1609 671 188 100 Pæle
1837 663 452 96 deromkring,
2341 677 72 64 at
2437 663 288 97 Fuglene
2753 664 50 78 ei
2833 660 118 95 stal

1155 800 168 94 sætte
1337 800 88 93 sig
1453 815 134 76 paa
1599 788 554 103 Pode-Q.vistene
2169 803 80 76 og
2275 783 212 80 brekke
2507 790 140 76 dem
2675 782 88 96 af.
2815 782 140 83 Alle

1155 934 155 80 tage
1341 921 101 76 vel
1467 915 127 80 ikke
1619 913 117 94 saa
1763 912 119 94 lige
1893 910 119 76 ved
2031 904 283 93 Grøde,
2363 923 145 60 men
2535 910 125 92 dog
2691 912 183 90 nogle
2889 907 69 96 af

1158 1044 184 92 dem,
1394 1035 136 92 som
1566 1035 124 94 fal
1732 1048 160 78 voxe
1928 1032 120 76 den
2072 1022 336 83 Sommer
2454 1026 248 96 ligesom
2742 1032 76 74 de
2852 1029 102 78 vil.

1162 1158 176 80 Men
1368 1159 186 92 næste
1576 1151 270 98 Foraar
1872 1148 240 94 stiæres
2156 1151 72 74 de
2268 1145 274 99 svageste
2568 1148 76 94 af
2678 1168 130 60 nær
2844 1155 110 76 ved

1162 1276 427 91 Stammen,
1650 1269 115 94 saa
1810 1288 157 78 voxe
2012 1272 77 76 de
2130 1273 205 76 andre
2376 1268 323 81 desbedre.
2798 1268 155 99 Paa

1159 1396 254 92 saadan
1437 1391 264 80 Maade
1727 1390 128 80 kan
1885 1406 58 62 et
1963 1386 190 90 Træe
2177 1395 142 76 med
2353 1385 214 92 Tiden
2597 1392 160 78 bære
2785 1412 140 61 man-

1161 1532 78 76 ge
1277 1514 180 95 flags
1501 1509 330 102 Frugter,
1883 1510 152 100 efter
2053 1508 588 102 Pode-Qvistenes
2669 1510 144 86 Art.

1559 1834 96 152 §.
1707 1870 100 87 2.
1879 1841 208 116 Om
2131 1848 112 108 at
2303 1836 284 148 Jsue.

1167 2111 280 99 Denne
1948 2129 220 80 kaldes
2196 2144 136 80 paa
2348 2124 224 88 Latin:
2596 2123 364 95 abiEare,

1167 2268 138 76 paa
1359 2245 250 102 Tydf:
1681 2250 434 96 ablachriren,
2177 2267 136 74 paa
2357 2245 280 100 Franf:
2703 2244 258 104 ZreKer

1170 2390 98 53 en
1305 2369 367 100 Lprocke,
1721 2371 189 97 synes
1927 2374 51 76 ei
2023 2384 73 64 at
2123 2367 163 96 have
2325 2384 195 64 været
2556 2369 279 81 bekjendt
2867 2369 93 98 for

1174 2496 74 76 de
1268 2492 272 84 Gamle.
1594 2489 178 88 Den
1800 2492 126 80 kan
1958 2498 100 74 vel
2086 2488 118 97 ilet
2146 2509 58 60 ee
2220 2493 140 80 med
2388 2497 118 73 alle
2534 2494 178 94 flags
2726 2490 236 99 Træer,

1174 2632 148 60 men
1362 2615 244 96 bruges
1648 2619 130 93 dog
1824 2616 186 93 mees
2050 2617 142 76 med
2226 2610 610 102 Kirsebær-Træer,
2890 2635 74 74 og

1172 2732 348 96 fremmede
1546 2733 261 99 Træer,
1842 2740 111 76 der
1978 2752 152 79 voxe
2142 2735 18 78 i
2176 2731 218 98 Kister
2420 2755 85 75 og
2520 2732 303 96 Ballier,
2884 2757 83 72 og

1177 2854 138 96 som
1345 2856 126 81 kan
1507 2855 188 94 settes
1737 2856 112 94 saa
1879 2856 134 96 høit
2039 2878 80 77 og
2157 2861 136 74 lavt
2321 2853 134 94 som
2483 2874 156 60 man
2673 2858 88 76 vil
2809 2854 162 97 have

1181 2980 164 76 dem.
1399 2977 312 84 Maaden
1739 2998 64 60 er
1829 2984 228 74 denne:
2109 2973 100 86 Er
2235 2981 102 76 det
2367 2991 90 82 et,
2489 2980 108 76 der
2623 2996 66 60 er
2715 2976 230 97 ufrugt-

1179 3096 197 97 bart,
1427 3105 144 74 eller
1605 3123 81 76 og
1723 3102 203 96 vildt,
1981 3100 53 96 f
2037 3106 64 75 al
2139 3103 102 76 det
2279 3103 264 90 plantes
2583 3095 222 97 ganske
2777 3118 30 58 e
2845 3117 124 60 nær

1178 3222 122 76 ved
1336 3235 56 62 et
1406 3217 310 100 frugtbar
1740 3218 224 100 Træe,
2016 3222 148 98 hvis
2184 3219 232 84 Grene
2444 3219 126 79 kan
2598 3238 168 60 nane
2790 3220 70 79 til
2880 3223 92 76 det

1180 3338 170 82 vilde
1378 3335 232 90 Træes
1642 3341 356 83 Stamme.
2100 3341 164 86 Der
2306 3339 267 97 skaldet
2366 3347 64 74 al
2470 3344 104 78 det
2618 3340 162 82 blive
2816 3344 130 93 stau-

1182 3462 156 76 ende
1358 3473 60 64 et
1452 3459 156 100 heelt
1642 3461 146 84 Aar
1826 3472 142 74 eller
2002 3470 301 93 længere,
2356 3479 72 64 at
2456 3469 106 75 det
2588 3464 64 94 jo
2696 3468 279 91 længere,

1179 3578 66 96 jo
1285 3580 224 103 bedre,
1573 3583 126 84 kan
1739 3586 254 84 komme
2027 3590 72 82 til
2139 3585 258 88 Grøde.
2497 3583 177 100 Hele
2719 3580 258 101 Træer,

2741 3706 148 94 hvis
