3068 4511
1721 435 598 86 +KXXXX*

1221 483 32 44 I
1279 481 40 48 2

1087 661 206 96 deraf,
1347 655 346 84 atPlinius
1713 653 192 78 Hift.
1925 651 270 76 mundi
2209 651 194 82 Libr.
2423 655 150 76 XV.
2595 667 154 88 Gäp.
2775 681 38 48 2
2827 679 56 68 5.

1085 783 306 94 beretter,
1443 797 74 64 at
1571 785 110 76 der
1745 779 270 94 fandtes
2057 773 126 80 ikke
2223 773 596 96 Kirsebær-Træer
2869 779 22 78 i

1081 903 556 100 Italien,forend
1657 897 294 86 68o2lar
1971 895 152 98 ester
2139 897 280 78 atHom
2435 919 120 60 var
2577 899 172 96 bygt.
2801 901 84 78 L.

1083 1025 394 96 Lucrtllus,
1545 1023 140 94 som
1739 1017 366 84 overvand't
2149 1021 550 94 Michridaces,
2763 1039 124 62 var

1081 1151 120 74 den
1221 1145 228 98 første,
1503 1145 136 92 som
1669 1143 168 92 førte
1865 1137 582 96 Kirsebær-Træer
2483 1143 70 76 til
2593 1141 294 100 Italien

1079 1265 110 96 fra
1221 1269 284 94 pomo.
1569 1289 134 48 120
1737 1261 148 82 Aar
1919 1261 262 98 derefter
2217 1283 96 58 ere
2341 1269 74 74 de
2445 1263 164 96 førte
2635 1265 70 76 til
2735 1265 124 76 En-

1081 1393 288 96 geland.
1423 1383 250 96 Deraf
1691 1387 220 92 flutter
1947 1405 202 76 man,
2203 1401 72 64 at
2307 1389 74 74 de
2411 1383 312 96 Danffe,
2757 1383 126 94 som

1085 1525 240 76 mange
1359 1503 148 84 Aar
1551 1505 266 96 derefter
1861 1505 444 98 bemægtigede
2351 1509 90 95 sig

1081 1627 162 98 have
1275 1629 198 94 bragt
1511 1633 142 76 dem
1695 1631 70 80 til
1795 1629 414 84 Danmark.

1281 1873 664 98 Rirstbcer-Trceer,
1975 1875 442 98 fornemmelig
2435 1879 100 78 det
2553 1873 108 100 her
2693 1877 18 76 i
2727 1873 124 84 Lan-

1079 2001 106 76 det
1231 1999 406 96 almindelige
1673 1995 288 100 Slags,
2017 2019 80 76 og
2139 1997 134 94 som
2317 2019 64 60 er
2411 1999 126 80 ikke
2575 1995 302 100 synderlig

1077 2125 198 74 andet
1301 2135 72 62 at
1401 2139 222 76 regne,
1675 2125 204 76 endet
1919 2121 164 80 vildt
2111 2116 190 92 Troer
2399 2105 198 98 Mer
2644 2119 128 99 høit

1077 2245 186 94 stort,
1295 2263 80 76 og
1409 2243 176 94 giver
1615 2243 128 80 deri
1773 2239 450 89 Ædle-Træet
2263 2245 146 80 lidet
2429 2243 172 96 efter.
2701 2241 178 98 Dog

1075 2361 184 98 faaer
1295 2367 100 76 det
1433 2365 50 80 ei
1529 2361 116 96 saa
1689 2365 108 96 tyk
1843 2385 74 58 en
1951 2361 338 84 Stamme
2333 2371 140 76 eller
2521 2363 112 96 faa
2679 2365 202 98 stærke

1077 2483 284 86 Greene.
1427 2485 286 86 Barken
1751 2505 64 62 er
1835 2485 212 98 hvas,
2085 2485 80 96 sei
2195 2507 78 76 og
2305 2489 106 94 tyk
2439 2509 134 74 paa
2603 2493 72 76 de
2703 2507 148 80 gam-

1075 2611 70 74 le.
1203 2605 318 86 Bladene
1557 2627 98 60 ere
1697 2613 246 92 runde,
1995 2609 276 82 kiervede
2311 2633 78 74 og
2431 2611 176 96 spitse
2647 2613 70 80 til
2763 2617 118 72 den

1075 2731 242 94 yderste
1349 2729 230 100 Ende,
1625 2729 174 100 fulde
1833 2729 80 98 af
1937 2729 302 100 Seener,
2277 2753 146 58 men
2461 2755 132 76 paa
2625 2739 72 76 de
2731 2749 146 62 rare

1077 2873 82 74 og
1195 2851 344 96 fremmede
1569 2851 226 90 Træer
1831 2875 96 62 ere
1957 2851 312 86 Bladene
2313 2857 194 96 store,
2563 2855 184 82 brede
2793 2871 82 76 og

1073 2975 206 94 lange.
1333 2995 76 58 rc.
1463 2995 78 60 rc.
1661 3039 10 14 .

1269 3215 316 96 Plttttuø
1621 3241 310 78 opregner
1967 3237 38 70 8
2029 3225 176 98 flags
2239 3221 322 96 Kirsebær
2609 3225 144 78 med
2781 3225 74 78 de-

1069 3345 110 70 res
1213 3355 152 78 egne
1397 3337 272 82 Navne.
1723 3341 94 84 At
1845 3347 64 76 vi
1937 3343 62 98 jo
2033 3347 120 98 har
2197 3345 236 94 samme
2463 3343 244 100 Slags
2737 3349 114 76 end-

1071 3475 116 78 nu,
1221 3477 64 60 er
1311 3457 124 80 ikke
1469 3473 72 66 at
1575 3465 194 78 tvivle
1799 3485 158 78 paa,
2009 3489 146 60 men
2175 3467 332 82 Navnene
2531 3487 98 60 ere
2663 3465 190 96 foran-

1073 3581 210 78 drede.
1353 3577 308 104 Gchuyl
1691 3581 120 98 har
1847 3589 18 78 i
1895 3593 76 90 sit
1989 3589 334 100 Catalogo
2341 3591 188 80 ikkun
2553 3611 46 70 7
2615 3587 268 96 Slags.

2597 3707 180 84 Men
