3012 4512
1673 469 99 73 23

317 681 108 70 24.
451 659 226 100 Cepa.
1109 707 22 44 ,
1157 653 326 90 Zwiebel.
1587 651 98 86 Ev
1721 675 72 60 en
1825 667 82 68 os

126 781 289 79 bekjendt-
455 779 514 96 Kløkken-Urt,
1035 799 140 58 men
1237 777 116 98 har
1395 775 124 82 ikke
1571 793 198 62 været
1811 777 70 75 be-

123 901 326 98 kjende-for
347 903 104 96 for
501 909 74 76 de
617 903 272 82 Gamle.
991 897 130 96 Thi
1153 901 300 94 plimus
1495 897 262 98 anfører
1789 903 118 74 den

123 1023 136 80 ikke.
361 1021 178 88 Den
559 1025 118 96 har
703 1045 74 56 en
805 1027 172 76 rund
995 1019 214 98 Rod,
1275 1025 276 92 lignende
1585 1015 294 98 Tulipan-

125 1143 254 96 Løgene.
483 1145 352 94 Bladene,
875 1143 134 94 som
1055 1143 182 98 heller
1267 1143 120 78 kan
1425 1143 212 78 kaldes
1669 1139 234 100 Piber,

119 1285 98 60 ere
253 1271 188 90 lange
476 1287 80 74 og
853 1265 190 98 huule
1079 1267 266 94 indeni,
1395 1263 210 100 smage
1647 1269 262 90 vglugte

119 1385 196 96 stærk.
421 1387 200 98 Frset
651 1409 62 60 er
745 1389 146 94 sort.
993 1387 208 84 Naar
1229 1391 100 76 det
1361 1385 120 96 stal
1523 1383 222 98 saaech
1794 1391 86 75 ud-

118 1505 229 80 blodes
379 1513 100 76 det
511 1513 20 76 i
563 1507 482 100 Møg-Vand,
1103 1531 78 74 og
1227 1509 196 80 bliver
1469 1507 282 96 liggende
1787 1511 128 78 deri

117 1627 186 86 indtil
353 1651 158 62 man
559 1633 236 78 merker
839 1635 100 76 det
973 1635 88 76 vil
1095 1631 198 96 spüre.
1407 1627 142 84 Da
1595 1639 184 86 tages
1819 1633 100 78 det

119 1757 106 94 af,
281 1765 218 72 tørres
529 1755 184 96 lidet,
771 1773 80 74 og
881 1753 110 92 faa
1023 1752 182 92 faaes
1251 1773 132 74 paa
1413 1773 70 58 en
1527 1751 136 80 klar
1691 1749 182 96 Dag
1903 1745 20 78 i

113 1879 354 94 aftagende
479 1873 264 84 Maane
771 1877 18 76 i
803 1871 372 98 Krebsens,
1209 1873 260 98 Fiffens
1503 1881 138 72 eller
1664 1871 223 82 Skam-

113 1991 286 91 bukfeas
431 1993 212 100 Tegn,
697 1999 18 76 i
741 2015 144 76 myr
931 2017 78 74 og
1043 1995 132 96 seed
1205 1993 212 98 Jord.
1519 1991 206 84 Naar
1755 1993 142 98 Frø-

113 2135 60 64 et
207 2141 64 58 er
307 2117 278 98 tilsaaet,
641 2115 398 98 vverdrysses
1073 2115 268 96 Jorden
1379 2119 140 76 med
1561 2115 358 96 forbrændt

113 2241 184 96 Leer,
349 2237 248 96 saasvm
625 2237 76 96 af
733 2257 74 60 en
845 2233 476 100 Bager-Øvn.
1337 2241 138 76 eller
1525 2239 256 98 bestige,
1837 2259 80 76 og

111 2365 246 90 derpaa
383 2365 96 76 vel
511 2363 360 92 tilrlappes.
977 2357 280 98 Rodløg
1291 2377 156 60 maa
1477 2361 50 78 ei
1555 2346 188 106 faaes
1781 2383 132 76 paa

109 2497 62 64 er
191 2481 192 84 Sted
425 2509 38 46 2
483 2479 144 84 Aar
669 2481 152 96 ester
859 2481 344 96 hinanden.
1307 2479 206 82 Naar
1551 2481 208 98 Logen
1805 2505 82 72 vp-

109 2605 318 92 kommer,
481 2603 122 96 stal
627 2607 120 76 den
767 2605 410 90 omplantes,
1217 2597 280 98 Toppen
1521 2605 144 80 lidet
1690 2604 199 95 beska-

103 2726 426 95 resogsiden
249 2743 80 76 og
363 2727 166 94 siden
571 2723 450 96 efterhaanden
1065 2721 302 98 plukkes,
1421 2721 112 96 såa
1581 2727 196 78 bliver
1807 2725 88 84 Lo-

103 2867 118 76 gen
251 2851 146 92 stor.
501 2845 68 96 I
599 2843 580 102 Hunde-Dagene
1237 2849 176 76 lader
1463 2845 204 98 Logen
1715 2851 86 94 sig
1835 2847 84 94 see

105 2987 152 60 over
283 2967 310 98 Jorden,
645 2973 88 76 da
777 2987 64 62 er
881 2971 122 74 den
1051 2971 266 76 moeden
1349 2989 78 74 og
1483 2981 270 84 optages
1785 2991 130 76 paa

103 3109 80 58 en
211 3087 138 80 klar
381 3087 204 98 Dag.
689 3087 134 86 De
865 3087 134 94 som
1043 3087 123 95 skal
1213 3089 162 78 bære
1419 3087 205 100 Fred-se,
1679 3091 238 96 henges

105 3229 134 74 paa
257 3223 54 64 et
339 3209 108 96 frit
479 3209 228 96 Sted,
763 3211 166 98 hvor
961 3211 154 78 drei
1161 3207 122 82 kan
1325 3213 226 94 stødes.
1659 3211 228 98 Posen

103 3335 74 74 de
197 3331 216 96 hænge
439 3335 20 76 i
491 3335 310 94 omrystes
843 3333 418 94 undertiden,
1317 3353 76 74 og
1427 3355 102 58 om
1566 3331 324 97 Foraaret

103 3450 180 95 faaes
320 3450 220 98 Fee
643 3451 128 86 De
805 3483 40 46 2
880 3449 188 92 Aar-3
1107 3457 82 90 gl.
1215 3451 126 98 Løg
1361 3473 92 58 ere
1481 3455 124 98 best
1621 3457 70 78 til
1711 3457 194 96 Frør.

1553 3575 246 100 Frøets
