2937 4589
47 517 74 62 en
143 491 266 104 fierding
437 493 140 80 eller
603 487 152 100 halv
781 489 206 82 Miils
1013 487 402 100 Længde-og
1437 483 206 90 Bred-

45 635 104 90 de,
201 621 132 98 som
361 637 74 65 de
683 621 72 80 til
783 617 272 102 Fælled,
1093 625 142 74 eller
1257 617 410 96 Græsgang

49 753 100 100 for
175 751 416 86 Crearurene.
693 743 104 100 Af
827 747 286 98 Mangel
1155 765 136 78 paa
1329 741 336 100 Torv-og

51 856 222 128 Steen
299 877 204 96 bruge
531 879 76 76 de
631 879 120 76 den
779 871 236 94 samme
1029 871 226 100 Jord,
1309 867 356 98 vpssaaren

1 1035 4 52 i
49 1009 24 82 i
103 1005 358 102 fiirkantige
503 999 336 98 Srykker,
895 1003 70 80 til
1003 1019 74 64 at
1117 1007 196 90 lægge
1349 997 316 84 Giærder

42 1113 110 123 om
901 1125 396 86 Saadanne
1311 1121 352 100 Giærder,

49 1259 136 96 som
211 1263 76 74 de
313 1255 176 80 kalde
517 1251 266 100 Diger,
837 1253 204 84 bliver
1079 1251 292 98 opførte,
1427 1249 240 96 somen

47 1379 518 89 Grund-Mutte
649 1383 232 92 næsten
911 1383 70 80 til
1009 1401 76 60 en
1103 1379 276 82 Mands
1393 1375 274 104 Høyde.

49 1507 216 90 Naar
304 1509 280 93 saadant
625 1525 60 62 et
711 1507 512 98 Stykke-Dige
1261 1507 200 80 bliver
1491 1525 158 78 gam-

49 1643 158 78 melt
229 1655 84 76 og
341 1637 88 76 vil
459 1629 170 98 falde
657 1639 156 86 ned,
871 1633 166 80 kiøre
1065 1641 72 74 de
1161 1641 100 74 der
1287 1637 16 76 i
1323 1635 324 96 Møgdyn-

51 1785 162 76 gen,
243 1783 80 76 og
345 1765 258 74 dermed
621 1761 262 78 blander
909 1765 180 74 deres
1105 1759 344 96 Koemsg,
1479 1758 164 90 hvor-

2 1923 2 2 "
213 1897 74 76 de
311 1893 196 92 lægge
531 1905 58 62 et
615 1903 112 78 nyt
741 1883 266 96 Stykke
1039 1887 16 76 i
1073 1885 294 84 Skeden.
1457 1885 180 84 Saa-

51 2023 220 78 danne
309 2017 210 94 gamle
547 2011 224 96 Diger
813 2011 216 92 ansees
1071 2015 100 76 vel
1213 2007 100 98 for
1343 2017 120 76 den
1503 2011 162 98 beste

47 2143 190 100 Jord
261 2143 72 80 til
357 2135 606 100 Møg-Blanding.
1041 2137 176 84 Men
1253 2135 128 96 som
1417 2137 244 90 samme

49 2269 130 84 ikke
203 2273 118 78 alle
347 2263 142 86 Aar
511 2267 218 94 gives,
783 2285 78 76 og
905 2287 66 58 er
1013 2273 290 76 desuden
1331 2271 304 98 utilstræk-

47 2395 196 98 kelig,
315 2411 154 60 maa
511 2395 120 76 den
671 2393 214 94 største
921 2389 188 88 Deel
1143 2391 214 84 kiøres
1395 2395 116 96 lige
1547 2391 112 98 fra

49 2517 246 88 Kiæret
325 2515 76 98 af
431 2517 160 98 hiem
629 2519 18 78 i
685 2515 468 100 Møgdyngen,
1267 2529 216 74 ioo&e
1515 2523 96 86 Læ-

45 2651 98 78 vil
181 2667 218 78 næppe
433 2641 300 104 fvrflaae;
809 2643 166 100 Og,
1003 2645 132 96 som
1175 2655 74 78 de
1275 2651 384 86 undertiden

47 2773 164 100 have
243 2773 310 96 temmelig
579 2777 188 92 langt
793 2789 72 66 ar
901 2772 182 96 hente
1125 2781 142 94 det,
1323 2799 202 78 gaaer
1555 2785 106 80 det

47 2899 320 98 langsamt
391 2901 104 90 fra
509 2897 364 102 Haanden.
975 2899 214 86 Naar
1215 2911 190 78 deres
1429 2907 230 96 øvrige

47 3021 452 102 Forretninger
533 3027 210 76 under
783 3027 144 76 dem
965 3043 58 62 er
1061 3027 152 80 lidet
1239 3023 418 104 Pusterum,

47 3153 248 80 tillader
311 3149 438 100 Møgdyngen
777 3157 140 76 dem
945 3153 172 84 imet.
1195 3153 160 88 Det
1379 3177 100 76 er,
1519 3179 134 76 paa

49 3283 118 76 den
193 3293 74 64 at
295 3271 284 98 forbedre
601 3299 80 76 og
699 3275 256 102 forøge,
981 3285 76 78 de
1083 3301 160 60 maa
1259 3289 290 76 anvende
1563 3291 90 78 all

51 3405 116 76 den
183 3397 176 100 Tid,
387 3405 74 76 de
485 3399 162 100 have
669 3407 72 76 ril
767 3415 186 70 overs
983 3401 104 94 fra
1119 3425 72 64 at
1219 3411 226 98 pløye,
1477 3413 174 98 faae,

53 3525 176 98 berge
243 3527 196 100 Høe,
495 3551 80 76 og
605 3529 278 98 indhoste
895 3531 310 100 Sæden,
1261 3537 186 82 indtil
1461 3537 168 88 Vin-

49 3669 170 68 teren
243 3653 302 102 forbyder
585 3663 144 80 dem
767 3663 350 84 Udendørs
1142 3662 359 103 Gjerning

719 3887 68 86 A
847 3913 40 72 z
1453 3889 208 92 Som
