2866 4580
1737 485 114 88 23

805 675 232 90 Tredie
1095 677 126 80 kan
1253 680 74 76 de
1357 672 282 96 Dansse
1653 669 92 99 jas
1761 671 242 92 famme

805 675 232 90 Tredie
1095 677 126 80 kan
1253 680 74 76 de
1357 672 282 96 Dansse
1653 669 92 99 jas
1761 671 242 92 famme

177 684 124 96 ligt.
451 678 136 100 For
643 684 106 75 det

174 776 252 98 Aarsag
466 778 128 80 ikke
639 778 203 93 bruge
887 775 315 100 Pengene
1274 780 146 76 med
1472 794 208 76 nogen
1731 771 273 98 Fordeel

170 902 22 56 r
240 878 346 98 Handelen
630 876 20 76 i
704 881 180 74 deres
936 891 132 78 eger
1134 871 220 97 Land,
1412 872 320 90 hvorover
1780 875 76 72 de
1894 891 106 74 og,

168 973 136 95 som
336 974 46 78 ei
410 996 134 72 paa
614 974 304 79 bemeldte
968 971 296 82 Maader
1320 972 242 92 bruges
1594 968 18 80 i
1646 974 118 75 den
1802 973 172 72 uden-

176 1072 246 96 landsse
444 1072 288 96 Handel,
790 1087 184 64 enten
1002 1069 206 92 sættes
1244 1088 130 74 paa
1416 1066 224 84 Rente
1678 1068 18 75 i
1734 1065 266 92 Landet,

172 1176 150 74 eller
372 1190 162 60 naar
592 1170 140 93 fligt
770 1163 124 84 ikke
940 1169 124 80 kan
1103 1164 117 96 skee
1250 1168 20 76 i
1300 1166 282 96 Lander,
1640 1172 86 76 da
1756 1183 215 74 paa-u-

170 1265 375 98 denlandske

1926 1183 46 58 u-

172 1266 375 94 denlandffe
582 1266 307 84 Sræder.
990 1265 225 84 Dette
1242 1264 403 96 foraarsager
1686 1265 87 76 da
1810 1259 161 96 Pen-

175 1376 192 84 genes
413 1362 288 98 Udførsel
737 1361 76 96 af
861 1365 264 94 Landet,
1183 1384 78 72 og
1319 1370 182 70 deres
1540 1357 458 101 Begjerlighed

177 1484 80 76 og
305 1460 272 84 Valeur
606 1482 139 73 Paa
765 1467 198 76 andre
979 1459 308 89 Sræder,
1347 1460 312 90 hvorover
1685 1479 80 72 og
1795 1455 178 82 Skil-

175 1562 212 92 lingen
417 1580 214 74 mane,
683 1557 136 90 som
851 1563 104 74 der
985 1559 206 89 heder,
1247 1538 240 112 springe
1525 1554 108 92 sira
1673 1559 330 90 længeden

179 1658 238 92 haves,
471 1676 82 74 og
605 1675 166 59 naar
807 1661 118 74 den
955 1653 50 78 ei
1035 1655 228 99 haves,
1319 1650 108 92 fan
1477 1652 194 96 ligger
1727 1649 248 98 Hande-

177 1760 101 72 len
307 1756 185 92 qvalt
521 1758 141 72 eller
699 1769 289 74 tvungen
1045 1771 77 72 og
1151 1744 167 100 stille.

370 1846 344 82 Saadanr
748 1843 338 92 udfordrer
1114 1855 86 72 da
1240 1866 72 56 en
1338 1842 442 96 Iagttagelse,
1812 1843 160 94 hvor-

174 1950 172 76 ledes
382 1966 76 74 og
484 1964 128 72 paa
644 1942 170 93 hvad
858 1941 268 82 Maade
1174 1947 72 75 de
1278 1938 282 96 Dansse
1588 1940 128 79 kan
1750 1921 140 116 søge
1926 1959 74 64 at

174 2040 150 96 faae
354 2048 178 74 deres
570 2038 228 100 Penge
836 2039 18 78 i
880 2039 262 96 Lander,
1200 2060 80 74 og
1300 2038 172 80 drive
1488 2038 348 96 Handelen
1860 2039 106 92 strå-

172 2144 210 90 ledes,
436 2154 70 66 at
544 2144 72 72 de
670 2138 126 77 kan
830 2143 142 74 med
1014 2157 206 76 nogen
1270 2136 270 98 Fordeel
1598 2158 78 76 og
1716 2133 280 100 Profits

172 2234 291 98 Sogelse
514 2233 275 94 omvexle
836 2233 247 94 Wahre
1128 2240 145 76 med
1342 2232 287 98 Wahre,
1686 2255 81 74 og
1824 2255 171 60 naar

173 2334 336 96 jeg-derom
536 2330 143 94 —skal
715 2335 120 90 sige
869 2337 126 88 det,
1031 2333 132 90 som
1205 2334 98 94 jeg
1341 2332 232 78 rænker
1607 2350 78 76 og
1719 2349 168 62 troer
1921 2347 74 64 at

175 2450 164 62 være
371 2430 226 92 sandt,
655 2434 82 73 da
789 2427 124 82 kan
939 2429 100 96 jeg
1075 2431 124 76 ikke
1237 2436 166 72 uden
1433 2446 68 62 ar
1545 2430 228 90 handle
1801 2443 192 80 noget

173 2526 324 96 vidtløftig
545 2523 300 95 fremføre
893 2533 74 76 de
1025 2545 160 62 rette
1227 2524 324 98 Aarsager
1615 2527 220 96 dertil,
1891 2529 104 76 fc:

173 2624 374 86 Danmark
575 2644 62 58 er
671 2641 56 62 et
753 2619 300 100 velsignet
1081 2625 204 95 Land,
1341 2624 132 90 som
1517 2624 118 96 har
1661 2628 124 91 ftor
1824 2624 138 97 For-

176 2719 285 97 raadaf
223 2728 127 74 aad
385 2720 77 98 af
477 2722 226 82 Korn-
737 2743 77 74 og
865 2721 395 98 Fedevahre,
1315 2720 165 94 samt
1527 2742 235 75 mange
1789 2729 205 74 andre

170 2819 218 99 Bng,
442 2840 76 76 og
544 2833 224 82 meget,
800 2817 134 92 som
982 2824 330 90 mangler,
1350 2820 206 80 kunde
1598 2816 326 99 forssaffes
1972 2819 22 78 i

172 2917 240 83 Landet
452 2922 116 76 ved
616 2917 432 98 Forplanrelse
1100 2925 144 72 eller
1274 2932 154 62 rette
1460 2916 236 95 Anlæg
1726 2915 76 94 af
1824 2923 166 74 dens

174 3014 448 96 Indbyggere,
676 3013 242 94 saasom
966 3015 202 98 Hor,
1222 3014 270 96 Hamp,
1546 3012 258 101 Tobak,
1862 3013 100 96 Pi-

176 3112 134 96 ber,
362 3112 346 98 Kartofler
758 3135 76 74 og
880 3133 234 78 mange
1148 3111 242 97 Slags
1438 3110 214 98 Jord-
1696 3133 80 74 og
1806 3111 154 88 Træ-

178 3206 205 98 ftugt,
432 3208 162 94 samt
628 3231 234 74 mange
896 3209 248 98 Slags
1166 3208 631 98 Fabriqve-Wahre,
1828 3209 132 80 baa-

177 3310 80 74 de
289 3306 68 78 til
381 3304 512 101 Indbyggernes
927 3331 146 72 egen
1111 3307 212 95 Brug
1377 3328 76 70 og
1485 3306 502 98 Fornødenhed,

179 3400 110 92 saa
317 3422 82 72 og
445 3404 66 78 til
555 3406 212 95 Brug
821 3409 20 78 i
889 3407 352 98 Handelen
1289 3426 78 74 og
1411 3402 398 98 Omvexling
1841 3409 148 76 med

177 3498 346 102 fremmede
551 3500 276 105 Wahre,
879 3505 132 96 som
1055 3505 212 77 kunde
1313 3502 310 98 behøves,
1677 3509 142 70 eller
1857 3521 78 74 og
1971 3501 20 74 i

1065 3599 90 88 B
1203 3624 50 70 4
1707 3601 182 94 sidste
