2945 4640
872 722 223 91 Wer,
1152 719 17 74 i
1206 712 371 102 Henseende
1620 717 69 80 til
1728 712 441 98 Billigheden,
2224 710 117 94 har
2364 709 169 98 givet
2550 713 149 77 dem

875 822 188 76 bedre
1097 813 468 95 Subsistence,
1621 820 120 72 end
1787 810 132 92 som
1963 811 24 76 i
2031 815 74 74 de
2165 808 536 98 efterkommende

869 916 225 93 Wer,
1151 933 75 72 og
1249 917 95 89 de,
1379 910 131 92 som
1529 911 161 94 have
1711 908 215 94 nedsat
1957 909 113 94 sig,
2105 907 125 81 ikke
2267 926 98 58 ere
2391 905 308 92 indfødde

868 1011 318 94 Danste,
1244 1027 146 59 men
1440 1004 244 95 Tydske
1740 1028 78 76 og
1862 1004 316 99 Franste,
2232 1006 132 88 som
2410 1003 126 80 ikke
2574 1003 124 95 har

870 1106 140 98 haft
1042 1125 208 72 nogen
1276 1102 384 95 Videnstab
1714 1124 110 58 om
1856 1104 282 82 Landets
2172 1098 396 102 Forfatning
2618 1122 82 74 og

867 1201 436 93 Oeconomie,
1362 1197 319 94 henfalder
1744 1202 141 94 fligt
1933 1199 78 92 af
2048 1203 89 92 sig
2162 1200 161 92 selv;
2379 1221 148 58 men
2560 1203 107 77 der-

867 1306 180 75 imod
1089 1321 62 56 er
1207 1305 100 71 det
1353 1312 72 62 at
1479 1297 300 96 beklage,
1833 1312 72 66 at
1945 1305 118 72 den
2095 1297 284 95 Danste
2427 1297 272 82 Nation

869 1406 143 72 eller
1057 1405 69 70 de
1169 1391 131 90 som
1363 1394 163 90 have
1573 1391 255 95 Raad,
1901 1392 191 83 Evne
2123 1415 79 75 og
2239 1393 301 98 Lejlighed
2559 1401 107 77 der-

870 1498 96 90 til,
1020 1492 124 75 ikke
1184 1485 320 95 foretager
1552 1489 88 90 sig
1692 1506 72 58 ar
1816 1489 364 88 iværksætte
2222 1512 80 74 og
2332 1495 220 92 bringe
2586 1493 114 93 saa

868 1590 243 94 nyttige
1156 1583 175 91 Ting
1390 1584 63 74 til
1520 1581 649 99 Fuldkommenhed,
2254 1608 79 72 og
2376 1609 169 60 naar
2596 1596 107 74 det

865 1686 244 92 samme
1137 1681 138 76 blev
1315 1676 314 95 iværksat,
1691 1677 208 85 kunde
1943 1683 50 76 ei
2023 1687 178 74 alene
2243 1688 74 76 de
2373 1683 298 101 Brugen-

865 1788 78 74 de
973 1784 128 74 leve
1137 1791 110 78 got
1287 1772 202 99 deraf,
1547 1795 146 60 men
1721 1784 206 91 endog
1957 1799 236 75 mange
2211 1782 252 92 tusinde
2493 1783 178 82 Men-

864 1876 228 94 nester,
1144 1873 134 90 som
1314 1894 92 58 nu
1450 1892 190 59 maae
1670 1895 164 75 gaae
1866 1878 122 92 hen
2014 1879 20 76 i
2061 1875 333 99 Tryglerie
2436 1903 80 76 og
2534 1881 136 99 Fat-

862 1976 272 94 tigdom,
1188 1973 130 77 leve
1370 1974 248 75 derved.

1066 2067 241 82 Lander
1346 2086 61 58 er
1448 2065 189 96 ogfaa
1676 2069 269 95 beqvem
1990 2069 71 80 til
2090 2069 427 97 Jernværker
2554 2082 143 74 eller

861 2165 398 101 Fabriqver,
1317 2164 294 92 hvorpaa
1655 2163 386 99 Jssenkram
2089 2165 444 104 forarbejdes;
2607 2174 92 94 thi

865 2270 111 76 lad
1017 2280 165 61 være
1219 2276 69 62 at
1327 2264 103 90 her
1463 2261 157 78 intet
1669 2261 181 97 Jern
1899 2264 233 93 haves,
2185 2266 109 94 saa
2327 2270 205 92 haves
2567 2275 129 93 dog

870 2360 126 82 nok
1036 2361 20 74 i
1082 2357 254 95 Norge,
1394 2358 160 88 hvor
1588 2363 102 76 der
1724 2359 287 95 maaskee
2032 2359 204 96 falder
2282 2362 102 98 for
2434 2365 232 92 besvær-

864 2460 116 92 ligt
1012 2473 72 60 ar
1124 2455 174 78 drive
1330 2452 391 100 Værkerne,
1774 2456 170 94 fordi
1972 2475 72 64 at
2082 2467 106 76 der
2228 2462 206 98 haves
2474 2463 189 85 Man-

865 2560 98 90 gel
993 2572 153 70 vaa-
1175 2551 494 82 Levnetsmidler
1687 2607 22 45 ,
1764 2538 135 110 som
1933 2565 146 74 med
2117 2563 128 95 ftor
2275 2560 420 102 Bekostning

863 2669 194 61 maae
1099 2645 284 94 didfores
1419 2672 78 73 og
1535 2651 270 99 betales,
1861 2676 80 73 og
1973 2655 116 96 lige
2129 2657 214 95 saavel
2383 2661 134 92 som
2551 2661 114 85 En-

858 2751 426 95 gelsmanden
1322 2766 86 74 og
1438 2753 200 74 andre
1669 2749 333 83 Nationer
2041 2753 215 83 kiober
2273 2756 179 96 Jern
2469 2761 21 76 i
2507 2759 159 83 Nor-

862 2864 98 78 ge,
1014 2842 132 89 som
1174 2847 72 74 de
1292 2840 372 99 hiemfører,
1716 2846 392 96 forarbeider
2150 2854 116 80 udi
2296 2852 398 99 Jssenkram

864 2964 83 72 og
972 2939 161 96 igien
1166 2936 285 94 indforer
1484 2945 67 78 til
1608 2943 379 87 Danmark
2038 2971 79 74 og
2152 2950 235 96 Norge
2430 2957 69 76 til
2526 2955 137 99 For-

859 3037 336 92 handling,
1249 3042 114 92 lige
1417 3038 210 92 saavel
1670 3042 211 81 kunde
1923 3051 122 76 den
2082 3045 290 95 Danske
2421 3051 272 87 Nation

857 3134 123 92 selv
1015 3137 173 92 giøre
1229 3139 117 75 det.
1449 3138 151 97 Her
1653 3143 23 76 i
1701 3140 239 83 Landet
1997 3163 63 58 er
2101 3150 99 76 vel
2235 3144 191 98 ogsaa
2457 3157 235 95 anlagt

860 3228 762 103 Jssenkram-Fabriqve,
1676 3238 232 96 nemlig
1942 3237 394 87 Raadvads
2354 3242 338 108 Fabriqve

856 3328 116 80 udi
1004 3324 374 96 Siælland,
1434 3334 298 93 hvorpaa
1770 3340 108 74 der
1908 3343 100 74 vel
2044 3359 80 74 og
2170 3338 402 94 forarbejdes
2622 3352 40 78 li-

847 3446 82 74 ge
962 3421 119 92 faa
1111 3427 160 90 gode
1304 3424 609 107 Jssenkramvahre,
1966 3433 133 98 som
2128 3433 191 97 faaes
2348 3436 105 97 fra
2485 3453 208 77 andre

855 3522 332 93 Slæder;
1255 3540 150 68 men
1445 3530 76 79 de
1553 3527 204 94 falder
1815 3532 150 84 lidet
2017 3537 222 92 dyrere
2289 3543 122 78 end
2445 3539 134 92 som
2613 3552 76 78 de

2389 3645 201 80 uden-
