2984 4606
1154 515 112 120 tf

1142 713 76 80 ril
1272 725 72 68 at
1412 709 204 96 Hegne
1670 695 382 122 meere-end
1928 714 124 74 end
2102 721 78 60 en
2234 695 356 102 Fyenboe;
2660 695 190 99 begge

1145 839 204 98 hegne
1419 835 160 95 efter
1651 842 188 70 deres
1927 834 344 86 Grundes
2347 817 356 91 Srsrrelse
2773 844 76 72 og

1141 961 456 97 Strækning;
1651 980 100 60 ere
1797 966 76 74 de
1931 966 206 90 store,
2187 943 118 101 fast
2369 949 216 86 kunde
2651 955 76 69 de
2773 970 72 74 og

1137 1075 180 112 saae
1351 1097 120 70 ved
1507 1106 72 60 ar
1615 1102 152 80 tage
1801 1084 192 86 Deel
2023 1079 274 98 derefter
2329 1077 20 80 i
2381 1073 324 102 Hegnet;
2678 1091 168 79 Led-3

1141 1223 78 72 de
1277 1217 224 91 smaa,
1571 1212 204 78 bliver
1825 1210 366 98 Forholdet
2251 1211 146 76 med
2451 1201 274 98 Hegnet
2769 1224 74 74 og

1135 1337 293 98 derefter.
1529 1334 187 80 Korr
1753 1336 179 94 sagt:
1985 1334 145 96 Jeg
2169 1331 129 82 kan
2353 1331 219 92 aldrig
2603 1327 243 81 komme

1132 1469 78 78 til
1266 1485 72 58 ar
1394 1463 204 96 hegne
1652 1480 174 60 mere
1882 1466 122 74 end
2078 1468 108 71 der
2254 1457 194 100 halve
2502 1455 156 96 efter
2712 1458 132 76 min

1132 1589 310 86 Grunds
1520 1584 458 100 Strækning,
2048 1584 212 79 bliver
2312 1591 110 76 det
2480 1593 122 70 end
2658 1598 186 80 noget

1132 1731 210 80 meget
1386 1735 136 72 paa
1584 1732 110 60 een
1750 1710 292 98 Kandt,
2095 1710 116 92 faa
2264 1709 430 98 formindsses
2742 1718 104 74 det

1130 1843 172 94 igien
1342 1861 136 76 paa
1512 1848 76 72 de
1622 1848 228 72 andre.
1932 1840 194 88 Man
2176 1835 282 104 behøver
2488 1819 209 126 ansee
2722 1840 122 80 ikke

1128 1991 83 58 en
1244 1967 219 98 Regel
1502 1968 105 94 for
1640 1966 345 100 Jylland,
2038 1988 85 75 og
2170 1987 81 60 en
2306 1971 221 76 anden
2556 1969 23 76 i
2614 1975 77 84 de
2724 1990 89 56 an-

1129 2103 116 74 dre
1299 2091 400 104 Provincer.

1331 2223 166 90 Det
1525 2244 66 58 er
1633 2224 326 98 vistnok,
2013 2238 126 83 at,
2193 2241 176 62 naar
2427 2229 122 74 ved
2581 2229 106 74 det
2717 2220 96 98 spe-

1127 2351 164 80 cielle
1325 2348 438 103 Fælledffabs
1799 2348 436 104 Ophævelse,
2287 2347 138 98 som
2465 2351 272 96 egentlig
2773 2368 64 64 er

1125 2481 106 76 det
1281 2473 342 101 Tilfælde,
1695 2478 166 98 hvor
1919 2486 110 74 der
2073 2478 130 79 kan
2259 2477 170 80 blive
2479 2477 360 99 Qvæstion

1120 2625 116 60 om
1282 2603 316 100 Hegnets
1640 2602 358 100 Deelings
2050 2606 322 97 Maade,
2442 2627 168 60 man
2660 2620 180 66 enten

1118 2733 330 94 giver.een
1482 2735 96 93 sin
1608 2730 196 100 Jord
1836 2754 138 76 paa
2016 2758 68 76 3,
2122 2759 52 70 4
2208 2761 36 44 a
2278 2759 34 68 5
2358 2733 310 102 Steder,
2700 2738 140 76 eller

1120 2879 82 74 vg
1234 2859 130 80 kun
1414 2878 138 77 paa
1604 2874 96 64 eet-
1730 2858 202 84 Sted
1956 2914 24 44 ,
2036 2883 150 58 men
2234 2861 86 96 af
2358 2861 336 94 saadanne
2726 2860 80 100 Fi-

1118 3007 244 76 gurer,
1452 2991 138 90 som
1660 2998 76 70 de
1804 2988 82 96 af
1952 2986 462 100 Fælledffabet
2498 2989 338 100 udstiftede

1118 3109 308 100 Stykker
1472 3112 85 98 af
1606 3114 297 98 Nestved
1958 3114 363 86 Overdrev
2376 3117 327 84 udmærke
2748 3120 89 96 sig

1115 3245 164 90 ved,
1333 3249 218 71 troede
1583 3242 100 94 jeg
1747 3242 104 98 for
1897 3246 142 78 min
2071 3244 236 101 Deel,
2361 3261 74 66 at
2465 3249 196 94 ingen
2697 3244 110 86 Re-

1113 3367 102 90 gel
1263 3363 104 96 for
1413 3365 312 98 Hegnets
1775 3370 308 98 Deeling
2129 3375 170 80 vilde
2351 3375 186 94 giøre
2589 3375 248 95 Nytte,

1109 3509 150 60 men
1309 3507 74 66 at
1417 3501 104 72 det
1557 3500 384 98 rundeligste
1971 3520 126 64 var
2117 3553 28 48 ,
2197 3517 76 68 at
2303 3507 154 80 lade
2491 3505 96 98 sin
2621 3501 216 99 Eyen-

2537 3638 204 77 doms
