2814 4580
1803 449 64 88 9

165 659 138 70 nten
331 639 244 102 ligesom
625 633 430 100 Qvægsygen
1097 651 92 60 nu
1239 631 20 74 i
1311 643 182 92 nogle
1529 637 148 84 Aar
1705 639 118 92 har
1853 635 108 98 for-

155 742 302 98 saarsaget
481 739 288 96 Mangel
825 757 80 74 og
935 729 294 96 Dyrtid,
1285 725 134 94 som
1455 757 64 60 er
1551 737 224 80 bleven
1805 737 148 94 forø-

161 859 100 80 get
301 847 118 76 ved
449 845 128 90 det,
631 855 72 62 at
737 837 162 78 intet
933 833 118 90 har
1083 829 240 80 kunder
1349 833 190 94 faaes
1555 833 106 98 fra
1687 833 268 98 fremme-

159 947 78 76 de
263 939 286 86 Stæder
579 931 76 94 af
681 931 404 96 nødvendige
1131 925 530 104 Levnetsmidler,
1713 933 112 94 saa
1863 937 120 84 har

161 1061 82 72 og
291 1045 120 74 den
451 1033 352 100 Høysalige
845 1029 240 96 Konge
1129 1025 374 104 Friderich
1549 1041 138 70 den
1735 1033 252 92 Femte

157 1135 304 96 forhøyet
489 1133 248 88 Tolden
773 1151 80 76 og
909 1123 566 96 Consumptionen
1511 1135 74 78 til
1611 1131 250 96 Byrde
1883 1127 104 94 for

157 1235 512 96 Kiobstæderne,
721 1251 80 76 og
839 1235 262 74 derover
1133 1223 194 98 ogsaa
1359 1241 120 80 har
1527 1246 277 66 maattet
1845 1231 144 94 give

155 1331 202 84 Sine
409 1331 376 86 Betiemere
847 1347 78 74 og
977 1319 162 102 Folk
1169 1345 170 62 mere
1395 1331 72 78 til
1517 1337 184 74 deres
1741 1331 218 80 Under-

161 1431 306 94 holdning
499 1437 120 74 end
645 1427 136 92 som
803 1421 252 98 forhen,
1107 1417 114 90 saa
1253 1447 82 72 og
1351 1427 202 82 betale
1581 1435 74 74 de
1691 1423 76 84 af
1787 1427 202 98 Ham

165 1529 232 96 brugte
433 1525 276 94 Wahre,
763 1521 138 90 som
937 1525 86 74 da
1059 1513 284 88 Armeen
1379 1543 122 58 var
1533 1529 318 92 udrustet,
1875 1543 90 62 va-

163 1643 68 60 re
289 1619 400 98 mangfoldig
751 1625 220 88 dyrere
1017 1619 118 72 end
1185 1613 134 94 som
1357 1615 252 102 forhen,
1665 1643 78 74 og
1777 1623 220 80 tilden

165 1721 192 82 Ende
407 1719 188 94 ogsaa
649 1717 160 92 igien
871 1711 290 94 anfceitgt
1221 1719 118 90 har
1389 1735 284 62 maattet
1723 1717 276 96 forhøye

161 1817 194 82 Sine
389 1815 422 84 Betiemeres
847 1809 228 94 Gage,
1131 1805 110 92 saa
1275 1815 120 88 har
1439 1813 190 96 ogsaa
1663 1815 334 82 Armeens

155 1911 528 98 Underholdning
723 1909 20 76 i
789 1905 310 98 Holsteen
1177 1903 20 76 i
1265 1909 470 96 Høystsamme
1785 1911 212 98 Kong

153 2009 374 98 Friderich
573 2013 142 72 den
771 2003 292 92 Femtes
1113 1999 132 90 Tid
1297 2005 192 96 kostet
1535 2011 160 90 store
1727 2009 268 98 Penge,

157 2109 252 96 ligesom
453 2129 76 74 og
559 2113 72 74 de
687 2103 68 80 til
787 2101 444 98 Fabriqverne
1273 2105 216 96 giorde
1519 2107 368 98 Forffudde
1915 2129 82 74 og

157 2211 126 78 den
329 2201 444 102 Indretning,
827 2197 134 96 som
995 2219 62 58 er
1089 2203 170 92 giort
1283 2223 136 76 paa
1447 2205 306 98 Hederne
1783 2207 20 78 i
1837 2205 132 98 Jyl-

167 2309 164 76 land
357 2325 78 74 og
477 2299 370 102 Friderichs
895 2295 206 82 Kirke
1153 2319 134 76 paa
1325 2299 494 100 Amalienborg,
1877 2307 120 90 har

163 2401 188 96 kostet
387 2419 232 78 mange
649 2397 262 98 Penge,
969 2415 82 76 og
1103 2401 166 76 dette
1299 2397 390 92 altsammen
1717 2403 120 94 har
1869 2421 98 60 væ-

159 2515 96 64 ret
287 2497 250 100 Aarsag
573 2497 68 80 til
699 2501 122 76 den
875 2493 306 94 bundløse
1237 2495 200 82 Gield
1471 2521 76 74 og
1583 2499 414 100 Fattigdom,

159 2595 134 96 som
323 2597 236 82 Landet
601 2613 62 62 er
711 2591 268 96 bragri,
1037 2613 80 72 og
1163 2597 82 75 da
1297 2593 454 98 Extraffatten
1785 2619 62 58 er
1875 2601 92 76 ble-

165 2713 122 62 ven
325 2699 268 90 paalagt
629 2693 70 80 til
735 2699 202 72 denne
973 2687 246 84 Gields
1255 2689 414 102 Afbetaling,
1725 2701 122 88 har
1869 2703 102 72 det-

167 2809 58 64 te
265 2793 170 92 giort
463 2789 110 96 saa
617 2805 236 82 mange
889 2791 148 94 flere
1069 2785 228 100 fattige
1317 2811 78 76 og
1411 2789 366 98 forarmede
1793 2794 176 81 Men

369 2985 136 100 For
563 2991 88 76 da
695 2997 72 66 at
817 2979 86 94 see
955 2979 284 86 Gielden
1287 2979 316 106 afbetalt,
1659 3009 64 62 er
1752 2982 211 103 Ersa-

171 3081 236 98 skatten
459 3089 310 92 paalagt,
827 3101 80 72 og
937 3077 220 98 Hans
1201 3079 312 98 Majestet
1545 3087 120 96 har
1705 3093 294 78 desuden

173 3183 276 92 giortM
487 3187 126 92 stor
659 3175 556 104 Indskrænkning
1251 3183 108 78 udi
1395 3185 94 92 sin
1535 3185 464 98 Hofholdning

173 3299 84 74 og
297 3277 212 100 Stat,
561 3277 102 98 for
719 3281 232 78 derved
999 3273 18 78 i
1067 3281 122 72 alle
1211 3275 188 86 Dele
1441 3299 72 62 ar
1541 3283 254 96 bespare
1837 3283 168 84 Sin

173 3375 218 96 Cafse,
445 3397 76 76 og
549 3395 70 64 at
651 3377 210 80 kunde
889 3371 110 94 saa
1033 3389 204 78 meget
1275 3375 296 102 hastigere
1603 3385 84 90 see
1717 3383 286 84 Gielden

171 3469 300 102 afbetalt,
523 3495 142 66 men
697 3481 198 80 denne
941 3469 202 185 Gl
1177 3471 332 102 tilligemed
1539 3479 340 90 Renterne
1903 3499 100 62 ere

1007 3567 68 88 A
1131 3591 34 72 5
1789 3575 114 98 saa
