2814 4580
157 685 176 91 ingen
361 680 242 97 Avling
649 701 76 76 og
763 681 232 99 Tillæg
1029 684 188 94 have,
1273 681 202 80 bliver
1499 677 312 97 bebyrdet
1829 691 146 76 med

150 779 290 81 dobbelte
469 775 291 100 Udgifter
815 779 101 98 for
975 782 173 94 hvad
1200 788 72 74 de
1317 783 199 92 bruge
1568 801 78 73 og
1695 776 277 109 fortære,

154 899 78 74 og
264 876 238 84 Lander
536 884 264 75 derover
830 887 226 89 plages
1090 886 144 74 med
1266 877 434 97 usædvanlige
1742 882 204 85 Skat-

154 995 116 75 ter,
326 982 142 74 eller
498 990 72 64 at
606 975 390 100 Jordegods
1044 976 256 96 Eyerne
1319 977 163 93 blive
1504 977 302 93 belastede
1828 991 148 76 med

154 1074 153 89 Tab
346 1094 79 74 og
450 1072 293 96 Forliis?
804 1099 77 72 og
920 1078 179 78 dertil
1138 1072 253 98 fvares:
1450 1073 93 86 At
1582 1082 183 92 nogle
1804 1080 143 96 Jor-

153 1178 246 90 degods
419 1170 244 92 -Eyere
699 1173 116 96 har
861 1180 98 75 vel
989 1176 20 78 i
1041 1180 208 74 endeel
1285 1173 324 96 Aaringer
1653 1174 140 96 haft
1811 1178 138 98 For-

159 1277 172 74 delen
369 1266 98 92 for
487 1276 140 73 dem
645 1269 142 100 selv,
843 1275 182 91 idet,
1081 1269 896 96 atdesomharkiøbtGods

159 1373 18 74 i
217 1373 72 75 de
319 1368 202 94 billige
553 1364 196 91 Tider
785 1369 102 96 for
915 1374 164 78 liden
1125 1368 274 93 Capital
1435 1391 75 74 og
1535 1370 196 94 deraf

266 1466 350 95 maadelige
656 1467 304 82 Renters
1012 1465 356 92 Svarelfe,
1426 1467 118 94 har
1586 1474 230 78 derved
1850 1476 18 76 i
1904 1480 74 77 de

160 1571 220 87 dyrere
410 1562 226 93 Tider,
690 1569 88 74 da
814 1571 74 72 de
920 1564 118 94 har
1094 1562 236 79 kunder
1361 1558 182 94 faaet
1590 1566 124 78 nok
1746 1570 100 90 for
1882 1576 72 77 de-

160 1671 108 70 res
302 1658 202 80 Korn
532 1664 140 73 eller
708 1659 370 96 Fedevahre
1122 1666 140 72 eller
1310 1659 252 92 Godset
1604 1666 72 68 in
1716 1686 268 75 natura,

160 1764 247 73 vunder
452 1771 189 76 noget
688 1753 311 99 anseeligt,
1056 1776 145 56 men
1234 1760 71 75 de
1352 1757 133 90 som
1522 1757 117 90 har
1668 1757 173 92 kjøbt
1876 1766 109 79 ide

159 1863 152 87 dyre
345 1848 220 90 Tider,
623 1849 118 94 har
774 1852 154 77 intet
971 1858 272 89 vunder,
1295 1849 168 96 fordi
1497 1859 74 74 de
1601 1852 78 96 af
1697 1858 256 96 Godser-

161 1973 76 58 ne
263 1970 68 76 ey
375 1948 116 90 har
525 1944 230 83 kunder
779 1947 340 95 indbringe
1155 1968 166 59 mere
1351 1957 118 72 end
1525 1951 134 92 som
1693 1952 258 85 Renter-

159 2071 77 60 ne
267 2046 75 92 af
365 2042 440 105 Samtale-me,
865 2067 79 75 og
983 2046 173 98 hvad
1193 2050 71 75 de
1295 2051 289 78 desuden
1635 2050 117 90 selv
1787 2054 165 94 behø-

158 2152 178 86 vede,
392 2164 78 72 og
502 2140 370 85 Bønderne
908 2148 120 88 har
1064 2144 18 76 i
1114 2140 242 94 samme
1410 2145 128 88 Tid
1570 2146 126 82 ikke
1738 2148 244 89 kunder

166 2245 188 78 vinde
386 2242 152 90 stort
568 2247 140 74 eller
740 2258 188 79 noget
948 2246 252 90 derved,
1216 2238 170 97 fordi
1402 2249 72 74 de
1492 2243 120 96 selv
1644 2246 120 94 har
1780 2250 202 99 brugt

166 2347 100 74 der
298 2340 178 86 meste
516 2334 74 97 af
636 2345 190 74 deres
878 2339 242 95 Avling
1170 2360 80 75 og
1306 2341 228 98 Tillæg
1566 2344 68 80 til
1670 2344 186 98 Fode
1896 2372 84 77 og

162 2434 359 96 Landgilde,
577 2457 78 74 og
688 2443 295 76 desuden
1016 2436 119 94 har
1177 2455 280 63 maattet
1504 2443 199 79 betale
1740 2442 239 98 Extra«

161 2535 232 94 skatten
429 2528 100 98 for
561 2540 144 75 dem
741 2555 78 74 og
857 2539 180 75 deres
1071 2532 200 97 Folk;
1325 2537 90 94 thi
1455 2540 528 94 omendssiøntde

163 2633 116 90 har
307 2628 174 96 faaet
508 2634 103 76 det
655 2633 202 82 Korn
891 2653 78 75 og
1017 2636 76 76 de
1125 2630 398 105 Fedevahre,
1577 2636 134 94 som
1737 2646 74 74 de
1855 2642 96 92 sæl-

159 2751 103 76 ger
313 2728 69 80 til
427 2726 317 101 Skatter,
797 2730 387 96 Landgilde,
1237 2722 307 107 Folkelon
1589 2758 79 74 og
1701 2738 253 89 Gaard-

162 2826 318 100 bygning,
534 2829 254 80 dobbelt
820 2829 198 79 betalt
1066 2826 178 83 imod
1294 2827 254 100 forhen,
1604 2834 110 92 saa
1756 2858 64 58 er
1854 2846 128 93 dog

160 2925 238 92 samme
428 2922 156 96 igien
616 2925 468 95 bortsvunden,
1140 2924 212 92 saavel
1392 2931 66 76 til
1502 2929 480 106 Extrastatten,

164 3003 128 112 som
352 3020 64 80 til
462 3028 122 78 hen
640 3022 382 99 Forhøyelse
1070 3030 142 72 eller
1264 3027 198 90 større
1520 3029 272 97 Profit,
1848 3032 134 94 som

168 3119 293 85 Bonden
498 3120 115 92 har
632 3133 274 68 maattet
925 3126 140 90 give
1084 3118 519 90 Kiobmcendene
1631 3136 140 72 eller
1787 3130 170 86 Bor-

167 3238 182 77 gerne
383 3220 18 74 i
431 3216 484 99 Kiobstæderne
943 3242 134 70 paa
1115 3224 74 74 de
1229 3216 288 103 Wahre,
1541 3223 130 95 som
1731 3234 110 76 der
1893 3232 68 81 sø-

167 3328 140 85 ges,
357 3312 268 94 saafom:
679 3315 344 95 Tømmer,
1065 3314 214 97 Salt,
1301 3317 204 102 Jern,
1529 3325 188 97 Hor,
1741 3326 250 99 Hamp

169 3435 79 73 og
279 3416 119 74 alle
433 3418 193 75 andre
673 3415 241 96 Slags
957 3416 345 96 Handels-
1359 3437 77 78 og
1499 3421 465 99 Haandverks-

168 3511 296 97 Wahre,
518 3516 86 78 da
654 3519 104 78 det
800 3509 204 101 følger
1036 3508 78 100 af
1158 3514 90 98 sig
1290 3511 144 104 selv,
1490 3539 70 62 at
1606 3522 390 99 Borgerne,

1722 3640 170 62 naar
