2927 4580
1075 460 113 88 24

940 647 179 92 sidste
1148 638 313 97 Tilfælde,
1514 636 251 94 saavidt
1800 636 263 96 mueligk
2108 629 211 101 derfor
2348 650 73 69 at
2474 633 87 98 see
2588 633 159 101 Pen-

939 761 154 74 gene
1135 742 338 93 indbragte
1511 736 24 78 i
1585 734 258 82 Landet.
1995 732 228 83 Korn«
2283 756 78 76 og
2401 732 376 101 Fedevahre

939 841 203 92 haves
1171 840 209 93 nesten
1421 836 243 78 overalt
1691 853 19 56 l
1757 833 127 90 stor
1919 830 341 98 Mængde,
2319 852 147 61 men
2497 831 133 94 som
2655 838 119 78 den

938 933 434 96 fordærvelige
1418 927 380 98 Qvægsyge
1844 948 96 60 nu
1990 930 22 76 i
2042 935 180 90 nogle
2268 930 146 82 Aar
2448 931 120 96 har
2600 929 148 79 bort-

934 1045 179 82 taget
1148 1030 323 96 Qvæget,
1522 1026 107 94 saa
1666 1027 117 88 har
1816 1031 161 79 dette
2010 1022 429 105 foraarsaget,
2458 1047 71 60 ar
2550 1025 195 87 Dan-

933 1125 190 82 mark
1169 1134 142 75 eller
1351 1127 240 84 Landet
1623 1122 130 81 ikke
1789 1123 120 92 har
1945 1122 246 83 kundet
2213 1123 174 99 sælge
2433 1125 110 92 saa
2585 1145 160 59 man-

930 1245 76 76 ge
1043 1223 371 99 Fedevahre
1453 1221 131 93 som
1625 1218 247 97 forhen,
1931 1220 317 90 hvorover
2283 1230 71 72 de
2387 1220 137 95 som
2559 1223 211 94 gives,

928 1339 100 60 ere
1068 1321 220 80 blevne
1328 1319 368 94 fordyrede,
1750 1315 132 92 især
1934 1322 88 76 da
2058 1319 186 94 ingen
2276 1318 114 96 frie
2424 1317 348 100 Indførsel

925 1417 366 96 almindelig
1328 1417 125 90 har
1486 1428 193 64 været
1722 1413 229 79 tilladt.
2056 1415 375 96 Saadant,
2484 1415 285 102 foruden

931 1513 344 91 Misvext,
1345 1511 132 78 kan
1545 1504 192 96 ogsaa
1795 1503 370 100 foraarsage
2221 1533 78 59 en
2351 1514 290 95 Mangel
2689 1536 84 74 og

919 1605 299 93 Dyrhed
1252 1625 134 74 paa
1417 1603 225 93 Korn,
1697 1603 21 76 i
1747 1607 127 87 det,
1891 1618 73 64 at
1995 1608 71 76 de
2089 1601 131 94 som
2241 1610 527 96 manglerKiød,

920 1699 242 86 Smør
1196 1722 78 74 og
1302 1699 158 98 Ost,
1516 1719 192 60 maae
1756 1699 258 91 benytte
2056 1705 90 94 sig
2218 1704 78 96 af
2328 1704 270 85 Korner
2628 1708 110 94 saa-

915 1805 102 74 vel
1052 1799 67 81 til
1150 1796 279 100 Føden,
1482 1794 133 92 som
1664 1799 71 78 til
1774 1811 71 65 at
1896 1794 197 99 sælge,
2149 1821 80 77 og
2284 1802 247 97 derfore
2571 1825 196 76 maae-

905 1909 155 82 tage
915 1911 146 76 rage
1115 1892 110 92 saa
1267 1909 206 78 meget
1513 1912 170 58 mere
1711 1889 104 96 for
1869 1898 136 90 det,
2029 1892 136 95 som
2209 1897 128 81 kan
2367 1907 398 95 undværes;

917 1995 125 88 dog
1073 1989 135 91 som
1239 1989 479 98 Indbyggerne
1755 1989 121 94 har
1907 1990 285 99 Fisserie,
2243 1994 171 94 samt
2445 1997 189 102 Faar
2676 2022 86 76 og

916 2085 266 93 Sviin,
1238 2088 208 79 baade
1502 2086 68 78 til
1610 2088 528 97 Underholdning
2198 2113 82 75 og
2326 2096 74 80 til
2452 2113 72 64 at
2558 2097 204 97 sælge,

916 2181 127 80 kan
1098 2184 359 95 Mangelen
1500 2188 113 76 des
1686 2167 253 113 Aarsag
2008 2187 127 80 ikke
2203 2192 194 94 gives
2450 2193 111 92 saa
2628 2200 133 94 stor

917 2277 126 90 hos
1069 2285 154 75 'dem
1261 2278 144 97 selv,
1459 2301 132 75 paa
1649 2280 174 91 hvad
1861 2288 72 76 de
1969 2284 280 91 behøver
2283 2290 68 80 til
2381 2294 186 79 deres
2603 2314 158 78 egen

915 2375 527 96 Underholdning
1466 2428 22 44 ,
1555 2374 133 96 som
1735 2383 119 75 den
1915 2376 365 99 forhindrer
2330 2392 152 77 dem
2533 2387 109 96 fra
2682 2410 76 64 ar

914 2469 140 94 søge
1090 2478 118 74 den
1240 2472 346 96 Skilling,
1644 2480 74 75 de
1746 2473 208 83 kunde
1994 2478 144 97 søge
2182 2481 126 95 hos
2340 2482 413 104 Fremmede,

908 2553 243 104 faasom
1204 2568 101 94 for
1358 2567 479 100 Stald-Øxen
1877 2594 82 76 og
2005 2583 204 76 andre
2257 2576 78 96 af
2371 2586 76 77 de
2495 2583 260 85 berørte

907 2661 198 97 Ting.
1207 2666 218 97 Hertil
1451 2667 284 80 kommer
1765 2667 78 95 2)
1897 2688 74 72 at
1999 2674 134 89 som
2157 2673 222 99 Frugt
2421 2699 66 60 er
2515 2699 64 64 et
2593 2687 162 95 stort

909 2759 595 99 Næringsmiddel,
1562 2786 78 72 og
1696 2781 74 62 at
1804 2771 76 77 de
1910 2766 136 92 som
2084 2773 294 95 benytter
2414 2779 92 96 sig
2536 2780 210 98 deraf,

908 2855 126 80 kan
1064 2863 228 78 derved
1322 2861 50 78 ei
1410 2865 174 77 alene
1612 2860 182 85 spare
1820 2883 206 75 meget
2052 2867 432 93 paa-Komet
2218 2868 266 87 Kornet
2518 2899 79 75 og
2620 2880 95 94 Fe-

913 2956 354 90 devahrene
1297 2955 104 96 for
1459 2964 144 74 dem
1639 2956 164 99 selv,
1857 2980 148 62 men
2051 2971 208 93 endog
2307 2977 298 80 overlade
2635 2978 112 92 saa

905 3067 206 74 meget
1139 3072 166 61 mere
1343 3051 77 96 af
1443 3062 118 72 alle
1597 3054 250 99 Slags
1887 3058 70 80 til
1995 3067 225 91 andre,
2281 3067 429 96 ogderforind-

906 3145 216 95 bringe
1148 3148 296 97 anseelige
1478 3152 258 96 Penge,
1792 3173 148 61 men
1976 3158 172 92 siden
2180 3167 76 81 de
2276 3162 126 80 ikke
2416 3163 294 96 fuldkom-

904 3259 148 60 men
1086 3242 290 98 benytter
1408 3249 85 91 sig
1532 3246 75 96 af
1626 3252 163 95 fligt,
1846 3250 92 92 thi
1974 3256 441 96 omendssiøm
2454 3269 109 76 der
2600 3290 137 74 paa

903 3343 184 88 nogle
1119 3338 264 88 Steder
1419 3343 214 93 findes
1681 3353 162 90 gode
1875 3346 462 106 Frugthauger
2385 3380 78 77 og
2493 3361 244 94 somme

905 3431 284 87 Stæder
1217 3436 125 100 hos
1393 3437 289 89 Bønder
1721 3441 23 82 i
1777 3447 121 82 den
1939 3444 323 110 Tilstand,
2317 3470 73 72 at
2421 3479 75 62 en
2525 3459 179 87 Bon-

2548 3561 78 84 de
