2901 4603
1757 510 43 88 5

208 702 78 100 b)
342 702 110 95 faa
498 703 374 99 bestandige
922 713 144 74 eller
1118 706 272 97 varige,
1444 707 134 92 som
1626 728 148 62 mue-

357 833 160 94 ligr;
569 853 164 55 man
777 836 92 75 vil
901 839 186 73 ellers
1137 834 248 79 komme
1421 837 74 78 til
1519 853 74 61 at
1624 838 182 90 gik-rc

359 979 112 56 om
523 957 170 92 igien
755 960 20 78 i
829 956 340 104 Morgen,
1221 960 180 98 hvad
1459 983 164 57 man
1681 964 126 94 har

358 1087 176 94 giorr
564 1089 20 76 i
622 1086 226 101 Dag,
902 1091 290 100 hvorved
1240 1087 212 98 aldrig
1488 1089 264 79 vindes,

212 1210 64 98 o)
316 1200 126 105 faa
480 1213 298 101 passende
808 1225 252 76 overalt
1092 1226 142 72 med
1274 1214 526 100 Indretningen,

363 1339 134 92 som
521 1341 310 99 Tingens
873 1345 244 84 Natur
1163 1354 106 70 det
1301 1347 272 77 tillader.

317 1463 192 100 Efter
549 1470 152 100 disse
725 1472 250 97 Regler
1013 1473 92 85 vil
1131 1474 99 96 jeg
1271 1470 344 95 korteligen
1645 1490 126 76 prø-

112 1600 170 76 vede
304 1597 382 94 omtvistede
710 1596 450 99 Sætninger:
1208 1596 196 104 Halv
1438 1595 204 100 Hegn
1660 1604 144 74 eller

110 1722 209 100 Hegn
378 1723 156 96 efter
566 1721 371 101 Hartkorn.

317 1848 250 85 Gaaer
597 1872 158 60 man
805 1853 240 96 tilbage
1079 1853 20 79 i
1131 1852 260 99 Tiden,
1443 1863 90 72 da
1573 1851 196 101 Folke-

107 1984 347 88 mængden
539 1990 211 68 endnu
805 1978 123 82 ikke
985 1999 125 63 var
1138 1980 143 111 Csaa
1349 1983 313 99 tiltagen,
1729 1998 71 64 at

116 2102 492 99 Agerdyrkerne
636 2108 198 94 stødte
874 2129 138 76 paa
1050 2107 330 101 hinanden
1424 2119 144 70 med
1610 2120 188 70 deres

104 2228 299 101 Jorder,
454 2251 143 61 men
650 2232 587 103 Agerdyrkningen
1294 2244 129 91 dog
1478 2239 319 99 begyndte

109 2372 74 66 at
235 2356 244 85 komme
509 2359 20 78 i
563 2357 262 103 Gang,
875 2383 82 78 og
1003 2383 80 61 en
1111 2364 438 101 Jordbruger
1599 2368 196 98 fandt

109 2492 103 72 der
245 2488 295 95 Umagen
577 2494 179 74 værd
789 2505 71 65 at
901 2491 207 98 freede
1139 2496 129 96 sine
1287 2492 181 99 Agre
1501 2517 79 77 og
1599 2496 193 98 Enge

106 2612 102 98 for
242 2622 120 71 den
392 2613 296 101 Skade,
742 2622 148 77 dem
918 2619 214 83 kunde
1164 2620 272 107 tilføyes
1480 2623 80 98 af
1582 2622 177 83 Even-

102 2728 196 111 tnret,
338 2760 167 61 naar
542 2749 103 73 det
666 2746 385 99 ubehiudret
1088 2748 339 83 bmaadte
1462 2751 323 97 Marken,

101 2864 166 102 hvor
305 2888 78 75 og
417 2889 170 61 naar
619 2878 106 76 det
757 2872 230 97 lystede
1001 2893 26 80 ;
1082 2874 114 94 faa
1223 2874 208 100 falder
1465 2887 106 73 det
1599 2880 82 98 af
1695 2884 92 94 sig

93 2990 169 102 selv,
315 3013 71 62 at
419 2995 467 98 Eyermanden
937 3007 205 77 allene
1181 3021 251 64 maatte
1469 3008 317 98 indhegne

104 3126 126 72 den
260 3120 450 102 Strækning,
768 3126 134 98 han
944 3131 172 80 vilde
1164 3132 168 100 have
1384 3133 394 101 bestimmt;

92 3264 155 62 men
296 3246 143 101 sæt,
506 3267 71 64 at
642 3252 517 101 Jordbrugerne
1226 3260 247 81 komme
1508 3265 15 86 j
1540 3278 241 64 tættere

91 3372 314 103 sammen,
453 3397 70 62 at
555 3387 58 65 A
645 3402 78 76 og
759 3388 48 64 B
841 3387 174 92 støde
1057 3396 144 72 med
1233 3408 74 58 en
1341 3387 192 86 Side
1569 3390 80 94 af
1669 3398 76 72 de-

89 3512 107 74 res
255 3502 287 87 Marker
602 3532 136 76 paa
787 3512 373 104 hinanden,
1232 3536 156 63 mon
1441 3515 149 101 disse
1651 3516 127 80 ikke

768 3638 66 89 A
890 3661 36 76 z
1576 3662 98 60 nu
