2957 4580
1427 109 100 16 -.mm
1534 110 360 15 --i-l>-

963 717 166 64 naar
1165 701 74 78 de
1289 709 190 66 maae
1541 689 200 78 betale
1787 677 348 98 forhøyede
2187 679 224 102 Priser
2449 681 70 80 til
2567 677 180 84 Land-

961 799 360 86 mændene,
1371 789 162 94 igien
1585 799 188 62 maae
1811 795 144 80 tage
1999 777 350 100 forhøyede
2387 775 226 102 Priser
2643 791 138 74 paa

961 899 74 74 de
1062 889 272 93 Var-re,
1387 887 132 88 som
1555 889 72 74 de
1661 873 290 97 forskrive
1985 861 104 110 fra
2115 861 344 110 fremmede
2491 875 290 82 Stæder

961 995 142 70 eller
1133 987 124 92 hos
1295 993 142 68 dem
1467 981 118 90 selv
1619 975 410 94 forarbeyder
2075 995 78 76 og
2189 977 162 96 igien
2389 971 272 96 afsætter
2709 967 72 80 til

959 1083 540 88 Landmændene;
1555 1097 76 72 og
1659 1071 134 90 som
1833 1077 86 74 da
1960 1069 247 92 saadan
2241 1067 382 104 Forhøyelse
2661 1071 92 74 alt-

957 1183 112 88 saa
1099 1179 124 80 ikke
1257 1177 122 78 kan
1417 1193 164 60 være
1625 1177 202 72 andre
1865 1167 76 78 ril
1975 1169 294 100 Fordeel,
2327 1175 120 74 end
2481 1175 146 74 dem
2645 1161 138 96 som

963 1279 196 94 haver
1207 1273 178 80 kiobt
1435 1271 398 94 Jordegods
1881 1267 20 74 i
1933 1269 72 74 de
2043 1267 204 96 billige
2279 1265 224 96 Tider,
2561 1285 80 74 og
2681 1281 74 58 en-

963 1393 106 60 ten
1103 1377 212 74 endnu
1359 1369 232 88 bruger
1625 1369 142 70 eller
1809 1363 200 90 haver
2039 1363 156 94 folgt
2227 1365 242 92 samme
2495 1363 68 80 til
2593 1361 164 92 høye-

959 1475 84 90 ste
1101 1467 224 96 Priis,
1381 1481 146 58 men
1561 1459 284 76 derimod
1877 1453 404 102 foraarsager
2313 1479 72 60 ar
2423 1457 334 98 Fabrikan-

959 1583 124 62 rere
1147 1581 78 76 og
1275 1551 698 102 Haandværksmænd
2029 1553 216 88 saavel
2301 1559 70 74 til
2439 1555 350 80 Dkatters

955 1659 242 90 Brug,
1251 1653 134 92 som
1427 1669 150 72 egen
1611 1647 476 96 Fornødenhed
2113 1669 190 60 maae
2345 1649 170 92 færre
2537 1649 252 90 faadan

959 1777 78 58 en
1071 1751 296 94 forhøyer
1419 1745 200 96 Priis
1673 1763 132 74 paa
1853 1747 182 76 deres
2075 1743 294 100 Vahre,
2425 1763 74 62 ar
2555 1751 74 74 de
2659 1747 130 82 ikke

959 1851 128 78 kan
1145 1849 180 92 holde
1377 1843 196 96 Priis
1627 1843 142 76 med
1821 1839 424 100 Fremmede,
2300 1852 93 87 og
2455 1841 214 96 derfor
2711 1865 76 76 ey

963 1949 186 92 heller
1179 1943 126 80 kan
1335 1939 172 94 sinde
1545 1957 206 74 nogen
1783 1933 236 96 Afsats
2063 1941 126 92 hos
2231 1949 144 74 dem
2397 1939 148 96 selv,
2603 1945 186 94 langt

967 2045 246 82 mindre
1261 2039 168 92 sælge
1475 2051 186 78 noget
1705 2035 70 78 til
1825 2031 428 100 Fremmede,
2309 2039 320 94 hvorover
2667 2049 122 72 alle

963 2139 478 92 Næringsveye
1469 2153 84 74 og
1579 2131 204 96 billige
1827 2133 314 94 Fordeles
2171 2133 292 98 Ssgelse
2499 2141 146 74 dem
2677 2137 82 79 be-

960 2242 222 87 »kages,
1239 2253 78 72 og
1355 2247 232 76 mange
1601 2242 200 87 maae
1827 2225 76 94 af
1941 2227 244 86 samme
2223 2231 258 96 Aarsag
2513 2237 142 74 lade
2689 2241 104 76 der

965 2329 158 94 fare,
1179 2329 130 92 som
1337 2333 74 74 de
1455 2333 184 72 ellers
1673 2323 210 80 kunde
1913 2321 304 102 foretage,
2275 2351 80 72 og
2391 2347 186 60 enten
2611 2331 150 82 borr-

967 2425 164 98 reyse
1187 2427 66 76 til
1297 2427 200 74 andre
1538 2421 323 96 See-eder,
1919 2429 142 72 eller
2111 2445 164 74 gane
2307 2425 316 92 ørkesløse
2669 2433 122 90 hen

967 2525 114 78 udi
1125 2521 328 94 Tryglerie
1517 2541 76 74 og
1629 2519 412 94 Fattigdom,
2099 2541 78 76 og
2217 2527 106 74 det
2369 2541 64 60 er
2487 2523 170 82 klart
2707 2551 84 74 og

967 2617 484 96 uimodsigeligt,
1507 2631 72 62 at
1631 2615 434 82 Moderation
2101 2639 78 74 og
2215 2617 342 98 Billighed
2577 2621 186 98 bespa-

967 2737 100 60 rer
1103 2723 120 80 den
1253 2713 358 94 Kongelige
1649 2709 190 98 Caffe
1877 2717 146 76 med
2073 2721 76 74 de
2177 2715 22 76 i
2225 2713 284 98 Treneste
2539 2720 222 91 saaen-

967 2822 121 72 des
1121 2811 134 82 Løn
1291 2831 76 72 og
1401 2807 560 98 Underholdning,
2013 2811 236 80 lindrer
2289 2813 380 84 Skatterne
2709 2843 82 76 og

967 2909 322 94 befordrer
1319 2911 120 72 alle
1467 2903 482 98 Næringsveye
1991 2907 68 78 til
2093 2913 150 88 flere
2279 2933 82 70 og
2393 2915 148 90 flere
2578 2903 186 94 Men-

967 3005 243 94 neskers
1243 3001 522 96 Understøttelse;
1817 2999 113 93 faa
1971 3001 126 80 kan
2137 3007 98 94 jeg
2259 3007 128 80 ikke
2411 3007 284 96 forsvare
2717 3033 74 64 at

969 3107 146 90 sige,
1171 3115 72 64 at
1277 3097 326 92 saadanne
1643 3097 636 100 Jordegøds-Eyere
2317 3105 122 80 bør
2491 3109 300 94 tilstædes

969 3197 146 98 disse
1157 3195 288 98 Fordele,
1499 3215 148 60 men
1681 3195 246 96 ligesom
1963 3195 332 98 Kongens
2345 3201 188 100 Casse
2571 3206 188 98 bestaa-

961 3304 117 67 res
1127 3315 76 72 og
1259 3289 356 94 Borgerne
1675 3289 342 96 forhielpes
2051 3301 124 74 ved
2229 3297 434 88 Moderation
2705 3331 84 74 og

969 3389 366 92 Billighed,
1393 3407 76 74 og
1503 3391 102 74 det
1645 3395 170 72 uden
1851 3395 72 74 de
1965 3393 164 90 fleste
2165 3391 438 92 Landmænds
2621 3403 138 96 For-

973 3481 338 102 nærmelse,
1365 3481 110 96 saa
1521 3481 186 96 synes
1735 3491 166 76 dette
1943 3503 72 62 at
2065 3507 166 64 være
2275 3497 102 78 det
2405 3501 384 98 raadeligste

2603 3617 86 78 og
