2871 4512
1716 494 101 69 11

125 705 174 67 «ære
327 688 190 100 sætt,
569 707 112 62 om
731 683 262 101 Reglen
1043 684 130 98 just
1219 686 210 97 ffulde
1473 705 170 64 være
1693 688 104 98 for-

131 824 368 72 nærmende
527 825 122 72 ved
681 821 104 74 det
801 811 268 102 specielle
1111 812 438 100 Fælledffabs
1569 813 230 103 Ophæ-

133 940 199 104 velse,
361 942 289 100 hvorved
669 939 355 102 Forholdet
1043 942 271 82 imellem
1339 941 233 82 enkelte
1589 943 211 87 Gaar-

140 1075 82 75 de
254 1079 110 70 net
408 1092 84 74 op
526 1071 204 80 bliver
766 1079 110 72 det
914 1066 290 102 samme,
1254 1069 136 96 som
1446 1069 216 84 Loven
1700 1076 96 96 sta-

142 1211 218 67 tuerer
396 1198 270 83 imellem
698 1197 170 100 Bye
900 1218 82 76 og
1020 1196 212 100 Bye,
1284 1221 82 74 og
1416 1197 250 100 behøve
1704 1206 95 76 alt-

132 1318 714 116 saafammeJeoner
298 1322 237 84 samme
562 1325 273 100 Jevnet.
938 1322 171 104 Hvo
1139 1330 156 75 veed
1326 1325 171 100 ikke,
1551 1343 72 65 at
1660 1328 139 84 Ma-

145 1452 278 80 triculen
453 1452 22 80 i
507 1460 124 73 den
663 1451 164 90 Did
861 1473 68 61 er
971 1449 318 100 adskillige
1321 1451 256 98 Gange
1609 1453 194 99 foran-

149 1584 190 94 dret,
393 1602 82 74 og
513 1597 74 64 at
611 1589 126 72 den
768 1574 281 113 maaskee
1081 1580 22 78 i
1119 1576 220 92 Tiden
1371 1587 222 76 endnu
1627 1582 212 84 kunde

147 1722 328 78 overgaae
516 1707 472 98 Forandring;
1060 1714 124 72 den
1238 1706 280 101 behøver
1584 1715 104 75 det
1720 1714 122 96 vist

148 1834 26 80 i
204 1852 244 76 mange
496 1833 452 100 Henseender,
1018 1854 172 60 naar
1242 1832 416 99 Agerbruget
1714 1838 130 100 hos

150 1972 88 68 vs
268 1978 258 81 engang
562 1965 198 96 ffulde
790 1961 166 81 blive
992 1964 360 95 ordentlig;
1418 1961 188 84 Saa
1638 1964 206 100 ligger

153 2094 150 74 med
355 2098 104 72 det
503 2088 236 95 samme
783 2105 126 64 vor
965 2108 126 80 nye
1125 2088 216 97 Regel
1387 2087 106 98 for
1525 2089 320 101 Hegnets

153 2216 300 98 Deeling
501 2217 150 98 efter
703 2215 400 100 Hartkorn,
1159 2236 80 76 og
1293 2237 78 60 en
1403 2213 440 105 Forandring

157 2348 92 80 vil
303 2344 264 98 derefter
635 2345 170 80 blive
873 2346 376 92 nødvendig
1301 2353 146 72 med
1497 2345 346 99 Hegnene.

154 2474 194 100 Halv
394 2472 204 100 Hegn
640 2473 292 80 derimod
988 2472 362 96 forandres
1402 2475 216 96 aldrig
1664 2484 176 74 uden

156 2610 146 74 med
334 2600 270 98 Jorden
636 2621 82 74 og
752 2599 348 84 Grunden
1130 2598 148 94 selv.

247 2780 68 100 c)
366 2778 193 100 Halv
596 2779 209 102 Hegn
842 2778 211 102 passer
1082 2780 93 98 sig
1208 2780 75 81 til
1316 2785 123 78 alle
1476 2797 157 67 vore
1676 2790 133 76 dan-

389 2908 92 98 ffe
519 2905 400 102 Provincer.

345 3090 162 88 Det
537 3091 130 82 kan
697 3097 144 76 med
879 3092 122 98 lige
1031 3090 280 102 Fordeel
1343 3091 244 100 bruges
1623 3094 22 80 i
1675 3094 137 100 Jyl-

152 3224 190 94 land,
392 3218 134 96 som
562 3221 20 78 i
612 3221 192 98 Fyen
840 3225 144 79 eller
1014 3218 350 86 Sielland.
1466 3221 114 84 En
1620 3222 222 100 Jyde,

148 3368 116 60 om
296 3346 136 102 han
478 3346 124 101 har
638 3349 124 80 nok
788 3346 113 96 faa
946 3368 240 76 mange
1226 3353 140 76 eller
1416 3347 116 98 faa
1562 3347 282 91 Tønder

152 3476 185 86 Land
364 3495 148 77 spaa-
552 3497 77 62 en
662 3475 241 92 Tønde
928 3476 399 104 Hartkorn,
1378 3475 289 84 kommer
1716 3474 127 82 ikke

1671 3604 78 78 til

2573 1348 68 62 li
2651 1348 42 62 S
2703 1348 53 68 i.'
