2919 4599
1043 470 123 99 40

1123 666 223 86 Dette
1384 684 64 58 er
1497 663 87 74 da
1633 661 75 74 de
1775 652 399 96 betydeligste
2201 654 205 85 Laan,
2455 651 137 96 som
2629 649 127 83 kan

924 767 216 94 Kjøres
1174 766 68 78 til
1282 760 118 92 felv
1448 759 230 82 derved
1728 767 72 66 at
1842 749 140 95 søge
2034 756 94 88 sin
2160 752 286 95 Næring
2482 769 80 74 og
2590 767 168 62 være

916 867 100 90 sin
1054 880 148 76 egen
1240 860 242 96 Herre,
1538 857 124 88 dog
1700 849 124 78 karr
1858 854 98 70 vel
1980 846 192 96 ogsaa
2196 845 392 96 derforuden
2622 846 107 94 gin-

920 969 118 69 resc
1066 958 213 92 smaae
1318 956 178 84 Laan
1530 947 76 98 af
1626 945 476 98 Fæstebønder,
2160 968 146 58 men
2340 953 146 72 med
2532 949 146 74 dem
2692 962 64 60 er

920 1063 107 76 det
1056 1052 79 96 af
1154 1058 183 90 langt
1368 1055 213 76 anden
1626 1039 477 99 Beskaffenhed
2134 1052 121 74 end
2288 1043 137 94 som
2460 1047 147 74 med
2638 1062 119 58 an*

917 1157 136 91 dre,
1109 1150 198 92 hvilke
1321 1148 232 90 felvere
1589 1141 186 84 Eiere
1801 1139 76 93 af
1909 1156 218 80 noget,
2183 1146 86 76 da
2305 1161 76 60 en
2397 1139 334 100 Fæstebon-

917 1255 102 90 de,
1111 1246 136 94 som
1297 1246 124 78 ikke
1465 1261 62 60 er
1567 1239 154 84 Eier
1771 1235 78 94 af
1871 1256 214 76 noget,
2139 1244 172 75 uden
2341 1241 94 92 sin
2463 1237 298 82 Gaards

919 1346 246 92 Avling
1205 1364 80 74 og
1315 1339 386 90 Besætning
1733 1335 68 78 til
1833 1333 218 93 Brug
2079 1356 80 74 og
2183 1336 278 95 Ophold
2481 1333 108 86 saa
2611 1339 120 76 læn-

917 1465 79 74 ge
1031 1443 131 85 han
1195 1440 127 76 kan
1355 1453 233 61 ernære
1623 1433 91 88 sig
1753 1436 233 73 derved
2025 1452 79 72 og
2135 1430 179 90 svare
2371 1431 393 84 Skatterne

912 1541 72 76 til
1018 1535 290 93 Kongen
1344 1550 78 74 og
1470 1525 394 94 Landgilden
1898 1526 68 76 til
1998 1528 94 88 sin
2114 1528 466 93 Huusbonde,
2634 1528 128 79 ikke

912 1635 128 78 kan
1072 1630 162 78 blive
1286 1628 242 76 betroet
1584 1625 222 92 andet,
1864 1624 122 76 end
2020 1624 74 74 de
2124 1620 280 99 Wahre,
2458 1623 136 96 som
2628 1627 132 92 han

912 1729 280 92 behøver
1232 1724 68 78 ril
1332 1724 94 92 sin
1452 1720 310 83 Gaards
1798 1715 218 97 Brug
2050 1738 78 74 og
2168 1720 96 94 sin
2312 1741 152 76 egen
2510 1723 224 80 Under-

910 1824 333 91 holdning,
1300 1818 199 86 hvilke
1532 1817 133 92 han
1696 1815 189 94 igien,
1940 1834 170 60 naar
2144 1816 133 90 han
2310 1815 185 96 faaer
2530 1821 205 89 indhø-

913 1927 116 92 stet
1065 1940 78 74 og
1179 1920 272 92 flagrets
1481 1913 132 80 kan
1643 1913 204 78 betale
1885 1914 146 78 med
2073 1910 204 85 Korn
2309 1935 80 76 og
2427 1915 304 98 Fedevah-

913 2039 94 74 re,
1065 2036 78 76 og
1189 2012 206 90 altsaa
1455 2009 86 82 vil
1587 2011 100 96 jeg
1717 2007 368 97 forbiegaae
2117 2024 74 68 at
2250 2018 125 80 tale
2407 2015 208 86 videre
2651 2036 110 62 om

913 2121 206 78 denne
1149 2108 194 100 Post.

912 2524 186 109 Om
1146 2518 498 116 Fabrtqvers
1676 2523 306 111 nyttige
2024 2520 186 96 etter
2228 2531 194 86 rette
2438 2523 322 111 Anlæg.

901 2737 438 168 8abriqver,
1403 2823 168 62 naar
1613 2809 74 76 de
1719 2804 244 94 rettelig
2009 2810 356 92 anlægges,
2423 2827 96 60 ere
2555 2820 204 82 meget

901 2900 452 99 fordeelagtige
1403 2924 80 73 og
1521 2903 70 78 til
1619 2905 126 92 stor
1777 2901 256 95 Nyrre,
2105 2900 164 98 først
2311 2901 170 92 fordi
2571 2924 160 58 man-

901 3019 76 80 ge
1027 2996 380 98 Mennesker
1437 3006 164 74 lever
1653 3005 258 89 derved,
1967 3020 82 74 og
2079 2996 102 96 for
2221 3006 102 76 det
2351 3009 222 86 andet,
2629 2999 100 94 for-

903 3097 71 80 di
1043 3091 313 97 Pengene
1401 3096 127 79 kan
1593 3095 269 94 forblive
1919 3096 19 78 i
1999 3096 243 82 Landet
2271 3097 103 94 for
2422 3107 76 74 de
2545 3095 185 99 Wah-

902 3213 92 74 re,
1046 3191 140 85 som
1218 3196 244 90 derpaa
1490 3191 426 97 forarbejdes,
1976 3214 78 72 og
2090 3202 186 74 ellers
2316 3199 20 74 i
2364 3197 290 92 Mangel
2688 3192 78 98 af

902 3288 454 101 Fabriqverne
1392 3286 104 94 fra
1532 3287 344 94 fremmede
1913 3288 289 100 Stræder
2242 3293 488 94 maarteforffri-

900 3399 122 68 ves
1058 3404 82 74 og
1184 3388 108 72 der
1326 3384 270 97 betales,
1654 3409 76 72 og
1770 3406 168 61 naar
1982 3392 74 74 de
2096 3386 126 82 kan
2284 3391 246 98 bruges
2566 3391 164 92 savle-

898 3491 153 96 des,
1102 3494 75 66 at
1228 3480 251 98 Wahre
1508 3483 23 80 i
1588 3483 247 100 saadan
1888 3484 527 101 Overflødighed
2456 3491 127 80 kan
2628 3485 131 94 for-
