2866 4580
1735 485 116 86 19

1290 457 121 38 WW7

152 679 104 72 res
293 661 307 101 Aftagelse
649 683 189 62 maae
871 665 161 93 have
1063 661 491 105 sineAarfager,
1613 690 79 76 og
1729 669 243 96 derfor«

150 785 62 60 er
238 771 98 76 der
372 766 186 94 ogsaa
596 758 346 98 fornødent
984 782 72 64 at
1096 761 376 102 undersøge,
1516 768 182 94 hvori
1728 769 242 96 samme

148 863 296 96 bestaaer.

339 959 162 87 Der
533 978 60 60 er
631 964 86 77 da
761 964 338 92 naturligt,
1155 979 72 62 ar
1277 965 206 78 endeel
1527 958 78 96 af
1657 966 76 77 de
1777 961 194 100 første

153 1057 266 97 Slags,
477 1059 224 96 nemlig
735 1057 632 98 Specie-Rixdaler,
1421 1057 268 85 Kroner
1721 1083 78 76 og
1831 1061 142 90 To«

149 1155 251 80 marker
477 1160 109 76 udi
641 1163 73 76 de
773 1158 377 94 langvarige
1199 1157 207 98 Krige
1465 1164 143 74 med
1663 1158 309 100 Sverrig

146 1253 312 97 mærkelig
492 1252 122 82 kan
654 1255 158 92 have
838 1253 266 97 aftaget,
1158 1256 20 77 i
1216 1263 102 74 der
1338 1259 204 77 endeel
1566 1252 74 98 af
1668 1266 142 75 dem
1842 1259 130 80 kan

146 1369 164 60 være
384 1352 228 96 brugte
664 1353 68 78 til
774 1351 322 82 Armeens
1134 1352 406 98 Besoldning
1600 1374 78 76 og
1720 1361 220 78 Under-

150 1449 307 95 holdning
492 1470 133 70 paa
668 1447 343 94 fremmede
1058 1450 327 93 Grunde,
1442 1458 205 72 endeel
1680 1454 261 97 borttag-

151 1567 82 56 ne
279 1543 70 94 as
395 1546 308 95 Fienden,
763 1567 76 70 og
889 1548 204 76 endeel
1135 1551 286 90 nedlagte
1467 1548 22 76 i
1529 1546 264 98 Jorden
1829 1559 142 73 eller

153 1641 196 96 ogsaa
379 1640 74 94 af
483 1640 240 82 Landet
765 1637 256 96 udførte
1055 1638 74 96 af
1153 1648 170 83 dem,
1369 1641 132 92 som
1539 1666 180 59 enten
1757 1651 20 76 i
1811 1647 132 84 Lan-

149 1743 105 76 det
289 1737 119 96 har
462 1736 170 76 villet
685 1735 255 92 forvare
989 1744 179 73 deres
1223 1739 249 84 Midler
1529 1738 99 94 for
1659 1740 313 104 Fienden,

146 1841 144 74 eller
346 1855 76 73 og
470 1836 254 75 dermed
750 1833 68 76 til
850 1839 182 73 deres
1056 1834 370 93 Sikkerhed
1462 1836 124 82 kan
1606 1856 164 63 være
1794 1843 146 78 borc-

144 1933 163 92 reyst
340 1931 68 79 til
440 1926 342 96 fremmede
812 1927 325 97 Sræder;
1190 1951 146 60 men
1374 1931 124 81 ikke
1532 1938 166 92 desto
1720 1939 248 83 mindre

143 2027 116 94 fan
311 2025 182 96 heder
523 2032 98 74 det
651 2033 160 88 dog,
873 2042 74 64 at
1011 2032 108 74 der
1169 2025 150 96 efter
1353 2029 296 97 Krigens
1681 2034 132 89 Tid
1845 2037 122 90 har

147 2141 198 64 værer
375 2146 74 58 en
487 2122 332 97 Mængde,
873 2121 136 95 som
1059 2144 90 60 nu
1181 2147 186 58 maae
1397 2125 266 103 savnes;
1719 2157 78 72 og
1831 2131 134 94 som

153 2227 111 76 der
297 2223 221 79 immer
563 2220 17 76 i
629 2239 231 76 mange
913 2220 143 80 Aar
1111 2242 63 61 er
1221 2225 217 81 bleven
1485 2226 227 94 udført
1759 2235 205 78 endeel

146 2323 146 76 med
322 2325 70 72 de
436 2314 224 84 Skibe
686 2315 132 94 som
854 2313 140 96 fare
1016 2340 132 72 paa
1188 2321 282 99 Indien,
1524 2346 70 72 ja
1634 2350 78 73 og
1758 2331 68 76 til
1846 2351 88 58 an-

146 2421 108 76 dre
289 2413 280 88 See-eder
614 2410 100 99 for
748 2433 70 62 at
866 2417 246 95 bruges
1162 2418 20 77 i
1232 2419 376 99 Handelen,
1666 2446 78 75 og
1774 2427 190 94 ingen

144 2513 153 96 igien
364 2512 360 81 ere-blevne
508 2512 217 82 bievne
794 2520 391 89 mondtede,
1236 2499 113 108 faa
1380 2539 61 60 er
1476 2526 103 76 det
1616 2527 345 94 naturligt,

143 2629 72 62 at
253 2609 272 95 samme,
581 2608 210 94 saavel
839 2617 100 74 det
991 2608 192 98 første
1235 2613 132 92 som
1407 2619 212 97 sidste,
1675 2620 120 93 har
1831 2621 100 96 for-

143 2705 284 99 aarsaget
463 2712 180 76 deres
689 2707 108 94 saa
827 2711 160 92 store
1017 2710 488 99 Formindffelse
1543 2738 78 76 og
1667 2716 296 101 Afsavn;

142 2825 144 60 men
349 2805 167 95 hvad
569 2806 401 85 Ducaterne
1038 2828 66 60 er
1172 2818 372 89 angaaende
1596 2866 22 46 ,
1727 2815 241 99 hvoraf

140 2905 170 88 siden
356 2901 248 97 Krigen
640 2923 62 60 er
752 2903 216 82 bleven
1012 2904 244 101 stagen,
1304 2931 84 74 og
1424 2907 102 97 for
1569 2924 88 61 10
1710 2913 142 82 Aar
1884 2917 46 90 si-

146 3005 118 74 den
300 2999 118 92 har
462 3016 192 65 været
684 3003 20 76 i
756 3003 122 92 stor
926 3002 320 97 Mængde
1300 3009 106 88 her
1458 3010 20 78 i
1524 3008 277 89 Landet,
1870 3019 89 78 da

145 3115 94 58 ere
263 3101 72 76 de
353 3097 268 89 hverken
637 3099 336 96 borttagne
1001 3100 76 90 af
1093 3100 378 100 Fjenderne,
1495 3100 140 88 elker
1655 3107 74 86 af
1743 3107 216 100 Frygt

147 3187 100 98 for
287 3209 66 62 at
383 3196 158 78 blive
581 3192 76 97 af
691 3201 146 78 dem
865 3200 330 92 anholdte,
1249 3209 366 88 nedgravne
1645 3206 20 78 i
1689 3206 270 97 Jorden

147 3295 143 72 eller
337 3309 129 71 paa
503 3298 207 77 anden
741 3293 261 83 Maade
1043 3294 75 96 af
1145 3296 237 91 samme
1423 3299 253 99 Aarsag
1731 3303 195 92 udfor-

144 3399 86 82 te,
284 3405 146 59 men
470 3388 128 90 som
648 3397 70 74 de
758 3397 124 92 dog
914 3392 110 90 saa
1078 3395 310 98 mærkelig
1426 3399 118 95 har
1578 3400 250 97 aftager
1874 3425 84 72 og

142 3479 274 99 savnes,
470 3500 72 68 at
598 3492 100 79 det
746 3511 62 60 er
864 3508 146 64 rart
1058 3508 74 64 at
1178 3491 144 94 faae
1360 3517 210 77 nogen
1608 3496 68 98 af
1710 3505 144 76 dem
1886 3515 72 68 ar

1036 3588 89 94 B
1178 3617 51 52 2-
1742 3595 111 96 see,

2102 170 18 28 »
