2945 4640
188 1167 74 78 %

215 1243 38 35 r

153 1278 106 84 i‘W*

217 1654 13 33 :

112 2990 105 48 mm

108 3040 111 153 I

894 719 401 96 Fremgang,
1346 726 167 63 naar
1562 710 111 73 der
1726 712 94 67 ret
1864 697 142 80 blev
2062 695 136 94 lagt
2244 689 271 99 Haand
2544 686 192 95 paa?

893 814 157 78 intet
1089 815 140 74 eller
1267 808 188 93 ingen
1509 802 218 93 Ting,
1785 796 106 91 her
1945 812 64 58 er
2055 792 64 89 jo
2153 793 126 79 Uld
2321 807 80 74 og
2431 784 272 84 Levnets-

890 911 242 78 midler.
1236 904 148 84 Vel
1409 899 343 96 foregives,
1784 909 72 62 at
1885 897 121 74 den
2035 886 285 96 Danske
2341 885 129 82 Uld
2508 899 64 62 er
2605 878 129 79 ikke

890 1007 113 88 saa
1049 1009 126 91 god
1214 999 137 91 som
1380 1005 127 74 den
1560 989 457 96 udenlandske;
2070 1005 149 60 men
2264 990 121 75 den
2440 1000 65 60 er
2544 983 191 87 langt

887 1105 231 90 bedre;
1171 1099 91 91 thi
1307 1103 107 74 lad
1441 1112 167 60 være
1661 1104 77 64 ar
1765 1094 119 76 den
1909 1084 127 79 ikke
2065 1103 63 60 er
2167 1083 109 91 saa
2311 1079 145 98 fiin,
2507 1074 111 92 såa
2665 1092 67 60 er

886 1207 131 74 Len
1058 1206 123 81 dog
1214 1203 193 84 langt
1434 1190 299 94 stærkere,
1788 1205 83 58 oa
1900 1189 121 74 den
2058 1201 65 58 er
2160 1187 125 87 dog
2322 1179 51 76 ei
2412 1177 184 91 heller
2619 1168 113 95 faa

885 1310 212 78 meget
1125 1308 189 78 grov,
1369 1291 298 90 hvorpaa
1721 1300 158 61 man
1935 1279 120 91 har
2085 1293 60 66 et
2173 1271 308 99 Exempel
2521 1267 76 96 af
2627 1275 106 73 det

888 1393 258 90 Klæde,
1180 1385 132 92 som
1352 1385 216 92 giøres
1586 1384 20 73 i
1636 1378 334 94 Wiborg,
2026 1384 86 71 da
2136 1374 336 79 det'baade
2490 1390 64 58 er
2574 1385 128 62 tem-

889 1490 186 90 melig
1118 1485 153 88 stint
1325 1501 80 72 og
1452 1479 111 89 saa
1594 1472 181 97 stærk
1811 1493 78 72 og
1926 1472 105 90 seit
2064 1471 137 90 som
2234 1468 269 94 Skind,
2556 1465 175 92 samt

886 1580 78 92 af
1281 1574 329 91 Bonitet,
1663 1584 73 63 at
1797 1574 107 73 det
1953 1572 217 86 holder
2227 1590 35 68 3
2319 1565 253 92 Gange
2617 1561 115 89 saa

886 1683 201 89 længe
1118 1673 137 92 som
1308 1665 395 94 udenlandsk
1752 1664 259 94 Klæde,
2070 1683 79 72 og
2192 1668 127 87 dog
2356 1681 65 56 er
2466 1666 107 74 det
2600 1656 131 80 ikke

887 1788 213 80 meget
1129 1775 168 88 dyrt.
1451 1765 208 81 Naar
1693 1784 79 74 og
1803 1768 108 73 der
1943 1760 188 79 ikkun
2161 1755 274 95 fandtes
2463 1758 234 79 Klæde-

882 1888 248 66 vævere
1162 1887 78 73 og
1266 1862 462 94 Overffiærere
1754 1860 20 76 i
1810 1858 290 97 Jylland
2152 1862 142 74 eller
2344 1854 198 97 Fyhn
2582 1861 146 73 eller

883 1975 206 74 andre
1137 1963 76 90 af
1262 1960 627 93 Smaaestæderne,
1937 1956 117 92 faa
2102 1953 209 80 kunde
2346 1953 381 83 Bønderne

883 2085 139 72 paa
1059 2062 239 82 Landet
1321 2058 115 95 lige
1459 2055 213 93 saavel
1717 2058 177 90 giøre
1935 2051 233 81 Klæde
2215 2052 131 88 som
2381 2051 341 95 Vadmel,

884 2163 23 76 i
948 2167 109 72 det
1086 2164 73 73 de
1222 2155 117 89 selv
1396 2153 217 79 kunde
1644 2151 179 80 karre
1858 2171 79 74 og
1968 2148 213 94 spinde
2210 2154 183 74 deres
2428 2150 153 91 Uld,
2642 2160 81 84 og

879 2252 273 98 derefter
1191 2256 273 90 aflevere
1499 2248 243 94 samme
1775 2250 69 78 til
1877 2241 357 101 Vævning
2265 2267 79 73 og

1112 2371 81 74 og
1222 2368 166 59 naar
1440 2345 244 87 samme
1732 2344 284 88 saaledes
2064 2345 140 78 blev
2236 2342 315 95 iværksat,
2608 2340 114 94 faa

882 2452 167 78 vilde
1087 2454 106 75 der
1225 2446 160 78 blive
1411 2443 108 90 saa
1549 2461 110 77 gok
1695 2443 188 81 Kiob
1919 2464 134 72 paa
2087 2441 234 84 Klæde
2351 2441 108 92 her
2505 2442 18 76 i
2557 2439 134 85 Lan-

879 2556 137 84 det,
1070 2564 72 60 at
1177 2549 105 76 det
1327 2541 127 80 ikke
1497 2540 211 82 kunde
1755 2538 193 98 faaes
2001 2538 111 92 saa
2151 2540 203 91 billigt
2383 2537 105 94 fra
2524 2552 194 81 noget

880 2653 201 71 ander
1108 2640 235 98 Sted;
1396 2659 147 59 men
1574 2659 169 60 naar
1776 2646 103 72 det
1906 2637 123 92 skal
2076 2658 163 75 gaae
2274 2636 135 91 som
2468 2636 217 94 hidind-

877 2743 99 94 til,
1029 2756 71 64 at
1145 2759 161 57 man
1373 2737 87 78 vil
1513 2738 203 93 bygge
1787 2734 255 97 Palais
2093 2737 69 78 til
2205 2735 511 93 Arbeidshuus,

876 2856 171 61 være
1076 2836 219 97 Herre
1316 2832 131 94 som
1478 2830 523 96 Arbejdsmand,
2058 2854 81 73 og
2170 2837 293 75 desuden
2494 2835 193 90 ophol-

871 2942 82 73 de
979 2937 88 91 sig
1117 2955 78 72 og
1229 2953 74 55 en
1333 2936 130 89 stor
1495 2930 272 98 Familie
1799 2949 80 72 og
1921 2929 162 95 Folk
2121 2939 142 71 eller
2301 2930 214 89 smaae
2535 2928 150 97 Her-

872 3051 104 60 rer
1026 3052 134 74 paa
1210 3035 104 73 det
1355 3030 371 95 kostbareste
1783 3026 223 81 Stæd
2056 3028 18 75 i
2114 3027 268 90 Landet,
2439 3024 274 93 faa-kan
2584 3025 130 79 kan

874 3149 163 60 man
1095 3126 206 92 aldrig
1364 3124 265 96 reussere
1659 3124 112 81 udi
1822 3124 339 93 Anlægget
2229 3144 80 71 og
2364 3121 345 95 Brugen,

873 3247 149 60 men
1059 3242 159 57 man
1253 3222 117 92 har
1399 3220 251 96 ligesom
1689 3245 75 57 en
1793 3221 181 92 stærk
2009 3218 233 82 Muur
2275 3220 107 93 for
2413 3225 117 89 sig,
2573 3219 145 92 som.

870 3320 209 96 aldrig
1114 3320 123 77 kan
1270 3319 469 97 overkommes,
1794 3316 267 93 hvorfor
2096 3339 163 59 man
2296 3322 231 78 immer
2550 3337 163 64 maa

867 3424 174 91 staae
1071 3438 77 71 og
1197 3414 214 81 drives
1463 3414 273 98 tilbage,
1793 3415 182 80 indtil
2019 3434 162 63 man
2213 3411 316 96 omfalder
2567 3419 110 75 der-

864 3525 124 80 ved
1022 3534 80 78 og
1132 3513 160 84 imet
1334 3512 128 83 kan
1488 3512 142 95 reise
1662 3517 90 96 sig
1806 3531 184 67 mere.
2148 3511 558 99 Stampemoller

2519 3629 84 78 og
