2986 4473
680 409 590 83 ♦HXXXM*

1722 442 36 66 5

101 632 240 95 Siide;
393 635 126 92 dog
545 643 160 66 man
739 632 102 78 det
867 630 52 78 ei
949 626 113 97 skee
1211 627 156 96 dybt
1395 627 150 95 ind,
1597 624 268 84 arMar-

97 772 116 62 ven
249 749 248 100 treffes,
549 755 170 76 uden
757 754 200 78 neden
991 752 88 78 til.
1179 747 166 100 Paa
1371 753 118 74 den
1519 754 214 76 anden
1751 746 138 84 Sir

93 880 72 76 de
189 876 210 94 giøres
437 875 158 78 intet
627 878 196 76 ander
855 876 118 76 ved
1007 876 154 91 den,
1213 875 118 76 end
1371 887 72 62 ar
1483 875 118 77 den
1619 874 264 94 yderste,

95 1000 229 91 tynde,
407 995 205 78 brune
673 993 207 85 Bark
923 998 139 74 med
1109 991 435 100 Forsigtighed
1595 992 287 98 aftages.

92 1112 202 86 Naar
320 1121 118 76 den
467 1114 114 95 saa
608 1137 136 76 paa
770 1120 120 76 den
916 1114 260 83 Maade
1202 1133 64 60 er
1290 1117 350 95 tildannet,
1694 1124 192 88 tages

86 1252 60 64 et
172 1236 240 97 Been,
462 1235 136 94 som
624 1237 196 94 forud
850 1236 122 96 stal
988 1254 164 63 være
1182 1237 116 96 lige
1314 1233 280 96 saaledes
1620 1242 264 90 dannet,

90 1346 135 96 som
260 1362 119 77 den
422 1357 333 96 tilffaarne
784 1356 471 102 Pode-Qvist,
1310 1359 229 95 nemlig
1580 1362 131 92 stad
1754 1378 133 74 paa

87 1482 124 76 den
239 1498 140 61 eene
411 1477 226 100 Side,
691 1486 174 74 rund
909 1500 132 76 paa
1069 1484 118 75 den
1219 1483 250 92 anden,
1523 1500 78 76 og
1633 1478 160 96 spirs
1823 1480 70 80 til

87 1596 280 101 Enden,
423 1605 126 94 dog
569 1621 198 61 meere
795 1602 210 96 breed,
1059 1607 116 74 end
1193 1599 182 96 spirs.
1461 1597 218 89 Dette
1697 1598 196 86 Been

87 1720 222 98 stikkes
343 1727 142 76 med
527 1721 458 99 Lemftldighed
1027 1729 118 74 ned
1189 1729 264 74 imellem
1511 1722 380 82 Stammen

90 1860 82 76 og
194 1838 328 101 Barken,
570 1843 112 92 saa
730 1860 70 62 at
832 1848 120 76 den
984 1848 168 94 flade
1170 1841 188 84 Side
1376 1841 78 98 af
1468 1841 258 85 Beener
1742 1862 150 60 ven-
1943 1821 13 24 '

84 1966 112 76 der
222 1964 112 79 ind
366 1967 72 78 ril
470 1961 252 101 Træer,
778 1986 78 74 og
884 1968 120 76 den
1030 1971 208 74 runde
1264 1963 188 84 Side
1480 1972 90 72 ud
1598 1968 72 78 ril
1694 1964 170 84 Bar-

80 2082 134 80 ken.
320 2081 206 86 Naar
570 2083 248 94 saadan
854 2102 58 62 et
942 2082 156 102 Hul
1134 2107 66 58 er
1234 2087 212 96 giort,
1510 2086 218 98 stikkes
1770 2080 120 84 dest

78 2206 363 79 tildannede
478 2203 435 99 Pode-Qvist
946 2208 131 80 deri
1112 2211 141 78 med
1282 2203 433 103 Varsomhed
1745 2205 109 94 saa-

77 2325 143 79 vidt
77 2326 142 78 vidt
247 2331 116 76 ned
405 2323 132 98 som
581 2331 118 77 den
743 2328 208 80 brune
975 2326 210 86 Bark
1225 2347 66 60 er
1329 2325 270 101 aftaget.
1701 2314 157 97 Det-

67 2457 67 67 te
73 2460 62 64 te
169 2448 212 94 giøres
413 2463 188 82 noget
629 2447 228 98 hastig,
911 2462 72 62 at
1013 2446 232 99 Hrriler
1275 2451 48 76 ei
1357 2470 200 75 gaaer
1601 2448 286 94 sammen

75 2566 201 96 jgien;
325 2565 135 98 Thi
490 2568 152 99 skeer
675 2573 139 93 der,
869 2572 87 76 da
1001 2568 217 96 stikkes
1249 2565 261 86 Beener
1559 2574 117 76 ned
1723 2572 159 94 igien

76 2684 106 98 for
238 2703 72 64 ar
348 2689 212 80 aabne
602 2687 252 100 Hullet.
958 2686 162 88 Der
1164 2709 66 60 er
1278 2689 124 80 ikke
1454 2690 122 82 nok
1606 2696 138 74 med
1776 2712 104 58 een

76 2802 472 103 Pode-Qvist,
602 2831 144 59 men
778 2816 102 76 det
908 2808 242 96 samme
1178 2809 124 98 stal
1338 2831 78 78 og
1462 2809 116 96 skee
1618 2816 142 76 med
1778 2816 76 94 fle-

68 2946 68 60 re
160 2935 198 74 rundt
392 2931 292 99 omkring
712 2930 420 97 Stammen,
1190 2955 64 72 z,
1272 2939 160 90 4,6,
1456 2939 138 75 eller
1616 2948 78 82 8,
1738 2936 116 94 lige-

67 3044 138 96 som
239 3046 372 85 Stammen
625 3073 64 61 er
719 3052 106 98 tyk
855 3054 88 80 til.
1051 3050 210 85 Naar
1299 3053 144 98 disse
1471 3051 374 101 Pode-Qvi-

69 3170 82 92 ste
171 3186 96 60 ere
297 3169 274 94 indsatte
585 3171 322 99 saaledes,
961 3188 72 64 at
1059 3172 268 99 hverken
1361 3179 106 92 de,
1519 3182 140 74 eller
1677 3174 168 86 Bar-

69 3286 112 80 ken
207 3290 122 96 har
361 3307 172 80 rager
549 3293 280 99 Skade,
859 3294 236 98 afløses
1111 3293 360 100 Baander,
1511 3320 76 72 og
1611 3296 228 84 Stam-

73 3426 139 62 men
259 3410 287 99 belegges
587 3422 249 74 overalt
875 3434 159 60 oven
1073 3436 131 77 paa
1251 3423 139 76 med
1443 3417 423 101 Pode-Vox,

70 3550 76 76 og
182 3535 342 82 ombindes
558 3541 142 79 med
732 3558 72 58 en
830 3556 144 62 reen
1002 3534 210 87 Klud.
1312 3537 320 101 Dernæst
1658 3538 212 96 sættes

972 3654 58 102 )(
1086 3683 34 70 z
1308 3651 8 14 '
1514 3658 256 98 Kappe
