2817 4502
294 666 216 102 Nogle
528 668 372 87 Societeter
929 688 186 65 maae
1144 668 192 98 ogsaa
1358 670 366 94 nødvendig
1740 674 176 90 giøre

104 769 218 99 Gield,
342 768 242 94 saasom
610 779 96 90 de,
731 779 108 73 der
992 768 286 94 forenede
1310 767 112 78 udi
1456 786 210 76 nogen
1704 768 178 94 Han-

100 879 97 72 del
246 892 77 72 og
366 866 289 86 Vandel
702 873 69 78 til
836 869 243 94 fælleds
1128 863 325 99 Interesse
1492 880 85 78 og
1624 860 291 102 Profits

103 964 334 98 Sogelse;
493 986 76 75 og
607 991 164 58 naar
791 969 348 96 Handelen
1157 984 62 58 er
1235 963 388 96 importabel
1647 982 76 74 og
1747 962 138 84 So-

101 1071 236 76 cietetet
365 1060 120 94 seer
513 1068 92 88 sin
631 1065 348 98 Regning,
995 1070 120 72 ved
1153 1066 198 90 større
1389 1083 78 74 og
1487 1063 198 92 større
1713 1060 200 98 Fond

103 1183 72 62 at
207 1165 124 77 kan
355 1146 138 108 søge
523 1166 196 93 større
765 1187 79 72 og
893 1167 198 91 større
1121 1160 295 96 Fordeel,
1471 1157 272 96 handles
1779 1154 100 98 for-

104 1259 262 99 nuftigst
394 1260 110 80 udi
538 1279 68 62 at
636 1265 170 94 giøre
836 1261 200 83 Gield
1070 1264 140 74 eller
1244 1255 178 84 Laan
1466 1257 68 78 til
1572 1255 218 97 Brug
1828 1276 84 75 og

104 1360 312 96 mueligste
456 1358 308 96 Fordeles
800 1354 330 98 Sogelse;
1184 1360 126 89 dog
1342 1373 62 60 er
1440 1357 100 76 det
1568 1352 190 96 ogsaa
1776 1350 104 94 far-

106 1457 112 94 ligt
270 1474 74 62 at
388 1454 262 96 risqvere
698 1453 100 94 for
850 1468 206 78 meget
1102 1452 22 76 i
1168 1450 370 97 Handelen,
1594 1452 94 90 thi
1736 1450 180 88 snart

104 1553 129 78 kan
264 1572 161 58 man
446 1570 165 61 være
644 1549 155 88 Tab
820 1571 79 74 og
938 1548 221 98 Forlis
1176 1545 389 94 undergiven
1584 1554 119 74 ved
1718 1546 171 82 Soe-

105 1649 222 92 ffade,
395 1654 118 74 ved
567 1648 276 97 Prisens
915 1646 228 94 hastige
1199 1639 402 94 Nedfaldelse
1635 1664 134 70 paa
1815 1652 106 74 det

107 1745 228 95 Sted,
389 1744 162 86 hvor
583 1765 158 58 man
773 1743 228 78 rænker
1035 1760 72 60 at
1139 1742 228 90 handle
1387 1759 78 76 og
1483 1737 140 95 löge
1641 1742 92 92 sin
1751 1740 136 98 For-

99 1847 171 87 deel,
325 1846 116 72 ved
491 1856 184 63 utroe
719 1837 197 98 Folk,
983 1858 81 74 og
1113 1840 118 74 ved
1279 1833 505 96 Banqverotter
1833 1860 83 73 og

102 1937 466 95 Bedragerier,
622 1935 212 90 saavel
862 1935 214 77 inden-
1112 1930 134 94 som
1280 1935 392 79 udenlands.

304 2036 224 78 Andre
590 2033 406 89 Societeter,
1064 2028 244 96 saasom
1354 2027 560 98 Liig-Societeter

108 2141 140 74 eller
286 2134 268 96 deslige,
620 2131 122 80 kan
790 2135 98 72 vel
934 2124 376 86 underriden
1362 2147 78 76 og
1492 2123 124 95 ofte
1668 2128 246 94 behøve

102 2237 153 90 flere
288 2228 251 98 Penge,
592 2235 117 74 end
736 2225 133 96 som
898 2225 257 99 Fonder
1188 2231 139 73 eller
1356 2229 121 74 den
1502 2223 195 92 forud
1726 2232 185 90 lagde

109 2327 192 100 Plan
337 2324 360 97 formaner,
753 2345 146 58 men
949 2322 364 93 saadanne,
1369 2321 130 92 som
1531 2327 184 91 ingen
1745 2324 134 98 For-

103 2429 128 78 deel
269 2426 192 92 haver
493 2420 72 98 af
585 2419 458 98 Depencerne,
1099 2418 134 92 som
1263 2421 174 78 alene
1459 2418 301 96 besaaer
1795 2426 116 80 udi

101 2529 79 72 de
213 2523 357 89 behøvende
617 2517 329 100 Udgifters
993 2515 425 98 Bestridelse,
1505 2519 233 94 hvortil
1783 2522 127 88 hele

100 2619 258 98 Fondet
404 2616 292 98 forgaaer
744 2625 138 72 eller
928 2614 426 95 bortsvinder,
1426 2615 260 94 handler
1732 2618 178 86 imod

98 2723 106 74 der
234 2719 126 89 hele
410 2717 344 83 Societets
808 2706 398 102 almindelige
1264 2711 356 100 Interesse,
1676 2714 116 82 udi
1836 2734 76 64 at

96 2815 174 96 giøre
308 2812 218 96 Gield,
576 2809 168 96 fordi
778 2817 72 78 de
884 2812 164 92 fleste
1086 2807 494 99 Jnreressenrere
1612 2812 116 80 udi
1761 2810 146 96 faa-—-

94 2916 228 76 danne
358 2912 373 84 Societeter
781 2929 96 60 ere
915 2906 74 96 af
1022 2914 119 74 den
1174 2905 501 99 Beffaffenhed,
1731 2926 72 64 at
1836 2918 75 76 de

99 3009 126 78 ikke
263 3008 198 98 bruge
487 3016 180 76 deres
705 3007 230 98 Penge
951 3006 22 80 i
987 3006 352 96 Handelen
1357 3011 140 72 eller
1519 3008 194 78 andet
1739 3008 168 98 stigr,

103 3105 276 92 hvorved
419 3123 188 79 noget
643 3105 126 80 kan
817 3107 418 93 importeres,
1289 3101 132 92 som
1463 3101 126 82 kan
1623 3122 162 64 være
1839 3110 68 78 til

99 3205 129 88 stor
259 3202 283 96 Fordeel,
601 3225 79 74 og
715 3201 207 96 derfor
959 3222 65 60 er
1059 3202 187 80 bedre
1277 3203 155 78 tienr
1467 3205 145 76 med
1639 3220 73 60 at
1731 3206 177 94 giore

98 3297 264 95 Tilssud
396 3300 62 80 til
494 3308 70 76 de
596 3301 362 88 behøvende
994 3296 332 100 Udgifters
1362 3295 402 102 Bestridelse,
1784 3312 124 72 end

98 3395 136 92 som
286 3414 74 64 at
410 3402 104 76 der
558 3398 176 95 skulle
760 3405 228 76 laanes
1024 3400 68 76 til
1134 3398 280 95 samme,
1472 3419 80 74 og
1580 3392 328 96 saadanne

96 3492 498 104 Jnreressenrere
636 3501 256 80 derover
938 3498 174 88 siden
1160 3509 246 69 maatte
1462 3495 204 84 betale
1698 3496 210 84 baade

939 3592 66 84 C
1561 3591 244 81 Laaner
