2927 4640
231 710 266 92 derpaa
368 725 130 79 paa
526 713 198 76 andre
754 706 335 110 Staden
1176 707 174 99 Han
1386 712 120 93 har
1542 722 84 74 da
1658 725 172 74 uden
1865 722 155 98 Myt-

226 819 78 64 ke
331 815 290 72 anvendt
655 827 74 59 en
759 810 126 94 stor
920 804 267 94 Capital
1221 827 80 75 og
1318 804 317 103 forgreves
1655 823 142 72 med
1815 817 202 86 Kum-

229 903 333 97 merlighed
599 925 187 61 maae
845 903 187 96 høkre
1077 904 89 95 sig
1215 906 351 100 igiennem,
1639 914 183 79 indtil
1871 920 175 90 hans

230 998 248 84 Midler
514 1005 264 94 omsider
810 1019 178 65 reent
1030 998 348 98 forsvinder
1414 1029 77 74 og
1532 1016 369 90 medgaaer,
1956 1024 92 73 da

231 1096 132 95 han
401 1101 234 94 endelig
685 1102 196 81 bliver
921 1100 296 83 ruineret.
1319 1102 150 87 Vel
1499 1105 128 86 kan
1665 1112 130 87 han
1842 1109 173 92 forne-

226 1206 188 69 neres
441 1202 115 77 ved
613 1197 373 100 Forbudde,
1041 1198 19 78 i
1095 1204 101 75 det
1221 1214 71 66 at
1329 1208 103 75 det
1487 1203 243 108 Slags
1765 1207 279 98 Vahre,

228 1288 136 95 som
402 1290 73 96 af
498 1296 150 93 ham
672 1293 396 97 forarbejdes
1104 1318 77 75 og
1196 1306 411 90 produceres,
1648 1288 142 95 'kan
1824 1285 187 118 forby-

231 1394 118 75 des
381 1408 70 64 at
489 1389 324 101 indføres,
867 1413 148 62 men
1047 1412 58 60 et
1135 1395 276 96 Forbud
1431 1399 122 80 kan
1585 1400 122 81 ikke
1725 1401 292 94 fuldkom-

233 1506 147 61 men
469 1490 245 92 hemme
791 1487 461 100 Indførselen,
1305 1490 165 94 fordi
1547 1504 141 89 det,
1733 1501 135 92 som
1919 1504 125 79 kan

230 1578 192 97 faaes
462 1588 249 96 billigst,
746 1588 182 95 søges
978 1588 470 94 indpraktiseret
1502 1615 75 73 og
1629 1595 218 93 hentes
1886 1600 161 94 hvor

231 1684 108 77 det
375 1704 62 58 er
469 1700 70 63 at
563 1681 170 99 faae,
789 1706 80 75 og
907 1685 430 94 omendffiont
1355 1694 118 73 den
1509 1689 202 83 kunde
1731 1695 316 94 hemmes,

227 1776 111 91 saa
367 1785 171 72 lader
571 1787 123 85 dog
725 1788 117 72 alle
883 1778 429 94 Soefarende
1351 1806 75 75 og
1463 1798 223 87 andre,
1745 1793 133 90 som
1909 1795 141 94 reife

224 1894 132 75 paa
394 1876 416 92 udenlandske
846 1877 307 96 Stæder,
1218 1883 162 89 hvor
1414 1889 74 72 de
1518 1883 125 83 kan
1674 1884 147 95 faae
1858 1892 187 83 bedre

221 1968 510 95 Kiobendsom
805 1974 16 79 i
879 1973 278 96 Landet,
1215 1981 110 75 der
1355 1979 172 94 giøre
1563 1988 186 75 deres
1773 1985 272 86 Klæder

225 2088 81 77 og
337 2067 273 84 kløbede
645 2069 269 96 Vahre,
969 2070 131 92 som
1143 2079 73 76 de
1263 2072 243 98 behøve
1545 2078 73 98 af
1651 2088 103 77 der
1771 2083 271 104 Slags,

222 2162 133 97 som
386 2168 190 90 koster
608 2186 162 60 mere
816 2168 19 79 i
874 2165 258 83 Landet.

421 2264 372 84 Danmark
849 2283 62 60 er
953 2281 202 79 meget
1205 2265 266 99 beqvem
1521 2276 68 78 ril
1625 2282 120 75 alle
1795 2275 248 102 Slags

225 2360 223 84 Klæde
493 2382 73 73 og
611 2366 221 80 uldene
877 2359 407 103 Fabriqver,
1369 2366 165 95 fordi
1597 2374 237 82 Lander
1890 2398 120 74 pro-

222 2464 255 75 ducerer
510 2462 125 79 Uld
692 2460 19 80 i
754 2460 345 96 Mængde,
1156 2482 167 61 naar
1356 2472 71 77 de
1468 2477 181 73 ellers
1682 2474 241 96 rettelig
1960 2495 79 78 og

217 2561 234 88 vaade
377 2561 76 77 de
483 2557 228 97 mindst
743 2544 404 111 bekosteligste
1172 2559 287 114 Stræder
1497 2576 350 93 anlægges,
1900 2570 140 93 saa-.

387 2670 175 64 enten
590 2677 134 68 paa
759 2656 265 96 Lander,
1080 2665 144 74 eller
1261 2660 19 76 i
1327 2668 71 74 de
1445 2663 215 92 smaae
1713 2668 295 100 Kiobstæ-

216 2756 131 91 der,
402 2750 127 94 som
562 2751 117 92 selv
720 2754 163 94 have
910 2753 267 100 Avling,
1200 2755 229 102 Tillæg
1460 2787 79 71 og
1556 2764 295 98 Fifferie;
1888 2790 153 63 men

213 2856 76 75 de
329 2849 154 81 blive
515 2850 124 79 ikke
665 2858 256 91 anlagte
955 2873 80 77 og
1073 2852 228 97 brugte
1321 2878 132 74 paa
1483 2867 72 74 de
1575 2862 310 100 Stæder,
1905 2864 102 96 for-

213 2947 63 86 di
349 2953 103 77 der
490 2968 62 57 er
601 2949 227 98 ingen,
897 2949 135 92 som
1076 2961 152 72 veed
1266 2974 70 60 ar
1372 2959 174 94 giøre
1581 2960 335 100 Anlægger
1952 2990 84 75 og

212 3046 201 95 bruge
444 3042 305 102 Værket,
808 3070 77 73 og
916 3068 111 60 om
1060 3056 103 76 der
1200 3051 233 95 ffrives
1474 3063 141 75 eller
1650 3067 165 72 tales
1876 3084 109 61 om
2016 3067 21 80 i

221 3168 34 49 i
265 3169 92 48 OO
395 3150 136 72 eller
573 3171 187 48 1000
803 3144 170 100 Aar,
1027 3144 110 94 saa
1193 3151 196 79 bliver
1449 3159 106 75 der
1589 3160 124 93 dog
1755 3159 126 91 ikke
1919 3185 86 58 no-

216 3255 100 80 get
348 3240 90 96 af,
491 3238 223 94 førend
759 3244 287 98 Kongen
1078 3267 144 76 grør
1241 3247 451 100 Begyndelsen
1710 3265 144 73 eller
1870 3282 134 68 paa-

214 3342 221 91 lægger
494 3360 199 75 nogen
750 3360 71 63 ar
874 3343 175 94 giøre
1110 3351 141 89 der,
1310 3372 75 72 og
1428 3357 101 74 der
1566 3370 119 63 var
1718 3373 71 62 ar
1828 3358 205 99 ønffe,

213 3451 74 62 at
371 3441 168 75 dette
585 3440 230 96 nyttige
855 3439 226 84 Værk
1133 3463 247 79 engang
1443 3447 210 83 kunde
1705 3453 256 79 komme
2015 3461 22 78 i

213 3528 309 102 Stand,
576 3555 78 76 og
705 3538 169 100 hvad
919 3538 184 96 skule
1156 3547 96 79 vel
1298 3542 322 100 forhindre
1672 3554 150 77 dets
1874 3564 164 82 gode

1696 3647 229 98 Frem-
