2957 4580
1662 141 165 68 mak.

202 1298 20 44 *
248 1292 30 46 i

180 1344 84 80 .f

210 1446 66 66 B

188 1590 83 77 Él

926 671 163 84 blive
1128 662 271 94 afbetalt
1462 678 81 75 og
1574 651 539 94 Undersaatterne
2152 646 269 100 befriede
2454 643 105 98 for
2576 647 75 78 de
2682 660 45 62 u-

921 766 375 92 sædvanllge
1345 756 344 93 Skatter,
1741 749 136 96 som
1911 748 188 82 dertil
2129 766 96 64 ere
2267 749 360 95 paalagde:
2689 739 74 100 I

923 865 208 93 Kong
1183 852 368 100 Friderich
1605 855 138 72 den
1795 847 342 94 Fierdes,
2195 843 372 99 Christian
2619 843 142 74 den

925 963 306 82 Gierces
1263 976 78 72 og
1369 947 370 99 Friderich
1783 953 138 70 den
1967 944 290 92 Femtes
2289 942 190 98 første
2523 939 238 94 Regie«

919 1063 190 89 rings
1143 1054 132 88 Tid
1315 1052 118 92 har
1471 1050 284 81 Landets
1789 1042 458 99 Indkomster,
2305 1059 170 65 naar
2521 1035 240 98 Extra«

921 1157 313 82 Skatten
1284 1152 370 91 undtages,
1709 1141 135 94 som
1891 1161 65 58 er
2007 1146 277 90 paalagt
2339 1140 67 82 til
2429 1137 331 84 Gieldens

920 1250 404 95 Afbetaling,
1378 1227 148 95 ikke^
1540 1261 194 60 været
1768 1239 106 94 saa
1912 1243 162 89 store
2122 1236 134 92 som
2310 1258 118 69 nu,
2486 1239 86 76 da
2600 1231 132 88 Tol-

920 1357 124 74 den
1092 1368 78 74 og
1220 1340 558 94 Consumptionen
1824 1339 20 76 i
1892 1345 124 71 den
2064 1334 286 98 Sidstes
2392 1331 132 88 Tid
2552 1345 210 80 meget

918 1465 64 60 er
1022 1445 318 93 forhøyet,
1396 1460 80 70 og
1508 1441 124 88 dog
1664 1431 338 92 befandtes
2046 1432 188 92 ingen
2264 1434 202 82 Gield
2500 1431 20 78 i
2546 1429 216 92 Kong

914 1536 371 97 Friderich
1324 1536 138 72 den
1493 1529 299 91 Eier-des
1832 1547 81 74 og
1946 1526 376 94 Christian
2368 1532 136 71 den
2538 1525 192 82 Gier-

915 1653 118 60 ces
1083 1628 394 98 Regierings
1517 1625 156 94 Tid,
1725 1631 336 87 undtagen
2091 1622 18 78 i
2153 1628 122 76 den
2305 1624 274 98 Førstes
2597 1621 162 98 Tid,

913 1735 92 78 da
1041 1728 254 94 Krigen
1323 1729 234 75 varede
1589 1725 144 74 med
1785 1716 330 96 Sverrig,
2171 1724 86 76 da
2287 1730 122 74 den
2439 1703 288 112 Høysali-

917 1847 74 74 ge
1025 1825 238 91 Konge
1293 1818 74 90 af
1389 1820 286 91 Mangel
1711 1837 132 74 paa
1867 1813 238 97 Penge
2141 1822 226 86 udgav
2399 1815 326 94 authorise-

917 1927 144 74 rede
1101 1916 444 98 Pengesedler,
1599 1911 132 92 som
1751 1911 204 94 ffulde
1971 1910 192 96 gielde
2181 1932 80 72 og
2275 1919 248 76 roulere
2543 1913 212 84 lblant

917 2016 227 97 Folket
1201 2012 249 94 ligesom
1507 2007 237 98 Penge
1791 2029 81 74 og
1905 2009 167 93 iglen
2107 2008 317 99 indløses,
2497 2011 259 116 ligesom

914 2107 178 102 Han
1126 2132 78 74 og
1240 2108 230 94 førend
1506 2109 96 90 sin
1638 2105 188 84 Død
1856 2105 266 89 indløste
2156 2104 284 101 samme;
2498 2131 78 74 og
2606 2111 114 96 lige-

920 2209 136 94 som
1096 2212 200 76 denne
1324 2187 360 115 Høysalige
1720 2203 246 93 Konge
2002 2200 374 99 Friderich
2402 2213 136 72 den
2555 2206 166 94 Feer-

915 2310 91 71 de
1044 2306 118 90 har
1194 2302 142 96 søgt
1386 2316 72 64 at
1496 2301 174 94 giøre
1708 2299 210 94 alting
1964 2298 172 96 billig
2182 2302 20 76 i
2230 2300 144 84 Sit
2406 2301 204 98 Land,
2668 2327 84 74 og

918 2406 232 77 derved
1204 2416 72 64 at
1332 2394 184 99 ffaffe
1562 2395 194 84 Sine
1804 2392 458 96 Undersaatter
2306 2400 328 97 Leylighed
2684 2407 72 80 til

918 2498 509 92 Næringsveye,
1480 2493 165 94 samt
1677 2509 74 64 at
1790 2493 219 93 bringe
2038 2498 107 76 det
2174 2494 281 99 saavidt,
2509 2517 72 62 at
2600 2501 153 94 hvis

919 2595 174 98 Han
1127 2594 318 92 behøvede
1493 2593 68 76 til
1615 2591 160 82 Sin
1815 2588 488 100 Hofholdning,
2357 2573 398 118 Guarnison

921 2713 80 72 vg
1049 2690 262 92 Armee,
1363 2688 210 80 kunde
1607 2687 188 94 faaes
1825 2673 102 106 for
1963 2688 228 96 billigt,
2245 2690 168 94 samt
2443 2709 70 64 at
2531 2693 224 98 Hans

917 2787 380 86 Betientere
1327 2806 78 76 og
1437 2784 356 96 formedelst
1827 2783 422 97 Billigheden
2281 2790 20 76 i
2333 2788 242 83 Landet
2591 2793 132 80 kun-

917 2891 78 74 de
1025 2884 342 80 udkomme
1393 2889 143 76 med
1573 2901 78 60 en
1681 2882 323 96 maadelig
2033 2882 242 98 Gage,'
2315 2886 137 92 som
2489 2887 129 80 ikke
2638 2887 110 94 for

922 2998 218 78 meget
1169 2978 181 95 skulle
1382 2980 274 91 bebyrde
1684 2983 120 74 den
1840 2977 360 99 Kongelige
2232 2982 216 99 Casse,
2503 2959 111 118 saa
2632 2987 122 94 har

920 3077 174 98 Han
1136 3098 78 72 og
1250 3076 168 94 givet
1466 3076 192 81 Sine
1702 3075 382 84 Betientere
2124 3100 74 58 en
2232 3083 322 94 maadelig
2592 3085 126 84 Ga-

918 3193 96 78 ge,
1072 3194 80 72 og
1198 3178 230 74 derved
1506 3171 282 94 besparet
1836 3171 160 82 Sin
2052 3174 226 98 Casse,
2334 3176 284 90 saaledes
2672 3205 76 62 ar

918 3271 176 96 Han
1126 3268 124 80 ikke
1276 3270 320 92 behøvede
1642 3287 72 64 at
1758 3273 324 93 paalægge
2112 3276 160 92 store
2288 3272 334 103 Skatter,
2662 3303 86 74 og

916 3372 235 76 derved
1196 3364 119 90 har
1354 3364 221 95 truffet
1622 3389 77 58 en
1768 3365 195 96 herlig
2034 3370 249 96 Liighed
2352 3373 211 82 iblant
2596 3377 151 84 Sir

919 3463 190 102 Folk,
1161 3460 134 96 som
1339 3462 120 94 har
1507 3461 96 94 sat
1657 3483 82 78 og
1791 3463 180 96 holdt
2017 3470 146 80 dem
2209 3468 114 90 udi
2359 3470 386 103 Velstand;

2495 3589 152 62 men
