3102 4560
1300 463 102 76 16

1170 681 135 88 len,
1362 691 79 74 og
1490 665 309 85 Grenene
1842 658 297 98 opspiiles
2180 659 69 80 ril
2296 657 317 89 Muuren.
2720 664 215 88 Blom-

1169 799 200 94 sterne
1401 789 136 94 som
1575 786 252 80 komme
1857 782 182 93 tidlig
2085 777 164 98 frem
2297 801 104 58 om
2435 781 356 103 Foraaret,
2845 790 124 81 kan

1171 909 500 98 Nattefrosten,
1723 904 134 94 som
1891 906 214 75 endda
2135 907 346 93 vedvarer,
2533 906 174 94 suarr
2731 908 212 98 forder-

1173 1055 98 58 ve.
1373 1031 220 84 Dette
1653 1026 426 98 forebygges,
2135 1027 142 76 med
2331 1041 72 62 at
2443 1025 212 99 hænge
2697 1030 250 84 Dække-

1174 1175 114 60 ner
1328 1161 142 72 eller
1516 1147 222 81 Skjul
1788 1164 152 58 over
1987 1142 339 85 Greenene
2377 1145 149 98 hver
2557 1148 221 100 Aften,
2843 1152 127 94 som

1174 1275 382 92 Morgenen
1580 1270 166 92 iglen
1792 1264 304 99 aftages,
2152 1289 80 74 og
2274 1271 102 76 det
2416 1267 306 101 saalænge
2766 1272 204 90 Træet

1176 1395 378 92 blomstrer,
1612 1410 80 72 og
1724 1392 110 74 der
1860 1382 252 101 frygtes
2140 1387 102 96 for
2276 1387 390 105 Nattefrost.
2768 1394 202 90 Træet

1169 1518 213 75 taaler
1412 1511 50 78 ei
1492 1507 186 100 heller
1710 1508 102 96 for
1842 1508 178 98 stærk
2048 1509 240 98 Heede.
2390 1509 294 101 Plantes
2724 1522 224 81 desaar-

1175 1643 114 96 fag
1345 1633 156 94 saa,
1555 1646 74 64 at
1681 1636 104 76 det
1833 1636 236 76 vender
2123 1649 192 80 noget
2367 1655 168 61 meer
2563 1640 18 76 i
2617 1636 202 100 Østen
2861 1651 112 76 end

1175 1755 302 98 Vesten,
1533 1774 82 76 og
1645 1754 126 78 kan
1815 1756 176 94 miste
2021 1751 232 86 Solen
2299 1777 108 60 om
2455 1756 516 108 Eftermiddagen

1179 1875 120 86 Kl.
1345 1903 64 52 2.
1463 1897 76 60 rc.
2717 1934 30 74 ^

1378 2113 296 104 Jorden,
1716 2116 136 98 som
1886 2122 164 79 dette
2072 2116 204 115 Træer
2289 2119 125 101 skal
2444 2128 260 94 plantes
2730 2124 42 98 i,
2804 2144 176 65 maae

1180 2239 334 98 værested
1564 2262 80 74 og
1676 2246 166 92 god,
1900 2262 80 76 og
2022 2241 152 100 hver
2228 2263 102 74 ;re
2360 2245 148 84 Aar
2538 2248 120 96 ffal
2706 2254 118 76 den
2868 2257 110 76 ved

1182 2359 250 86 Roden
1460 2359 338 100 forbedres
1828 2368 144 76 med
1996 2363 488 100 velforraadnet
2526 2358 430 94 sammenblan-

1180 2489 109 76 det
1330 2483 287 99 Koe-og
1664 2482 457 102 Heste-Møg.
2228 2487 143 88 Da
2432 2493 115 81 bør
2607 2516 78 72 og
2745 2500 118 74 alle
2918 2501 67 74 de

1179 2611 248 94 øverste
1473 2605 302 99 Greene,
1829 2606 132 94 især
2005 2613 102 76 det
2145 2613 176 96 sidste
2361 2613 186 84 Aars
2575 2612 256 102 Skud,
2884 2607 75 105 af-

1185 2718 801 108 ikieeres,csaaforbedres
1511 2727 114 92 saa
1653 2728 334 98 forbedres
2025 2729 384 100 Frugterne.

1384 2965 206 105 Disse
1632 2966 658 104 TræersFormerelse
2335 2969 150 99 skeer
2516 2974 78 100 af
2628 2982 96 74 vel
2762 2980 232 79 modne

1186 3087 266 86 Steene
1484 3091 78 101 af
1594 3116 72 58 en
1698 3100 132 90 god
1860 3090 154 101 Art,
2066 3093 134 96 som
2216 3117 34 72 z
2272 3091 220 101 Dage
2518 3096 226 98 førend
2786 3104 74 74 de
2890 3098 78 95 set-

1188 3223 146 86 tes,
1400 3217 120 76 ved
1576 3212 302 86 Martini
1934 3212 200 93 Tider
2188 3217 320 82 udblødes
2554 3220 172 92 isød
2790 3218 200 97 Melk,

1186 3331 145 98 friff
1366 3333 187 82 Melk
1600 3336 155 96 hver
1788 3338 207 98 Dag.
2100 3335 131 88 De
2270 3357 155 78 voxe
2468 3342 251 94 gierne,
2776 3362 103 58 om
2926 3347 67 74 de

1191 3473 102 58 ere
1313 3459 98 74 vel
1437 3462 284 74 moedne.
1827 3460 214 84 Bære
2073 3481 78 78 og
2183 3467 142 74 med
2361 3457 214 90 Tiden
2603 3468 158 92 gode
2789 3462 180 98 Frug-

1197 3587 136 84 ter,
1385 3581 170 76 uden
1595 3592 84 66 at
1715 3586 206 90 podes
1965 3589 140 76 eller
2147 3583 306 82 okuleres.
2499 3592 150 76 2det
2675 3592 138 74 eller
2859 3608 32 68 3
2913 3585 84 78 bie

2759 3702 148 86 Aar

661 4233 213 118 r>
