2930 4538
1073 453 106 70 12

933 665 64 58 er
1037 649 282 90 udgaaet
1373 637 76 96 af
1477 639 242 84 Lander
1777 639 102 98 for
1915 637 346 98 fremmede
2293 633 280 98 Wahre,
2625 631 136 96 som

929 739 102 96 for
1067 745 182 76 deres
1301 737 246 92 Wahre
1573 737 210 84 kunde
1831 739 162 96 have
2027 733 308 96 forblevet
2393 735 18 76 i
2445 733 264 82 Lander.

1129 837 502 82 Landmændene
1675 845 142 72 eller
1849 835 536 98 Jordbrugerne,
2439 831 134 86 fom
2593 829 166 94 have

929 939 106 74 der
1063 933 200 80 Korn
1289 953 78 72 og
1433 939 72 72 de
1531 931 400 98 Fedevahre,
1989 931 312 94 hvormed
2321 935 72 72 de
2417 923 148 100 felv,
2618 923 110 92 saa-

927 1027 232 96 delsom
1207 1031 288 90 Kongen
1543 1049 80 74 og
1679 1031 358 94 Borgerne
2087 1027 122 96 stal
2249 1023 318 96 forsynes,
2629 1023 132 94 har

925 1133 100 74 vel
1051 1127 20 76 i
1115 1131 182 90 nogle
1349 1123 168 96 Aar,
1571 1125 100 92 for
1721 1125 253 93 saavidt
2017 1123 136 92 som
2191 1129 74 74 de
2301 1143 70 74 ey
2409 1121 120 92 har
2561 1131 200 68 værer

923 1227 264 92 plagede
1213 1227 144 76 med
1385 1219 416 100 Qvægsyge,
1855 1245 136 70 paa
2039 1227 120 74 den
2193 1239 142 60 eene
2359 1217 190 84 Side
2589 1231 142 66 vun-

921 1325 124 72 den
1065 1323 118 76 ved
1201 1323 116 76 den
1347 1319 668 96 værendeMangelog
2033 1317 300 96 Dyrrid,
2385 1319 18 76 i
2423 1323 100 74 der
2543 1321 72 76 de
2635 1315 126 94 har

920 1412 174 94 faaet
1113 1419 182 74 deres
1315 1415 384 92 overflødige
1719 1415 252 92 Wahre
1997 1413 110 90 saa
2153 1431 208 78 meget
2409 1417 232 90 høyere
2661 1413 72 78 be-

917 1517 200 88 ralre,
1189 1527 144 60 men
1369 1529 134 70 paa
1557 1513 118 74 den
1729 1517 216 72 anden
1993 1509 192 80 Side
2239 1511 122 90 har
2419 1515 74 72 de
2557 1511 146 78 tabt
2741 1509 22 80 i

915 1611 130 86 der,
1101 1621 70 62 ar
1201 1609 74 74 de
1319 1601 358 98 formedelst
1715 1611 118 74 den
1881 1603 190 94 deraf
2099 1603 102 96 for
2247 1611 122 74 den
2395 1605 366 96 Kongelige

917 1699 192 96 Casse
1147 1705 292 90 flydende
1467 1699 276 94 Byrde,
1801 1703 164 92 igien
2017 1703 120 92 har
2159 1717 290 63 maattet
2487 1725 80 72 og
2607 1711 122 76 end-

917 1819 94 56 nu
1043 1817 188 58 maae
1265 1797 202 76 betale
1523 1783 476 110 Exrraffacren,
2051 1797 114 92 saa
2197 1819 80 74 og
2323 1797 18 76 i
2375 1803 102 74 der
2521 1815 72 64 at
2633 1807 126 76 den

913 1889 246 94 fælleds
1193 1891 282 94 Næring
1513 1913 78 74 og
1623 1893 486 96 Importance,
2165 1895 136 90 som
2337 1895 186 92 ffulle
2543 1899 214 92 haves

915 1973 106 108 fra
1059 1989 510 92 Kiobstæderne,
1627 1997 228 74 derved
1901 2011 64 58 er
1997 1993 222 78 bleven
2253 1993 502 98 beffaarer;dog

917 2089 120 88 har
1065 2093 102 72 der
1203 2083 240 92 samme
1489 2083 190 96 ogsaa
1709 2081 422 104 foraarsager,
2199 2105 72 64 ar
2309 2089 448 100 Jordegodser

915 2203 64 60 er
1017 2185 202 94 stegen
1245 2183 18 78 i
1303 2181 256 80 dobbelt
1589 2189 144 74 eller
1769 2203 170 60 mere
1981 2191 122 74 end
2141 2185 258 82 dobbelt
2455 2185 114 92 saa
2619 2191 134 94 hoy

915 2299 80 60 en
1049 2279 198 98 Priis
1307 2279 132 92 som
1487 2275 268 100 forhen,
1827 2281 320 90 hvorover
2195 2305 74 56 ar
2323 2283 398 98 Jordegods-

913 2375 214 96 Eyere
1159 2397 104 74 og,
1315 2377 134 92 som
1477 2379 206 88 sidder
1717 2377 20 78 i
1773 2377 202 84 Gield
2007 2375 104 96 for
2145 2379 382 92 Godsernes
2574 2382 146 92 Kier-

911 2472 478 97 be-S«umma,«
1423 2473 162 78 vilde
1629 2475 250 80 komme
1909 2481 326 92 «lagrers,
2291 2499 172 58 naar
2505 2479 242 98 Prisen

911 2569 188 92 stulle
1153 2571 256 96 tvinges
1459 2577 142 74 eller
1633 2569 338 96 nedsættes
2019 2575 70 82 til
2125 2579 120 78 den
2285 2573 66 98 fa
2401 2595 64 64 m
2487 2599 56 76 e,
2607 2579 142 94 som

911 2665 242 96 forhen.

1111 2761 100 96 Af
1231 2767 92 74 alt
1347 2759 420 102 foregaaende
1793 2767 130 94 sees
1953 2771 106 76 det
2095 2775 114 88 da,
2265 2785 72 68 at
2373 2769 372 98 Mangelen

911 2863 122 84 har
1065 2854 397 99 foraarsaget
1503 2869 122 74 den
1667 2863 362 98 Kongelige
2073 2867 192 94 Casse
2303 2889 74 58 en
2431 2867 320 103 utaalelig3

905 2957 272 94 Byrde,
1235 2977 76 76 og
1341 2977 78 62 en
1461 2961 164 94 ulige
1657 2961 270 96 Fordeel
1963 2983 80 74 og
2075 2965 156 92 Tab
2279 2963 104 94 for
2427 2965 316 98 Borgere

907 3077 84 74 og
1039 3053 334 94 Bonder,
1427 3053 134 92 som
1607 3057 120 92 har
1783 3043 296 112 tilsidesat
2129 3059 400 98 Borgernes
2573 3065 166 82 Næ»

899 3153 342 86 ringsveye
1271 3171 78 70 og
1383 3169 194 64 været
1617 3153 256 98 Aarsag
1919 3159 72 76 til
2033 3177 120 70 nye
2187 3181 78 74 og
2311 3159 428 102 usædvanlige

903 3247 348 84 Skatters
1309 3237 326 108 Paalæg,
1693 3275 78 72 og
1827 3249 190 98 deraf
2063 3253 288 82 kommer
2405 3273 60 64 er
2501 3261 236 98 vigtigt

903 3345 488 92 Gporsmaal:
1445 3345 218 96 Hvad
1715 3365 186 68 enten
1955 3357 104 76 der
2107 3371 62 62 er
2227 3355 150 96 best,
2433 3371 72 64 ar
2535 3357 200 86 Kon»

899 3453 164 88 gens
1113 3439 228 100 Casse,
1403 3439 344 100 saavelsom
1791 3447 438 102 Borgernes,
2297 3459 156 78 eller
2497 3455 236 92 desom

2441 3549 190 100 ingen
