3068 4510
1149 642 310 94 standen,
1511 632 138 93 som
1695 631 72 80 til
1807 635 158 74 dato
1995 625 110 99 her
2133 626 22 78 i
2189 622 244 84 Landet
2479 625 50 78 ei
2549 623 122 96 har
2709 629 140 94 lagr
2877 631 90 95 sig

1151 760 158 94 efter
1337 764 204 72 denne
1587 753 248 94 nyttige
1871 771 82 72 og
1995 745 460 97 fordeelagtige
2481 743 174 100 Avl,
2711 769 82 76 og
2821 767 116 62 ven-

1149 884 150 92 telig
1337 879 187 102 mees
1557 873 80 98 af
1671 879 120 74 den
1833 865 304 97 Aarsag,
2191 880 72 66 ar
2311 870 74 76 de
2425 866 120 98 har
2593 885 166 64 troet
2801 873 54 76 ei
2899 886 70 66 at

1149 1002 293 96 forsaae
1481 1002 166 75 dens
1697 1007 158 66 rette
1897 989 379 97 Omgang,
2341 991 267 94 dernæst
2649 1005 72 64 at
2773 995 72 74 de
2889 1015 77 73 og

1156 1124 126 94 har
1310 1136 204 76 rroet,
1560 1131 74 62 at
1674 1119 112 76 der
1814 1131 126 60 var
1966 1109 334 97 formegen
2328 1108 536 101 Omstændighed
2888 1135 76 77 og

1152 1244 226 92 Konst
1432 1241 276 90 derved,
1782 1233 142 94 som
1972 1252 162 60 man
2182 1252 94 60 nu
2340 1232 128 80 kan
2516 1229 188 100 heraf
2742 1233 218 99 erfare,

1156 1382 72 62 ar
1264 1368 110 72 der
1404 1362 52 76 ei
1490 1373 110 80 er;
1678 1355 194 82 Man
1914 1355 128 80 kan
2086 1360 188 74 ellers
2312 1354 124 80 nok
2472 1351 86 94 see
2594 1353 116 96 hist
2742 1377 78 74 og
2862 1357 98 96 her

1158 1488 23 76 i
1212 1482 283 94 Landet,
1548 1493 75 64 at
1672 1479 223 96 Lysten
1948 1479 73 79 til
2054 1494 75 60 at
2176 1474 167 100 have
2388 1476 305 97 Humlen
2732 1497 63 60 er
2832 1481 129 93 der,

1155 1610 94 74 da
1299 1602 308 86 Bonden
1655 1605 122 74 ved
1841 1601 128 96 sine
2019 1598 288 84 Gierder
2361 1595 266 99 opelffer
2693 1595 268 103 Humle,

1159 1746 152 60 men
1377 1728 202 78 denne
1633 1719 232 100 saagot
1917 1719 138 96 som
2113 1722 168 80 vilde
2339 1718 258 100 Humle
2669 1737 64 64 er
2799 1721 166 80 kuns

1161 1852 226 94 ringe,
1441 1849 292 79 desuden
1777 1842 464 101 utilstrækkelig
2279 1848 156 76 mod
2471 1845 158 94 den,
2679 1841 130 96 som
2855 1861 82 62 av-

1163 1978 99 76 les
1297 1970 155 96 efter
1489 1974 201 76 denne
1721 1967 175 80 korte
1929 1963 455 99 AnviisningS
2413 1964 285 81 Maade.
2795 1961 169 100 Fliid

1166 2116 84 74 og
1296 2091 356 101 Flittighed
1700 2089 128 80 kan
1876 2091 190 78 inden
2120 2086 150 96 faae
2326 2086 152 86 Aar
2538 2087 214 98 giore,
2798 2101 68 64 at
2902 2086 64 78 vi

1164 2218 130 82 kan
1348 2216 182 96 spare
1576 2217 76 74 de
1696 2209 274 100 Penge,
2024 2208 136 96 som
2214 2210 68 78 vi
2324 2210 240 96 udgive
2618 2205 106 100 for
2778 2213 188 74 denne

1166 2348 84 70 os
1284 2335 402 94 nødvendige
1718 2331 222 100 Ting,
1989 2331 70 84 ja
2088 2330 122 94 selv
2242 2330 176 96 sælge
2458 2331 74 80 til
2560 2335 222 76 andre.
2856 2325 110 83 Vi

1166 2460 171 100 have
1360 2458 67 96 jo
1452 2454 343 101 Exempler
1830 2455 107 96 for
1972 2462 83 72 os
2084 2454 21 80 i
2134 2450 473 100 Fyhnboerne,
2660 2473 85 76 og
2780 2469 63 60 er
2870 2453 97 76 det

1169 2584 54 80 ei
1273 2602 78 60 en
1387 2578 252 84 Skam
1665 2577 106 100 for
1803 2587 122 88 os,
1987 2590 72 66 at
2093 2576 70 82 vi
2199 2576 112 94 saa
2351 2576 180 98 sildig
2561 2573 126 98 stal
2729 2573 240 80 komme

1169 2702 156 100 efter
1353 2704 20 78 i
1403 2706 208 91 dette,
1667 2701 50 80 ei
1751 2719 78 60 ar
1853 2703 128 76 tale
2007 2718 108 60 om
2145 2716 240 82 mange
2411 2701 206 80 andre
2647 2693 220 100 Ting,
2901 2692 66 80 vi

1167 2844 100 62 ere
1309 2826 240 96 tilbage
1587 2827 146 80 med
1773 2825 176 80 imod
1979 2825 162 79 dem.
