2888 4500
1627 471 112 94 35

59 659 300 102 Udgifter,
415 677 168 66 naar
635 663 120 76 den
801 651 184 100 stulle
1035 655 162 84 blive
1245 657 496 106 uindstrænket,
1815 667 72 82 es

57 765 196 80 kunde
285 765 292 94 bestrides
609 761 140 74 med
781 775 150 76 egne
967 753 276 102 Midler,
1301 781 80 74 og
1413 757 212 98 derfor
1671 761 198 98 ogsaa

53 863 202 78 kunde
295 863 282 94 behøves
609 873 74 60 en
713 851 270 100 Capital
1019 853 64 80 til
1121 855 250 100 Laans,
1417 855 282 94 saasom:
1757 877 114 64 om

49 959 500 98 Bygningerne,
601 951 130 94 som
759 973 156 58 vare
947 957 398 96 nødvendige
1399 959 70 78 til
1523 957 316 96 Stiftnin-

51 1069 164 84 gens
255 1057 254 94 Brug,
561 1047 584 122 afbrændte,Zeller
1187 1059 212 76 anden
1427 1055 112 98 stig
1573 1053 264 96 uforme-

53 1153 232 96 dentlig
55 1155 232 96 dentlig
311 1151 306 98 Tilfælde,
671 1147 132 94 som
863 1145 380 94 udfordrede
1281 1149 160 100 store
1481 1153 390 102 Depencer,

55 1255 250 94 indløb,
361 1273 144 60 men
537 1251 182 78 bedre
753 1247 142 80 blev
925 1251 104 76 der
1063 1255 114 90 da,
1231 1267 70 64 at
1328 1251 373 96 indskrænke
1735 1259 104 82 Ud-

57 1349 280 100 gifterne,
395 1355 114 76 end
539 1347 134 92 som
711 1363 72 62 at
799 1351 210 90 laerne,
1063 1343 246 94 saasom
1343 1369 70 60 at
1427 1347 254 102 afskaffe
1701 1353 146 84 Sti-

59 1451 276 92 pendier,
389 1445 262 100 Fattige
679 1439 296 96 Almisser
1009 1461 80 74 og
1125 1445 256 94 deslige,
1439 1469 78 74 og
1553 1453 102 76 det
1693 1457 154 76 aller-

67 1549 160 94 beste
253 1555 140 72 eller
421 1551 122 74 den
559 1543 158 92 beste
739 1539 432 98 Oecvnvmie,
1237 1539 136 96 som
1411 1543 124 82 kan
1547 1543 178 94 føres
1755 1557 124 80 ved

55 1645 334 94 saadanne
405 1637 364 96 Stiftelser,
825 1655 64 58 er
911 1655 78 74 og
1011 1637 218 96 bliver,
1283 1639 324 100 bestandig
1623 1663 74 64 at
1717 1645 136 84 kun-

59 1751 80 76 de
173 1739 256 92 udsætte
479 1741 144 90 flere
671 1755 80 72 og
793 1737 144 90 flere
989 1731 232 98 Penge
1261 1755 134 72 paa
1441 1737 252 102 Rente,
1743 1745 140 90 som

57 1843 274 92 omsider
349 1831 444 94 tilveiebringer
821 1849 74 58 en
931 1829 256 94 anseelig
1209 1829 270 98 Capital
1497 1845 140 72 eller
1659 1839 222 98 Fond.

257 1933 258 100 Privat
563 1929 172 82 Laan
769 1945 78 76 og
897 1925 198 82 Gield
1143 1929 216 92 giøres
1405 1933 18 78 i
1471 1953 236 80 mange
1741 1937 110 90 Til-

61 2031 180 98 fælde
283 2055 80 72 og
403 2033 68 76 til
503 2025 296 98 adstillige
843 2021 242 100 Slags
1113 2029 240 96 Brug,
1409 2053 78 76 og
1529 2033 126 80 kan
1689 2037 20 78 i
1731 2039 146 98 visse

65 2133 298 82 Maader
395 2147 162 60 være
587 2137 198 82 meget
813 2119 440 100 fordeelagrig,
1307 2147 148 62 men
1491 2131 18 78 i
1527 2141 202 74 andre
1747 2157 100 60 me-

65 2249 106 80 get
207 2227 250 98 stadelig
493 2247 74 74 og
595 2223 66 78 til
691 2225 122 92 stor
847 2217 154 90 Tab
1043 2243 80 76 og
1171 2221 222 98 Ruin,
1449 2229 300 96 hvorfore
1793 2259 82 74 og

67 2327 252 94 enhver,
371 2319 418 96 omendstiont
819 2323 116 76 den
971 2323 278 90 behøver
1289 2323 232 100 Penge
1541 2330 65 78 til
1627 2331 244 100 Brug,

69 2445 190 62 maae
291 2427 94 76 vel
443 2417 264 82 betænke
747 2419 88 92 sig
875 2439 78 74 og
981 2415 318 102 fornuftig
1343 2431 366 96 overlægge,
1761 2453 112 62 om

69 2529 144 88 den,
263 2527 114 74 ved
407 2535 66 64 at
503 2525 184 72 laane
721 2515 70 80 til
825 2521 102 74 det
953 2515 242 92 samme
1249 2519 238 102 Brug,
1543 2527 124 82 kan
1703 2529 174 98 hoste

71 2641 198 76 nogen
297 2619 208 96 Frugt
531 2623 136 74 eller
703 2610 230 98 tilskue-3
981 2633 192 80 noget
1207 2615 194 100 Tab,
1459 2643 80 78 og
1575 2635 122 76 den
1735 2635 108 78 der-

69 2717 78 94 af
189 2719 258 94 omsider
489 2713 286 96 følgende
821 2713 472 102 Ødelæggelse,
1365 2725 124 94 dog
1537 2721 124 86 kan
1713 2747 164 64 man

65 2817 124 80 ikke
221 2823 116 72 alle
365 2813 190 88 Tider
579 2803 196 104 forud
809 2809 82 94 see
915 2811 342 102 Følgerne,
1315 2837 78 78 og
1421 2827 74 78 de
1517 2825 164 94 fleste
1697 2823 184 88 Laan

65 2915 126 80 kan
225 2915 208 96 giøres
465 2933 16 56 t
511 2929 56 62 et
593 2927 114 82 got
739 2909 212 98 Haab
989 2935 108 56 om
1129 2913 314 100 Fordelen
1477 2921 76 90 af
1575 2921 304 102 Brugen

71 3033 83 74 og
183 3017 96 76 der
309 3009 256 96 Udfald,
619 3009 130 92 som
801 2997 356 112 formedelst
1213 3017 288 88 variable
1529 3015 290 102 Tilfælde
1855 3025 24 82 i

69 3109 268 98 Handel
367 3131 76 74 og
477 3109 282 82 Vandel
791 3107 124 82 kan
953 3111 166 82 blive
1143 3111 174 94 slette
1353 3135 80 76 og
1469 3137 206 80 meget
1699 3119 148 100 ufor-

67 3207 352 94 deelagtige,
467 3205 270 94 saasom:

265 3303 112 84 En
405 3303 380 88 Kiobmand
825 3311 88 80 vil
963 3309 178 84 drive
1199 3327 74 62 en
1303 3309 126 98 stor
1485 3309 274 104 Handel
1793 3339 84 78 og

69 3405 178 92 langt
279 3405 218 94 større,
555 3411 114 72 end
697 3403 130 94 som
875 3411 132 92 han
1045 3409 120 92 selv
1209 3409 118 92 har
1361 3411 254 84 Midler
1641 3419 94 94 til,
1793 3439 82 74 og

73 3519 160 64 naar
263 3503 128 96 han
421 3521 64 64 er
515 3523 74 62 en
617 3499 310 106 fornuftig
967 3529 82 76 og
1081 3505 324 102 stræbsom
1433 3513 262 94 Mand,
1749 3513 132 82 kan

929 3605 66 84 C
1047 3631 42 52 2
1643 3613 134 94 han
