2841 4580
144 687 128 85 det,
326 698 78 78 og
438 692 166 64 kroer
632 672 272 92 snarere,
958 687 72 64 ar
1064 675 146 78 rede
1244 667 236 103 Penge
1506 664 200 90 bliver
1744 672 218 96 affor«

136 778 259 92 anførte
432 774 321 96 Aarsager
780 769 267 96 udførte
1082 767 103 96 for
1210 783 77 62 at
1318 765 355 101 forbruges
1708 772 21 76 i
1754 772 205 96 Han«

135 881 198 91 delen,
389 880 140 72 eller
559 876 260 76 dermed
871 883 72 66 at
983 869 204 80 betale
1247 865 380 96 indførende
1679 866 280 100 Wahre,

133 972 248 93 saassm
427 972 70 78 til
547 966 352 98 Østersøen
947 963 102 96 for
1097 967 204 96 Hør,
1355 967 246 97 Hamp
1649 986 82 74 og
1757 974 204 76 ander

135 1075 182 94 stigt,
389 1070 72 78 til
513 1068 326 96 Spanien
885 1071 144 74 eller
1075 1061 258 100 Indien
1385 1063 104 95 for
1541 1072 78 72 de
1677 1062 278 98 Wahre,

139 1167 132 94 som
307 1166 212 94 derfra
545 1166 246 96 hentes,
847 1185 78 74 og
953 1167 204 74 endeel
1185 1161 66 80 til
1270 1159 375 99 Tydskland
1673 1156 100 98 for
1795 1160 136 84 Sil-

137 1267 408 95 kestrømper,
599 1262 322 93 Silkerøy
977 1281 78 74 og
1099 1259 254 98 Klæde,
1407 1263 132 89 som
1571 1260 212 94 derfra
1819 1262 110 80 ind-

139 1362 405 98 prakriceres,
599 1366 119 76 end
753 1358 135 94 som
917 1363 77 74 de
1041 1355 271 94 udføres
1351 1357 103 94 for
1481 1374 71 64 at
1579 1358 211 94 sættes
1823 1380 137 72 paa

140 1459 268 95 Rence;
462 1468 126 88 dog
640 1464 152 74 veed
820 1456 100 95 jeg
968 1459 150 92 vel,
1174 1471 72 60 at
1304 1476 234 74 mange
1572 1478 78 74 og
1682 1460 74 76 de
1790 1460 170 92 fleste

144 1558 344 92 raisonerer
528 1560 404 87 anderledes,
988 1571 146 58 mm
1156 1551 100 96 jeg
1286 1553 126 80 kan
1438 1552 124 80 ikke
1596 1548 366 96 bifaldeden

140 1656 326 94 Mening;
522 1672 78 76 og
644 1658 104 74 det
774 1668 120 60 var
928 1645 206 94 derfor
1164 1665 72 60 at
1278 1649 198 97 vnffe,
1530 1664 72 64 at
1638 1670 210 74 nogen
1864 1666 98 64 ret

140 1755 144 79 ville
320 1756 198 86 lægge
566 1748 262 94 Haand
880 1765 132 72 paa
1062 1751 160 88 gode
1272 1767 78 74 og
1396 1748 240 94 nyttige
1676 1746 258 96 Indret-

138 1853 222 91 ninger
400 1846 20 78 i
450 1844 238 82 Lander
718 1864 78 72 og
822 1861 132 70 paa
982 1859 70 60 at
1080 1837 286 96 befordre
1398 1850 120 72 alle
1534 1848 202 74 andre
1754 1842 204 98 Dng,

132 1945 139 94 som
326 1942 211 80 kunde
582 1958 165 60 være
782 1940 67 76 til
880 1941 245 74 andres
1172 1935 259 99 Nytte;
1508 1938 289 98 Kongen
1836 1942 125 94 har

133 2049 102 74 vel
271 2040 180 82 dertil
477 2038 20 78 i
527 2056 232 76 mange
801 2034 298 85 Maader
1133 2037 308 78 animeret
1475 2034 194 84 Sine
1705 2040 220 78 Under-

137 2139 244 94 faatter
441 2156 78 76 og
561 2134 268 94 forundt
873 2139 144 74 dem
1070 2130 306 96 adskillige
1421 2132 326 100 Friheder,
1803 2158 152 60 men

137 2237 134 94 som
305 2236 278 94 Kongen
619 2232 140 92 justz
777 2229 124 81 ikke
939 2231 124 78 kan
1093 2231 142 78 vide
1283 2231 470 97 Anlæggernes
1803 2234 120 84 Be-

143 2330 372 100 skaffenhed,
569 2328 434 97 Bekostning,
1037 2349 78 74 og
1161 2327 336 92 hvorledes
1531 2328 238 92 samme
1803 2340 148 76 med

141 2428 564 103 Fordeelagtighed
739 2426 126 80 kan
907 2427 246 94 bruges
1193 2427 210 80 baade
1447 2424 102 94 for
1583 2428 338 98 Anlægger-

137 2551 79 58 ne
241 2528 123 92 selv
409 2548 79 72 og
545 2532 105 74 det
687 2524 445 95 Almindelige,
1183 2521 111 94 saa
1333 2525 119 90 har
1499 2534 103 72 det
1641 2542 197 62 været
1867 2548 83 76 og

142 2627 198 80 bliver
370 2624 270 94 enhvers
690 2642 146 76 egen
880 2621 178 94 Sag
1108 2637 72 66 at
1232 2623 172 96 giøre
1436 2620 326 92 saadanne
1808 2622 112 84 An-

136 2729 140 91 læg,
326 2720 130 94 som
484 2720 124 80 kan
638 2738 166 60 være
822 2726 118 73 den
956 2721 210 94 nyttig
1198 2741 78 74 og
1294 2717 438 101 fordeelagrig,
1756 2721 161 95 hvor-

132 2821 132 93 fore
300 2840 76 76 og
398 2824 110 90 de,
526 2816 134 94 som
688 2820 118 92 har
840 2819 164 94 giorr
1038 2817 328 94 saadanne
1428 2816 332 100 Anlægge,
1812 2818 138 94 som

130 2941 52 58 et
208 2919 124 79 fan
374 2916 414 94 tilveiebringe
818 2937 204 74 nogen
1058 2913 298 98 Fordeel,
1410 2924 142 72 eller
1566 2938 78 74 og
1662 2918 286 88 hvorved

134 3017 210 95 tabes,
400 3014 116 98 har
548 3016 90 96 sig
668 3012 122 94 selv
818 3031 72 64 at
922 3013 180 80 rakke
1134 3011 104 94 for
1280 3017 230 78 derved
1564 3012 168 98 hafte
1750 3012 172 86 Ska-

130 3119 91 74 de.

325 3206 184 82 Man
557 3206 124 80 kan
729 3212 86 76 da
851 3211 98 76 vel
979 3205 86 92 see
1101 3207 176 96 hvad
1319 3207 132 94 som
1499 3228 60 58 er
1619 3208 208 94 tienlig
1869 3228 82 76 og

133 3306 234 94 nyttig,
421 3324 140 58 men
627 3310 102 74 det
761 3324 62 58 er
873 3305 260 96 Sagen
1181 3327 108 56 om
1319 3325 72 62 ar
1423 3304 146 94 faae
1613 3312 102 74 det
1747 3300 178 98 befor-

131 3411 162 72 drer.
447 3400 276 96 Kongen
763 3404 118 92 har
919 3411 86 72 da
1039 3425 78 74 og
1163 3401 226 92 befalet
1435 3424 234 74 mange
1705 3402 250 94 nyttige

131 3499 178 97 Ting
369 3500 120 78 ved
541 3496 204 82 Loven
799 3522 80 77 og
929 3507 202 74 andre
1175 3497 484 99 Anordninger,
1709 3498 248 94 saasom

1725 3594 128 92 for-
