2827 4580
1719 495 110 68 21

135 689 130 94 just
341 685 188 98 ingen
585 677 528 98 Nødvendighed
1177 695 74 62 ar
1319 677 232 98 udfore
1603 679 360 100 Ducarer,

135 775 502 104 Solvmyndrér
681 787 140 78 eller
851 777 214 92 smaae
1097 775 422 100 Comamer,
1557 773 104 102 for
1693 797 72 60 ar
1795 781 168 88 færre

131 887 144 76 dem
315 903 132 70 paa
471 879 244 96 Rente,
749 883 142 74 eller
925 871 100 98 for
1077 891 70 62 ar
1193 871 200 102 bruge
1427 881 146 76 dem
1627 877 20 76 i
1681 875 252 96 Hande-

129 985 124 92 len,
303 977 168 96 fordi
505 997 158 60 man
709 977 128 80 kan
875 975 202 78 betale
1105 971 252 98 Wahre
1409 981 144 74 med
1585 971 256 96 Wahre
1881 979 52 76 el-

129 1085 86 72 ler
251 1083 142 76 med
433 1075 302 96 Wexeler,
763 1095 78 74 og
871 1071 168 96 færre
1073 1069 234 100 Penge
1333 1093 134 76 paa
1505 1071 224 84 Rente
1763 1069 16 78 i
1795 1069 136 82 Lan-

127 1179 132 92 der,
313 1181 124 90 dog
469 1175 126 78 kan
623 1179 106 74 der
759 1181 96 70 vel
895 1189 190 72 være,
1139 1187 70 62 ar
1243 1177 120 74 den
1399 1169 132 92 som
1567 1167 284 82 rilkiober
1867 1171 92 92 sig

125 1271 252 90 Wahre
407 1293 130 74 paa
573 1269 418 92 udenlandste
1027 1267 314 96 Sræder,
1397 1269 126 80 kan
1567 1271 162 90 have
1757 1267 202 94 større

125 1367 268 98 Fordeel
425 1375 118 74 ved
577 1383 72 64 ar
669 1371 200 76 betale
899 1349 240 110 famme
1167 1375 144 70 med
1345 1371 144 76 rede
1515 1363 262 100 Penge,
1833 1371 124 76 end

125 1467 138 92 som
295 1469 144 78 med
487 1471 206 74 andre
739 1463 256 94 Wahre
1039 1469 142 70 eller
1239 1463 290 96 Wexler,
1587 1485 78 72 og
1713 1479 70 62 ar
1823 1463 134 92 han

127 1569 122 74 ved
287 1577 82 66 at'
395 1561 284 90 indsærre
715 1581 74 58 en
831 1557 272 95 Capital
1139 1561 20 74 i
1191 1563 72 76 de
1299 1559 418 94 udenlandste
1747 1559 180 82 Ban-

131 1677 186 78 qver,
375 1659 126 80 kan
547 1659 168 92 høste
753 1659 196 94 større
989 1651 268 98 Fordeel
1287 1657 204 94 deraf,
1547 1665 118 70 end
1687 1655 130 92 som
1837 1661 120 78 ved

121 1771 74 64 at
225 1753 162 94 færre
443 1753 240 90 samme
743 1773 132 70 paa
931 1751 220 82 Renre
1183 1753 18 76 i
1229 1751 242 82 Lander
1507 1761 142 70 eller
1679 1759 108 72 der
1821 1775 136 72 paa

119 1855 216 76 anden
377 1849 262 82 Maade
673 1863 72 62 ar
813 1849 198 92 bruge
1053 1846 386 96 Samtaler-,-
1479 1847 170 94 fordi
1681 1849 246 92 saadan-

117 1967 84 60 ne
243 1945 236 114 Penge
511 1965 128 74 paa
667 1949 72 72 de
777 1943 418 94 udenlandste
1214 1942 289 83 Stræder
1533 1965 94 60 ere
1659 1965 168 60 mere
1849 1947 74 78 be-

121 2045 252 96 gierlige
409 2049 116 74 end
559 2039 128 96 som
729 2037 252 98 Wexler
1025 2047 142 72 eller
1193 2041 274 98 Wahre,
1527 2065 76 74 og
1639 2043 126 80 kan
1795 2045 122 78 bru-

115 2151 116 86 ges
269 2147 144 76 med
451 2139 288 98 Fordeel,
795 2159 144 56 men
969 2137 132 90 som
1139 2145 104 74 der
1275 2161 64 58 er
1367 2139 240 84 Lander
1633 2141 16 80 i
1689 2139 228 84 Almin-

113 2239 286 96 delighed
411 2239 84 80 .ril
527 2233 150 90 Tab
719 2257 78 74 og
831 2233 274 96 Skade,
1159 2253 72 64 ar
1265 2243 146 75 dets
1459 2239 332 92 Myndrer
1825 2243 90 78 ud-

113 2333 180 94 føres
325 2357 78 76 og
441 2349 262 74 derover
741 2353 186 60 maae
965 2331 238 90 savnes
1233 2333 212 92 saavel
1483 2341 70 74 ril
1585 2337 358 96 indbyrdes

113 2433 240 96 Brug,
407 2431 130 92 som
575 2433 70 80 ril
679 2429 216 98 Brug
945 2431 20 78 i
1005 2431 512 94 paakommende
1551 2431 290 92 Tilfælde
1873 2431 84 100 af

111 2529 196 96 Krig,
365 2527 266 96 hvorfor
679 2535 100 74 der
819 2549 78 74 og
931 2549 62 58 er
1045 2525 320 94 forbuden
1411 2537 206 74 under
1657 2531 253 98 Capita-

106 2625 515 100 lensorlisog
277 2625 218 100 Forlis
533 2649 78 72 og
643 2623 234 107 Straf
917 2623 152 94 efter
1105 2625 706 102 Omstændighederne,
1865 2647 74 64 ar

107 2725 228 98 udføre
365 2731 142 74 rede
555 2725 246 98 Penge
845 2719 78 96 af
957 2723 250 96 Niger,
1261 2707 106 110 faa
1407 2729 202 78 burde
1645 2729 192 96 ingen
1869 2731 72 78 ril

103 2821 280 84 Landers
415 2823 394 94 almindelige
847 2819 156 90 Tab
1039 2817 232 96 udføre
1307 2829 140 76 rede
1477 2823 260 100 Penge,
1797 2847 106 58 om-

101 2921 318 96 endstiønt
447 2921 130 94 han
619 2919 178 94 deraf
823 2917 116 94 selv
975 2919 212 82 kunde
1227 2921 168 96 hoste
1419 2943 208 74 nogen
1645 2923 286 98 Fordeel.

296 3015 172 86 Ved
510 3023 164 85 dette
711 3013 422 102 foregaaende
1191 3019 152 96 viste
1381 3019 100 96 jeg
1519 3025 110 90 da,
1683 3037 70 62 ar
1787 3029 148 74 rede

103 3113 230 98 Penge
371 3115 274 94 udføres
689 3111 104 96 for
849 3135 72 60 ar
961 3115 246 96 bruges
1251 3117 22 76 i
1303 3115 352 98 Handelen
1683 3125 140 82 ester
1853 3137 78 64 ar

101 3211 208 94 sættes
343 3233 130 72 paa
505 3213 242 94 Rente,
789 3211 166 96 fordi
997 3217 76 76 de
1107 3233 96 58 ere
1253 3233 168 60 mere
1453 3213 322 98 begierlige
1807 3225 124 78 end

99 3293 138 110 som
265 3307 224 102 danske
523 3309 272 98 Wahre,
855 3313 312 94 hvormed
1209 3317 198 74 andre
1439 3311 252 96 Wahre
1723 3315 208 82 burde

99 3425 81 75 og
225 3405 208 80 kunde
483 3407 238 80 betales
767 3429 134 76 paa
947 3415 74 78 de
1071 3407 286 84 Sræder
1411 3409 162 94 hvor
1607 3409 322 98 Pengene

99 3501 330 102 henføres,
461 3513 109 100 og
595 3503 178 100 deraf
795 3505 202 102 falder
1037 3511 102 76 der
1175 3505 478 94 Sporsmaal:
1705 3509 220 98 Hvad

987 3603 90 90 B
1135 3627 36 74 z
1757 3625 66 60 er
