2931 4640
1718 498 116 90 41

166 693 280 80 arbeides
488 714 78 74 og
610 692 334 80 overlades
1010 687 66 78 ril
1116 685 324 94 saadanne
1488 684 252 100 Priser,
1796 710 72 62 at
1900 698 74 76 de

166 791 120 78 kan
314 786 268 96 afsættes
616 790 64 80 til
722 788 404 98 Fremmede,
1180 783 160 82 blive
1370 793 72 70 de
1472 786 110 92 saa
1618 804 206 78 meget
1844 812 100 58 me-

158 909 67 58 re
248 885 477 99 fordeelagtige,
792 886 21 78 i
860 890 101 74 det
1008 881 233 100 Penge
1280 881 209 94 derfor
1542 886 385 94 indbringes
1952 888 25 78 L

157 985 276 97 Lander;
487 1006 144 60 men
665 1004 166 60 naar
865 988 72 76 de
969 981 282 96 urettelig
1283 991 322 87 anlægges
1625 1004 80 74 og
1731 980 246 96 derfore

161 1083 54 78 ei
245 1083 122 80 kan
413 1084 236 96 bruges
677 1082 306 92 saaledes,
1037 1099 70 62 ar
1145 1085 72 76 de
1247 1079 276 97 Bahre,
1573 1078 132 96 som
1731 1088 246 88 derpaa

157 1177 440 101 forarbejdes,
663 1180 126 82 kan
843 1182 172 96 finde
1059 1199 206 76 nogen
1311 1177 268 95 Afsats,
1667 1176 212 98 fordi'
1901 1186 78 74 de

159 1295 188 64 enten
381 1280 124 80 ikke
543 1302 62 58 er
635 1280 76 98 af
733 1284 120 78 den
887 1277 288 84 Boniter
1205 1283 140 72 eller
1379 1277 124 81 kan
1535 1276 214 98 sælges
1769 1278 68 80 til
1857 1282 124 76 den

165 1377 184 96 Pris
397 1380 132 92 som
575 1374 344 98 fremmede
981 1373 286 96 Bahre,
1343 1395 94 58 ere
1485 1380 74 76 de
1605 1374 242 84 Lander
1907 1374 72 80 til

169 1475 179 98 Tab,
411 1474 161 98 først
601 1474 169 96 fordr
835 1472 421 93 Anlæggerne
1312 1473 282 79 arbeider
1623 1470 357 100 forgieves,

170 1593 86 75 og
286 1574 182 80 taber
502 1578 182 76 deres
716 1578 244 86 derpaa
1002 1571 320 76 anvendte
1368 1569 358 95 Capiraler,
1782 1590 78 74 og
1880 1568 104 94 for

168 1677 112 74 der
304 1676 238 90 andet,
626 1666 170 96 fordi
884 1670 118 75 den
1048 1663 304 96 Skilling
1428 1686 78 74 og
1558 1672 118 74 den
1724 1664 260 100 Profit,

170 1769 136 94 som
340 1772 232 74 derved
610 1774 296 70 attraaes
934 1779 70 62 at
1034 1763 252 92 vindes,
1342 1769 290 85 udgaaer
1662 1760 102 96 for
1800 1760 162 96 frem-

176 1871 180 74 mede
396 1862 288 92 Bahre,
774 1860 132 90 som
970 1877 186 58 maae
1230 1857 318 93 anffasses
1592 1882 80 74 og
1726 1860 262 96 bruges.

168 1963 194 80 Man
392 1956 118 94 seer
544 1954 238 100 derfore
816 1954 435 96 fornemmelig
1286 1957 116 86 hen
1434 1957 93 97 ril,
1582 1976 108 58 om
1728 1956 235 100 Anlæg-

173 2075 108 80 get
315 2078 80 74 og
417 2056 288 96 Brugen
737 2054 124 78 kan
897 2051 218 96 giores
1159 2071 78 72 og
1265 2049 120 93 skee
1413 2051 314 97 saaledes,
1783 2072 72 62 at
1871 2058 118 92 lige

169 2157 292 84 Boniter
495 2176 76 74 og
607 2152 174 98 Pris
807 2155 144 75 med
981 2145 338 94 fremmede
1337 2148 252 96 Bahre
1615 2150 126 80 kan
1761 2150 226 100 skaffes

171 2277 90 74 og
309 2255 258 91 holdes;
619 2250 88 92 thi
753 2268 166 60 naar
971 2244 429 93 saadant-ikke
1279 2247 122 78 ikke
1433 2247 126 79 kan
1591 2248 148 96 ffee,
1793 2270 192 62 maae

171 2351 342 93 Anlægger
547 2348 180 92 heller
757 2350 182 76 lades
969 2349 118 74 end
1147 2339 132 92 som
1307 2347 234 94 giøres.

363 2446 68 98 I
491 2444 502 96 Almindelighed
1037 2437 346 98 udfordres
1425 2439 102 96 for
1589 2450 122 76 alle
1747 2444 208 100 Fabri-

175 2549 253 80 kanrere
459 2564 75 60 en
563 2546 127 94 stor
725 2539 439 85 Moderation
1213 2561 79 74 og
1349 2539 339 97 Billighed
1725 2564 135 72 paa
1887 2548 99 78 alt

170 2647 182 90 hvad
372 2642 134 96 som
534 2646 72 74 de
636 2640 228 94 bruge,
916 2635 358 98 forarbeide
1296 2659 76 74 og
1388 2637 272 97 fortære,
1718 2662 78 74 og
1818 2660 168 62 naar

174 2745 240 92 samme
448 2740 48 78 ei
520 2738 124 82 kan
678 2740 228 94 haves,
960 2735 128 80 kan
1120 2739 74 76 de
1222 2737 204 98 aldrig
1464 2736 194 84 rænke
1686 2738 76 80 til
1784 2756 72 62 at
1890 2760 66 58 re-

174 2841 194 96 ussere
400 2840 20 76 i
448 2844 176 74 deres
666 2836 256 92 Anlæg,
974 2831 168 96 fordi
1180 2839 74 72 de
1294 2833 124 90 ikke
1446 2837 126 79 kan
1604 2836 180 94 holde
1806 2836 182 98 Pris

172 2945 146 74 med
376 2936 196 80 andre
622 2956 78 76 og
740 2932 206 96 derfor
996 2931 130 80 bør
1178 2929 436 98 Fabriqverne
1662 2938 326 94 anlægges

174 3059 134 70 paa
356 3038 72 78 de
458 3034 408 94 allerbilligfte
896 3032 288 81 Sræder
1220 3031 18 74 i
1270 3029 264 95 Lander,
1592 3030 160 94 hvor
1796 3036 190 78 derer

178 3131 301 94 Fvrraad
512 3152 75 74 og
624 3148 111 78 gor
786 3129 187 83 Kiob
1018 3147 133 78 paa
1184 3127 521 99 Levnetsmidler,
1758 3126 109 94 saa
1906 3152 83 76 og

181 3227 246 95 Bahre
457 3224 100 94 fra
593 3226 188 98 første
819 3228 262 96 Haand
1111 3241 72 62 ar
1209 3221 144 92 faae
1383 3227 70 78 ril
1503 3224 486 98 Forarbeidelse.

379 3322 434 98 Kiobenhavn
845 3346 62 60 er
953 3345 78 58 en
1083 3317 78 94 af
1199 3329 72 74 de
1305 3323 500 98 ubeqvemmeste
1841 3334 146 72 eller

181 3421 234 95 mindst
451 3420 436 100 fordeelagtige
943 3421 290 82 Stæder
1277 3421 18 74 i
1347 3419 376 86 Danmark
1757 3422 66 78 ril
1854 3422 107 95 Fa-

181 3518 295 101 briqoers
509 3518 258 100 Anlæg,
829 3519 166 99 fordi
1085 3515 254 86 Tolden
1389 3539 82 75 og
1527 3518 466 96 Consumpcio«

1053 3611 68 86 C
1175 3635 34 72 5
1771 3636 124 68 nen
