2783 4511
1785 462 58 88 5

142 658 166 92 fom:
398 655 70 96 i)
522 651 330 93 Kongen,
924 643 134 88 som
1070 641 274 114 ^holder
1400 641 284 84 Landets
1726 638 254 96 fælleds

132 752 220 98 Casse,
406 773 78 74 og
516 749 172 96 giver
726 742 162 86 Love
914 725 102 104 for
1052 735 228 100 Folket
1322 744 68 78 til
1408 747 184 76 deres
1616 742 360 92 indbyrdes

136 850 151 82 Vel
320 858 143 72 eller
514 853 103 74 det
672 837 401 94 almindelige
1134 834 229 100 Beste.
1516 839 79 98 2)
1646 838 137 88 De
1836 838 139 90 fom

139 946 298 100 Kongen
469 947 198 92 sætter
705 944 68 78 til
805 954 68 64 at
911 937 180 92 hvide
1123 950 154 64 over
1313 936 268 101 Lovene,
1641 954 72 64 at
1749 939 228 77 uddele

139 1044 281 95 Retten,
465 1055 99 82 log
617 1058 74 62 at
719 1056 166 62 være
931 1033 158 96 ham
1129 1032 68 80 til
1251 1034 302 99 Peneste.
1713 1034 73 96 3)
1837 1034 138 85 De

134 1142 136 92 som
324 1147 142 76 med
502 1142 364 92 Mængden
906 1153 80 74 og
1018 1129 296 97 Magten
1352 1134 122 95 stal
1504 1131 284 100 forsvare
1820 1132 126 98 Fol-

134 1240 98 80 ket
286 1236 102 94 for
438 1236 350 96 Overfald.
892 1229 78 96 4)
1026 1229 416 96 Handlende.
1552 1233 72 100 5)
1680 1232 264 88 Haand-

134 1338 433 81 værksmænd
618 1356 81 76 og
740 1332 73 96 6)
868 1327 499 99 Jordbrugere;
1422 1353 81 76 og
1560 1322 257 97 som'de
1854 1335 121 87 zde

133 1430 194 98 forste
363 1433 246 98 Classer
645 1450 190 62 maae
869 1425 238 94 udgive
1133 1425 390 98 Skillingen
1559 1411 102 108 for
1709 1436 92 72 alt
1843 1436 130 85 det,

133 1530 136 92 som
313 1532 288 93 behøves
649 1530 74 78 til
777 1523 532 95 Underholdning
1361 1546 80 75 og
1476 1525 271 95 Brug-—
1779 1546 80 72 og
1891 1528 56 73 le-

138 1650 114 56 ver
280 1626 76 94 af
390 1635 120 72 den
557 1627 163 88 hare
765 1618 347 95 Skilling,
1167 1618 135 90 som
1347 1618 189 92 faaes
1588 1621 74 95 af
1693 1622 289 82 Landets

134 1722 248 92 fælleds
436 1721 232 96 Casse,
726 1724 120 74 den
892 1721 128 86 4de
1056 1711 78 94 af
1166 1720 118 76 den
1334 1718 308 96 Skilling
1678 1718 134 88 som
1850 1718 126 79 kan

130 1802 311 114 fortienes
482 1839 133 74 paa
648 1822 105 72 det
788 1812 135 94 som
956 1816 347 92 omvexles,
1360 1820 123 73 den
1524 1843 33 64 5
1568 1835 57 60 te
1657 1812 79 99 as
1762 1814 185 94 Hæn-

125 1927 160 73 ders
329 1915 428 93 Gierninger,
811 1932 80 73 og
949 1911 124 76 den
1125 1915 106 71 6te
1277 1908 80 94 af
1379 1910 312 97 Jordens
1731 1912 244 82 Grøde

132 2037 83 75 og
251 2022 102 74 det
385 2015 132 92 som
549 2008 206 94 derfor
793 2008 124 80 kan
957 2003 404 97 indbringes,
1419 2031 80 74 og
1519 2017 64 74 al
1603 2008 372 98 Indkomst

135 2114 295 80 kommer
472 2113 64 92 af
569 2109 265 96 Jorden
859 2099 79 98 af
955 2103 341 98 Hænders
1311 2106 401 99 Gierninger
1756 2128 78 74 og
1849 2111 123 76 ved

134 2210 372 98 Handelen^
562 2202 238 96 hvoraf
828 2201 204 96 alting
1084 2201 270 81 imellem
1392 2209 104 78 der
1547 2206 223 95 ganske
1808 2204 166 98 Folk

136 2330 85 72 og
262 2308 69 80 til
364 2314 181 73 deres
582 2305 218 95 Nytte
828 2319 190 60 maae
1052 2299 327 97 bestrides,
1432 2303 113 92 saa
1568 2326 169 57 naar
1752 2300 191 84 Man-

139 2412 172 90 gelen
343 2406 284 79 kommer
673 2424 132 72 paa
853 2400 528 94 Levnetsmidler,
1439 2423 78 74 og
1565 2399 408 96 foraarsager

135 2524 76 62 en
259 2508 126 88 dyr
439 2501 168 96 Bd,
689 2500 224 80 vinder
959 2501 98 74 vel
1107 2495 658 98 Forraadshaverne,
1821 2518 150 59 men

133 2606 109 74 det
271 2621 193 75 gaaer
497 2605 89 74 ud
633 2616 151 60 over
835 2594 333 95 Kongens
1219 2594 217 95 Casse,
1491 2596 245 93 hvoraf
1767 2598 207 95 alting

132 2695 104 95 for
276 2704 72 74 de
394 2721 32 68 Z
458 2697 188 96 forste
702 2694 248 95 Classer
996 2711 194 60 maae
1236 2692 324 97 bestrides,
1616 2718 80 72 og
1724 2694 218 82 udkræ-

130 2815 114 59 ver
304 2817 118 70 nye
474 2819 77 74 og
600 2791 428 94 usædvanlige
1088 2788 351 99 Skatter,
1506 2791 168 94 famt
1722 2792 252 94 trykker

127 2891 358 96 Næringen
543 2891 102 98 for
703 2896 186 90 dem,
980 2885 135 92 som
1161 2886 120 94 ffal
1327 2894 130 75 leve
1519 2889 78 84 af
1633 2891 340 97 Hænders

129 2991 442 96 Gierninger,
645 2992 20 76 i
717 2994 102 76 det
867 2991 210 74 endeel
1113 2985 158 79 intet
1331 2986 130 80 kan
1539 2987 286 99 foretage
1879 2992 92 93 sig

135 3106 81 74 og
265 3096 199 71 andre
523 3092 285 79 derimod
873 3086 211 91 finder
1129 3083 193 95 ingen
1371 3083 233 94 Afsats
1656 3138 24 42 ,
1803 3084 169 94 fordi

130 3198 78 62 at
276 3186 360 95 Mangelen
698 3208 80 74 og
832 3181 386 92 Dyrheden
1264 3178 402 103 foraarsager
1710 3192 144 74 dem
1900 3199 72 64 at

128 3279 174 91 sætte
352 3282 238 90 saadan
660 3306 78 58 en
792 3277 382 105 Forhøyelse
1226 3300 130 68 paa
1406 3287 184 74 deres
1636 3281 308 95 forarbey-

128 3383 203 77 dende
380 3377 271 100 Vei-dre,
701 3398 72 64 at
802 3388 75 76 de
902 3377 125 80 ikke
1060 3377 125 79 kan
1222 3378 177 94 holde
1434 3379 199 98 Priis
1665 3386 144 74 med
1855 3401 90 57 an-

129 3481 146 93 dre,
349 3497 82 80 og
471 3479 198 96 altsaa
727 3500 72 76 ey
845 3483 200 81 allene
1081 3475 120 92 selv
1255 3476 306 99 arbeyder
1623 3479 346 95 forgieves,

997 3571 67 88 A
1119 3596 45 74 3-
1713 3596 157 60 men
