2879 4536
73 2403 93 286 WWW»

51 3002 111 108 ■

37 3473 104 151 &

988 712 130 91 han
1170 707 188 98 ogsaa
1383 702 147 98 faae
1565 696 237 100 Penge
1858 695 68 80 til
1953 691 269 95 Laans;
2275 688 135 93 han
2445 690 237 76 laaner
2728 699 76 76 og-

982 784 111 115 saa
1129 808 70 78 ril
1230 813 165 74 dette
1444 797 259 96 Brug,
1758 794 19 78 i
1822 800 121 75 den
1986 789 267 95 Tanke,
2311 803 72 64 at
2418 784 215 80 kunde
2664 775 161 98 igien

985 908 199 77 betale
1212 903 232 93 enhver
1475 899 121 92 sit,,
1635 915 81 74 og
1755 888 121 94 selv
1911 886 305 97 profitere
2251 900 193 79 noget
2497 885 125 75 ved
2665 874 129 84 Laa-

976 1021 113 62 net
1126 1024 81 72 og
1242 1005 145 76 dets
1418 994 259 93 Brug;
1732 989 131 91 han
1896 989 237 89 bruger
2164 1004 79 74 og
2296 989 123 76 den
2474 973 323 102 Forsigtig-

981 1100 117 91 hed
1133 1098 19 78 i
1189 1100 95 93 sin
1331 1094 313 96 Handel,
1699 1092 125 76 ved
1877 1085 79 92 sit
2001 1080 311 98 Jndkiob
2345 1095 73 66 at
2449 1075 251 93 betinge
2737 1071 87 92 sig

982 1195 259 95 billigste
1266 1190 237 96 Priis,
1552 1206 79 72 og
1684 1181 235 94 førend
1960 1177 262 80 Kjøbet
2254 1178 181 94 skeer,
2490 1189 77 64 at
2604 1166 191 95 erkyn-

979 1293 141 94 dige
1147 1294 91 92 sig
1273 1309 109 60 om
1415 1280 235 97 Prisen
1677 1299 137 72 paa
1847 1282 105 73 det
1983 1274 223 96 Sted,
2263 1276 167 87 hvor
2469 1272 135 96 han
2639 1279 182 81 agter

976 1407 77 62 at
1086 1388 173 92 giøre
1282 1387 94 89 sin
1406 1377 267 90 Afsats;
1730 1375 130 87 han
1890 1377 178 75 lader
2100 1375 128 88 sine
2246 1371 254 95 Wahre
2518 1367 302 98 asteurere

977 1485 338 89 tilligemed
1351 1473 282 91 Skibet,
1685 1467 136 90 som
1851 1464 326 94 overfører
2209 1474 146 76 dem
2395 1468 70 80 til
2479 1474 104 73 det
2601 1463 218 92 Sted,

978 1576 292 95 hvorhen
1314 1581 74 69 de
1416 1589 96 58 ere
1548 1568 316 91 bestemte,
1924 1581 78 73 og
2029 1562 215 95 sørger
2283 1562 129 94 for,
2466 1579 76 63 at
2575 1556 221 95 Befor-

977 1675 268 93 dringen
1284 1668 154 93 skeer
1474 1662 285 95 saasnart
1791 1661 308 94 mueligt;
2155 1679 148 60 men
2322 1659 131 79 ikke
2478 1661 171 92 desto
2669 1655 126 80 min-

975 1780 115 73 dre
1117 1770 127 78 kan
1285 1771 125 89 dog
1445 1762 287 97 herimod
1767 1756 261 79 indløbe
2071 1776 241 76 mange
2359 1751 437 98 Vansselighe-

976 1876 141 82 der,
1170 1862 135 94 som
1342 1860 127 80 kan
1502 1854 425 91 tilveiebringe
1964 1853 161 85 ham
2150 1867 63 65 et
2236 1851 295 97 anseeligt
2564 1851 159 87 Tab
2746 1871 75 76 og

977 1963 295 96 befordre
1309 1959 181 85 hans
1519 1953 225 94 Ruin,
1795 1945 249 97 saasom
2077 1951 283 79 comrair
2393 1949 243 95 Vind,
2691 1948 129 94 som

976 2064 131 79 kan
1134 2058 303 92 forlænge
1468 2048 237 94 Reisen
1734 2067 81 75 og
1846 2042 373 99 foraarsage
2248 2047 319 98 Folkenes
2584 2043 235 99 Hyres

981 2181 81 74 og
1115 2149 571 95 Underholdnings
1733 2130 435 112 Formerelse,
2261 2143 283 98 Prisens
2587 2144 233 94 hastige

980 2249 387 99 Nedstigelse
1397 2265 134 78 paa
1922 2261 135 74 paa
2100 2247 107 74 det
2244 2250 91 73 S
2348 2249 125 87 red,
2530 2240 287 95 hvorhen

975 2360 80 75 de
1093 2370 94 60 ere
1221 2351 329 87 bestemte,
1597 2340 559 93 Bankerotter,
2209 2340 22 76 i
2279 2346 104 75 det
2431 2344 122 76 den
2601 2336 186 100 Krøb-

981 2454 207 75 mand
1284 2445 134 94 som
1456 2439 182 92 faaer
1700 2437 172 90 hans
1930 2435 254 94 Vahre
2234 2434 20 78 i
2292 2438 305 95 Haand,
2649 2438 161 93 srax

981 2553 144 74 eller
1159 2540 232 96 førend
1435 2534 408 95 Betalingen
1888 2527 227 104 følger,
2170 2531 129 81 kan
2337 2533 166 81 blive
2537 2533 252 95 banqve-

976 2663 138 78 rot,
1170 2659 188 63 urroe
1417 2633 165 102 Folk
1630 2639 146 75 med
1831 2628 265 83 Skibet
2152 2651 80 75 og
2267 2628 359 99 Vahrene,
2681 2610 129 112 som

978 2742 131 79 kan
1148 2736 341 97 forhandle
1538 2731 271 93 samme,
1866 2747 81 76 og
2000 2744 185 65 enten
2216 2724 249 96 fordoie
2498 2726 313 99 Pengene

977 2847 143 74 eller
1163 2837 165 80 blive
1391 2834 321 90 bedragen
1757 2822 75 96 af
1865 2831 247 90 andre;
2167 2846 79 76 og
2307 2845 111 61 om
2469 2816 135 106 hån
2637 2822 173 94 faaer

975 2935 357 94 saadan-en
1258 2953 75 58 en
1374 2926 259 92 Smek,
1684 2927 87 76 da
1816 2923 247 90 dersom
2092 2927 223 86 haner
2352 2925 21 80 i
2388 2929 121 75 den
2530 2921 281 96 Stand,

977 3051 73 62 at
1079 3033 131 94 han
1247 3027 77 96 af
1343 3047 151 75 egne
1529 3023 251 81 Midler
1825 3020 129 79 kan
2005 3026 193 77 redde
2233 3018 103 94 for
2373 3025 121 91 sig,
2547 3019 129 80 kan
2715 3024 97 75 det

980 3137 211 74 endda
1232 3145 163 76 gaae
1432 3145 115 70 an,
1604 3139 149 58 men
1786 3116 121 96 har
1964 3119 133 83 han
2138 3119 171 94 giort
2348 3118 205 82 Gield
2592 3136 81 74 og
2692 3115 119 80 ikke

977 3226 129 79 kan
1147 3226 225 88 betale,
1427 3218 109 87 saa
1573 3236 65 60 er
1673 3215 133 92 han
1839 3234 79 59 en
1947 3216 283 79 ruineret
2263 3216 265 93 Mand,
2583 3233 83 71 og
2681 3222 101 74 der-

976 3324 136 91 som
1146 3322 132 92 han
1308 3322 66 75 til
1404 3318 76 89 sit
1514 3310 306 100 Jndkiob
1860 3314 120 91 har
2020 3314 168 92 giorc
2218 3310 247 92 saa-dan
2512 3325 60 66 et
2612 3295 195 110 Laan,

979 3404 136 107 som
1161 3418 130 94 han
1323 3433 190 59 maae
1557 3410 316 94 forrente,
1929 3405 110 90 saa
2097 3431 62 58 er
2211 3410 132 94 han
2401 3413 234 77 derved
2685 3406 90 94 sat
2793 3403 20 80 i

978 3521 168 94 desto
1184 3518 198 95 større
1436 3529 78 76 og
1560 3508 232 96 dybere
1845 3504 243 100 Gield;
2160 3513 104 78 det
2306 3527 66 64 er
2402 3504 248 99 derfore
2684 3503 120 82 ikke
