2927 4580
177 1287 77 64 kl

154 1351 54 43 sk-

154 1390 64 35 Lis

191 1455 60 59 B

957 718 113 97 see,
1123 720 340 86 undtagen
1497 710 120 76 ved
1646 695 275 105 Hoffer,
1976 695 163 92 hvor
2204 693 109 77 der
2346 689 129 89 dvg
2498 679 129 80 ikke
2662 676 129 93 sees

956 822 173 73 uden
1160 808 141 99 faa,
1354 814 140 74 eller
1524 804 22 78 i
1582 800 246 91 saadan
1858 796 345 88 Mængde,
2258 800 70 64 at
2369 789 77 73 de
2484 780 280 79 alminde-

953 919 83 89 lig
1073 910 277 94 udgives
1397 923 81 72 og
1517 900 288 80 kommer
1835 896 68 78 til
1937 909 72 62 ar
2035 891 272 75 roullere
2322 881 209 78 iblant
2562 873 231 99 Folket

952 1009 135 93 som
1118 1005 251 93 forhen,
1420 997 115 94 saa
1564 1015 97 61 ere
1700 998 73 76 de
1800 1012 133 73 paa
1978 992 212 75 anden
2232 980 268 79 Maade
2528 970 266 96 udførte

953 1128 85 72 og
1071 1104 427 89 bortkomne;
1551 1115 85 70 og
1675 1089 137 93 som
1855 1089 207 80 endeel
2077 1078 81 97 af
2183 1087 145 76 dem
2361 1096 97 59 ere
2489 1070 279 97 forbrug-

952 1221 63 59 te
1068 1203 71 76 til
1186 1198 329 81 Armeens
1554 1169 409 111 Befoldning
2008 1203 21 56 t
2080 1188 83 83 Fy
2172 1183 75 71 ti.
2298 1172 175 98 Tid,
2526 1177 93 74 da
2672 1174 125 75 den

951 1305 143 73 laae
1151 1294 23 78 i
1227 1294 309 95 Holsteen
1589 1284 103 95 for
1739 1303 73 60 at
1873 1277 285 97 forsvare
2207 1283 125 71 den
2363 1273 181 77 imod
2589 1265 175 85 Rus-

952 1399 185 86 land,
1188 1388 109 92 saa
1328 1406 99 64 ere
1460 1388 101 74 vel
1595 1379 189 95 ogsaa
1816 1386 123 72 ved
1976 1383 201 74 denne
2214 1371 329 94 Leyüghed
2574 1371 75 75 de
2684 1367 83 88 fle-

949 1497 87 89 ste
1065 1482 261 86 udførte
1369 1478 79 91 af
1485 1474 465 86 Dannemark
2009 1473 67 76 til
2131 1468 317 95 Holsteen
2477 1485 81 74 og
2585 1464 217 78 videre

954 1592 287 83 udgaaet
1278 1579 69 78 til
1378 1572 363 99 Hamborg
1772 1591 79 70 og
1882 1566 413 91 Tydffland;
2350 1569 127 85 dog
2508 1561 129 79 kan
2668 1566 103 71 der-

953 1697 61 65 te
1051 1677 129 78 ikke
1219 1692 167 61 være
1425 1677 123 74 den
1583 1670 193 92 eneste
1811 1647 255 109 Aarsag
2099 1660 69 77 til
2207 1665 185 73 deres
2413 1656 385 94 Bortgang

953 1798 82 74 og
1062 1768 319 98 Aftagelse
1420 1769 107 92 her
1558 1764 19 76 i
1598 1763 263 92 Landet,
1910 1758 225 93 efterdi
2166 1763 151 85 der,
2342 1751 153 95 efter
2526 1761 123 76 den
2662 1752 133 87 Tid

954 1888 72 64 at
1057 1869 283 82 Armeen
1376 1881 124 60 var
1527 1858 467 98 hjemkommen
2025 1857 131 94 her,
2189 1855 121 92 har
2337 1867 203 64 været
2573 1872 79 58 en
2667 1854 131 91 stor

956 1969 353 91 Mængde,
1358 1958 137 94 som
1531 1978 90 58 nu
1663 1977 186 59 maae
1884 1954 275 92 savnes,
2218 1947 299 95 hvorfore
2575 1969 80 73 og
2689 1967 76 60 en-

956 2067 130 79 deel
1115 2065 73 70 in
1220 2079 240 52 natura
1494 2073 188 61 maae
1710 2072 166 60 være
1926 2045 266 95 udførte
2231 2028 101 110 før
2370 2062 74 64 at
2491 2046 247 96 bruges
2775 2044 21 80 i

955 2160 356 98 Handelen
1347 2158 140 76 eller
1523 2168 70 62 at
1616 2149 209 92 sættes
1857 2170 132 72 paa
2032 2145 243 81 Rente.

1156 2252 298 98 Jeg^har
1484 2253 84 75 da
1594 2247 161 97 viist,
1790 2263 72 62 at
1890 2244 364 94 Mangelen
2308 2240 128 79 kan
2481 2238 167 93 have
2678 2243 88 76 ad-

953 2352 223 94 skillige
1209 2369 79 74 og
1321 2344 357 99 ufeilbarlig
1727 2352 74 72 de
1837 2340 258 94 anførte
2125 2336 346 95 Aarsager.
2631 2334 164 85 Det

954 2470 82 60 er-
1052 2441 543 98 uforbigiengelig,
1646 2456 73 65 at
1748 2438 237 99 Penge
2012 2439 21 78 i
2076 2436 301 94 Krigens
2420 2432 135 90 Tid
2600 2450 195 63 maae

955 2542 277 95 udføres
1279 2543 69 76 ril
1389 2540 285 81 Armeer:
1713 2542 165 88 hvor
1925 2542 123 73 den
2097 2554 65 59 er
2237 2532 397 97 beliggende,
2687 2525 105 94 for

952 2644 259 82 dermed
1246 2653 73 64 at
1356 2636 237 93 bestyre
1618 2633 491 94 Besoldningen
2144 2651 81 76 og
2264 2627 501 96 Underholdnin-

955 2755 145 79 gen;
1153 2740 127 87 dog
1309 2733 127 78 kan
1467 2731 249 94 saadan
1767 2728 411 95 Befoldning
2223 2725 331 95 ligesaavel
2585 2722 179 93 besør-

948 2846 119 84 ges
1120 2838 147 73 med
1328 2829 213 91 smaae
1596 2827 447 91 Bancosedler
2096 2846 81 73 og
2220 2823 217 91 smaae
2476 2840 317 66 courante

953 2933 353 90 Myndter,
1357 2924 135 94 som
1521 2933 143 72 med
1699 2924 325 83 Ducater
2053 2944 79 72 og
2163 2925 161 92 store
2341 2919 449 97 Sølvpenge,

952 3045 171 61 naar
1168 3024 191 79 ikkun
1402 3021 330 92 saadanne
1796 3019 339 95 Myndter
2180 3039 137 72 paa
2348 3021 75 76 de
2470 3016 319 96 Stæder,

951 3125 165 93 hvor
1143 3119 283 81 Armeen
1473 3121 221 94 ligger,
1749 3137 97 59 ere
1897 3118 339 94 gangbare
2283 3134 83 73 og
2401 3112 385 96 antagelige,

952 3242 83 74 og
1066 3215 135 94 som
1254 3213 379 83 Danmark
1664 3218 53 77 ei
1764 3213 117 80 udi
1942 3218 125 74 den
2092 3210 173 96 Tid,
2320 3210 135 89 som
2496 3210 289 81 Armeen

953 3323 143 73 laae
1127 3313 19 78 i
1201 3310 347 96 Holsteen,
1604 3333 122 58 var
1767 3307 281 96 forsynet
2094 3313 146 73 med
2303 3305 481 93 Smaaesedler

957 3434 80 74 og
1078 3411 211 90 havde
1324 3407 283 93 Mangel
1639 3428 134 75 paa
1800 3405 215 92 smaae
2053 3420 276 64 couram
2362 3403 289 95 Myndt,
2670 3402 113 89 saa

956 3521 254 69 maatte
1256 3499 358 100 ufeilbarlig
1655 3507 247 90 bruges
1945 3500 365 96 Ducater;
2362 3521 150 62 men
2568 3507 106 71 der
2716 3521 64 60 er

1805 3631 6 12 '
2553 3597 129 97 just
