<?xml version="1.0" encoding="utf-8"?>
<alto xmlns="http://www.loc.gov/standards/alto/ns-v3#" xmlns:xs="http://www.w3.org/2001/XMLSchema-instance" xmlns:xlink="http://www.w3.org/1999/xlink">
	<Description>
		<MeasurementUnit>pixel</MeasurementUnit>
		<sourceImageInformation>
			<fileName>130017168380_1_009_001_015.tif</fileName>
		</sourceImageInformation>
		<OCRProcessing ID="OCR1">
			<ocrProcessingStep>
				<processingDateTime>2018-09-13</processingDateTime>
				<processingAgency>Zissor AS</processingAgency>
				<processingStepSettings>Combined OCR</processingStepSettings>
				<processingSoftware>
					<softwareCreator>Zissor AS</softwareCreator>
					<softwareName>ContentOCR-11; ContentOCR-Tesseract</softwareName>
					<softwareVersion>2.0.2; 2.0.0</softwareVersion>
					<applicationDescription>OCR Component for Zissor Content System</applicationDescription>
				</processingSoftware>
			</ocrProcessingStep>
		</OCRProcessing>
	</Description>
	<Styles>
		<TextStyle ID="STYLE1" FONTFAMILY="Times New Roman" FONTSIZE="14" FONTSTYLE="bold"/>
		<TextStyle ID="STYLE2" FONTFAMILY="Times New Roman" FONTSIZE="14" FONTSTYLE=""/>
		<TextStyle ID="STYLE3" FONTFAMILY="Arial" FONTSIZE="12" FONTSTYLE=""/>
		<TextStyle ID="STYLE4" FONTFAMILY="Arial" FONTSIZE="14" FONTSTYLE=""/>
		<TextStyle ID="STYLE5" FONTFAMILY="Arial" FONTSIZE="13" FONTSTYLE=""/>
		<TextStyle ID="STYLE6" FONTFAMILY="Arial" FONTSIZE="15" FONTSTYLE=""/>
	</Styles>
	<Layout>
		<Page ID="PAGE15" HEIGHT="4537" WIDTH="2749" PHYSICAL_IMG_NR="15" PROCESSING="OCR1" PC="0.76">
			<TopMargin HEIGHT="487" WIDTH="2749" HPOS="0" VPOS="0"/>
			<LeftMargin HEIGHT="3247" WIDTH="72" HPOS="0" VPOS="487"/>
			<RightMargin HEIGHT="3247" WIDTH="940" HPOS="1809" VPOS="487"/>
			<BottomMargin HEIGHT="801" WIDTH="2749" HPOS="0" VPOS="3736"/>
			<PrintSpace ID="PRINTSPACE1" HEIGHT="3247" WIDTH="1735" HPOS="73" VPOS="488">
				<ComposedBlock xs:type="ComposedBlockType" ID="ARTICLE108689" HEIGHT="3247" WIDTH="1735" HPOS="73" VPOS="488" xlink:type="simple">
					<TextBlock xs:type="TextBlockType" ID="ZONE1133060" HEIGHT="91" WIDTH="107" HPOS="1669" VPOS="488" xlink:type="simple">
						<TextLine ID="LINE1" HEIGHT="90" WIDTH="105" HPOS="1670" VPOS="489">
							<String ID="STRING1" STYLEREFS="STYLE1" HEIGHT="90" WIDTH="105" HPOS="1670" VPOS="489" CONTENT="15" WC="0.25" LANG="nob"/>
						</TextLine>
					</TextBlock>
					<TextBlock xs:type="TextBlockType" ID="ZONE1133061" HEIGHT="3077" WIDTH="1735" HPOS="73" VPOS="658" xlink:type="simple">
						<TextLine ID="LINE2" HEIGHT="100" WIDTH="1487" HPOS="302" VPOS="674">
							<String ID="STRING2" STYLEREFS="STYLE2" HEIGHT="85" WIDTH="185" HPOS="302" VPOS="678" CONTENT="Man" WC="0.58" LANG="deu"/>
							<SP ID="SP1" WIDTH="57" HPOS="487" VPOS="678"/>
							<String ID="STRING3" STYLEREFS="STYLE2" HEIGHT="93" WIDTH="77" HPOS="544" VPOS="676" CONTENT="fee" WC="0.22" LANG="deu"/>
							<SP ID="SP2" WIDTH="55" HPOS="621" VPOS="676"/>
							<String ID="STRING4" STYLEREFS="STYLE2" HEIGHT="92" WIDTH="115" HPOS="676" VPOS="676" CONTENT="hen" WC="0.77" LANG="dan"/>
							<SP ID="SP3" WIDTH="59" HPOS="791" VPOS="676"/>
							<String ID="STRING5" STYLEREFS="STYLE2" HEIGHT="82" WIDTH="71" HPOS="850" VPOS="678" CONTENT="til" WC="0.27" LANG="dan"/>
							<SP ID="SP4" WIDTH="51" HPOS="921" VPOS="678"/>
							<String ID="STRING6" STYLEREFS="STYLE2" HEIGHT="73" WIDTH="119" HPOS="972" VPOS="689" CONTENT="den" WC="0.76" LANG="deu"/>
							<SP ID="SP5" WIDTH="47" HPOS="1091" VPOS="689"/>
							<String ID="STRING7" STYLEREFS="STYLE2" HEIGHT="78" WIDTH="21" HPOS="1138" VPOS="683" CONTENT="i" WC="0.38" LANG="dan"/>
							<SP ID="SP6" WIDTH="47" HPOS="1159" VPOS="683"/>
							<String ID="STRING8" STYLEREFS="STYLE2" HEIGHT="96" WIDTH="437" HPOS="1206" VPOS="678" CONTENT="Kiobenhavn" WC="0.62" LANG="dan"/>
							<SP ID="SP7" WIDTH="45" HPOS="1643" VPOS="678"/>
							<String ID="STRING9" STYLEREFS="STYLE2" HEIGHT="100" WIDTH="101" HPOS="1688" VPOS="674" CONTENT="for" WC="0.75" LANG="dan"/>
						</TextLine>
						<TextLine ID="LINE3" HEIGHT="101" WIDTH="1679" HPOS="105" VPOS="810">
							<String ID="STRING10" STYLEREFS="STYLE2" HEIGHT="100" WIDTH="315" HPOS="105" VPOS="810" CONTENT="Kongens" WC="0.83" LANG="dan"/>
							<SP ID="SP8" WIDTH="55" HPOS="420" VPOS="810"/>
							<String ID="STRING11" STYLEREFS="STYLE2" HEIGHT="101" WIDTH="305" HPOS="475" VPOS="810" CONTENT="Regning" WC="0.68" LANG="dan"/>
							<SP ID="SP9" WIDTH="53" HPOS="780" VPOS="810"/>
							<String ID="STRING12" STYLEREFS="STYLE2" HEIGHT="95" WIDTH="271" HPOS="833" VPOS="816" CONTENT="anlagde" WC="0.75" LANG="dan"/>
							<SP ID="SP10" WIDTH="49" HPOS="1104" VPOS="816"/>
							<String ID="STRING13" STYLEREFS="STYLE2" HEIGHT="90" WIDTH="273" HPOS="1153" VPOS="813" CONTENT="Tobaks" WC="0.56" LANG="dan"/>
							<SP ID="SP11" WIDTH="15" HPOS="1426" VPOS="813"/>
							<String ID="STRING14" STYLEREFS="STYLE2" HEIGHT="99" WIDTH="343" HPOS="1441" VPOS="812" CONTENT="»Handel," WC="0.82" LANG="dan"/>
						</TextLine>
						<TextLine ID="LINE4" HEIGHT="97" WIDTH="1684" HPOS="101" VPOS="946">
							<String ID="STRING15" STYLEREFS="STYLE2" HEIGHT="75" WIDTH="85" HPOS="101" VPOS="968" CONTENT="og" WC="0.46" LANG="dan"/>
							<SP ID="SP12" WIDTH="49" HPOS="186" VPOS="968"/>
							<String ID="STRING16" STYLEREFS="STYLE2" HEIGHT="72" WIDTH="136" HPOS="235" VPOS="953" CONTENT="lade" WC="0.81" LANG="dan"/>
							<SP ID="SP13" WIDTH="44" HPOS="371" VPOS="953"/>
							<String ID="STRING17" STYLEREFS="STYLE2" HEIGHT="75" WIDTH="116" HPOS="415" VPOS="951" CONTENT="den" WC="0.76" LANG="dan"/>
							<SP ID="SP14" WIDTH="46" HPOS="531" VPOS="951"/>
							<String ID="STRING18" STYLEREFS="STYLE2" HEIGHT="92" WIDTH="228" HPOS="577" VPOS="949" CONTENT="samme" WC="0.83" LANG="dan"/>
							<SP ID="SP15" WIDTH="42" HPOS="805" VPOS="949"/>
							<String ID="STRING19" STYLEREFS="STYLE2" HEIGHT="80" WIDTH="244" HPOS="847" VPOS="946" CONTENT="komme" WC="0.86" LANG="dan"/>
							<SP ID="SP16" WIDTH="44" HPOS="1091" VPOS="946"/>
							<String ID="STRING20" STYLEREFS="STYLE2" HEIGHT="76" WIDTH="200" HPOS="1135" VPOS="955" CONTENT="under" WC="0.78" LANG="dan"/>
							<SP ID="SP17" WIDTH="42" HPOS="1335" VPOS="955"/>
							<String ID="STRING21" STYLEREFS="STYLE2" HEIGHT="59" WIDTH="74" HPOS="1377" VPOS="969" CONTENT="en" WC="1" LANG="dan"/>
							<SP ID="SP18" WIDTH="54" HPOS="1451" VPOS="969"/>
							<String ID="STRING22" STYLEREFS="STYLE2" HEIGHT="94" WIDTH="280" HPOS="1505" VPOS="947" CONTENT="upartisk" WC="0.68" LANG="dan"/>
						</TextLine>
						<TextLine ID="LINE5" HEIGHT="99" WIDTH="1681" HPOS="104" VPOS="1080">
							<String ID="STRING23" STYLEREFS="STYLE2" HEIGHT="95" WIDTH="509" HPOS="104" VPOS="1080" CONTENT="Undersøgning," WC="0.7" LANG="dan"/>
							<SP ID="SP19" WIDTH="41" HPOS="613" VPOS="1080"/>
							<String ID="STRING24" STYLEREFS="STYLE2" HEIGHT="72" WIDTH="99" HPOS="654" VPOS="1086" CONTENT="det" WC="0.82" LANG="dan"/>
							<SP ID="SP20" WIDTH="27" HPOS="753" VPOS="1086"/>
							<String ID="STRING25" STYLEREFS="STYLE2" HEIGHT="76" WIDTH="87" HPOS="780" VPOS="1083" CONTENT="vil" WC="0.65" LANG="dan"/>
							<SP ID="SP21" WIDTH="25" HPOS="867" VPOS="1083"/>
							<String ID="STRING26" STYLEREFS="STYLE2" HEIGHT="86" WIDTH="117" HPOS="892" VPOS="1083" CONTENT="vise" WC="0.78" LANG="dan"/>
							<SP ID="SP22" WIDTH="39" HPOS="1009" VPOS="1083"/>
							<String ID="STRING27" STYLEREFS="STYLE2" HEIGHT="91" WIDTH="125" HPOS="1048" VPOS="1084" CONTENT="sig," WC="0.72" LANG="dan"/>
							<SP ID="SP23" WIDTH="49" HPOS="1173" VPOS="1084"/>
							<String ID="STRING28" STYLEREFS="STYLE2" HEIGHT="60" WIDTH="105" HPOS="1222" VPOS="1100" CONTENT="om" WC="0.81" LANG="dan"/>
							<SP ID="SP24" WIDTH="33" HPOS="1327" VPOS="1100"/>
							<String ID="STRING29" STYLEREFS="STYLE2" HEIGHT="98" WIDTH="271" HPOS="1360" VPOS="1081" CONTENT="Kongen" WC="0.74" LANG="dan"/>
							<SP ID="SP25" WIDTH="33" HPOS="1631" VPOS="1081"/>
							<String ID="STRING30" STYLEREFS="STYLE2" HEIGHT="90" WIDTH="121" HPOS="1664" VPOS="1084" CONTENT="har" WC="0.54" LANG="dan"/>
						</TextLine>
						<TextLine ID="LINE6" HEIGHT="101" WIDTH="1684" HPOS="100" VPOS="1209">
							<String ID="STRING31" STYLEREFS="STYLE3" HEIGHT="92" WIDTH="170" HPOS="100" VPOS="1209" CONTENT="faaet" WC="0.86" LANG="dan"/>
							<SP ID="SP26" WIDTH="37" HPOS="270" VPOS="1209"/>
							<String ID="STRING32" STYLEREFS="STYLE2" HEIGHT="69" WIDTH="69" HPOS="307" VPOS="1222" CONTENT="de" WC="0.62" LANG="dan"/>
							<SP ID="SP27" WIDTH="21" HPOS="376" VPOS="1222"/>
							<String ID="STRING33" STYLEREFS="STYLE2" HEIGHT="101" WIDTH="259" HPOS="397" VPOS="1209" CONTENT="Fordele" WC="0.69" LANG="dan"/>
							<SP ID="SP28" WIDTH="31" HPOS="656" VPOS="1209"/>
							<String ID="STRING34" STYLEREFS="STYLE2" HEIGHT="75" WIDTH="77" HPOS="687" VPOS="1230" CONTENT="og" WC="0.34" LANG="dan"/>
							<SP ID="SP29" WIDTH="31" HPOS="764" VPOS="1230"/>
							<String ID="STRING35" STYLEREFS="STYLE2" HEIGHT="71" WIDTH="111" HPOS="795" VPOS="1217" CONTENT="den" WC="0.76" LANG="dan"/>
							<SP ID="SP30" WIDTH="25" HPOS="906" VPOS="1217"/>
							<String ID="STRING36" STYLEREFS="STYLE2" HEIGHT="98" WIDTH="381" HPOS="931" VPOS="1212" CONTENT="Overvægt," WC="0.84" LANG="dan"/>
							<SP ID="SP31" WIDTH="31" HPOS="1312" VPOS="1212"/>
							<String ID="STRING37" STYLEREFS="STYLE2" HEIGHT="96" WIDTH="127" HPOS="1343" VPOS="1213" CONTENT="som" WC="0.71" LANG="dan"/>
							<SP ID="SP32" WIDTH="37" HPOS="1470" VPOS="1213"/>
							<String ID="STRING38" STYLEREFS="STYLE2" HEIGHT="69" WIDTH="71" HPOS="1507" VPOS="1228" CONTENT="de" WC="0.62" LANG="dan"/>
							<SP ID="SP33" WIDTH="33" HPOS="1578" VPOS="1228"/>
							<String ID="STRING39" STYLEREFS="STYLE2" HEIGHT="65" WIDTH="173" HPOS="1611" VPOS="1231" CONTENT="tørre" WC="0.6" LANG="dan"/>
						</TextLine>
						<TextLine ID="LINE7" HEIGHT="105" WIDTH="1685" HPOS="101" VPOS="1341">
							<String ID="STRING40" STYLEREFS="STYLE2" HEIGHT="85" WIDTH="230" HPOS="101" VPOS="1344" CONTENT="Blade" WC="0.72" LANG="dan"/>
							<SP ID="SP34" WIDTH="30" HPOS="331" VPOS="1344"/>
							<String ID="STRING41" STYLEREFS="STYLE2" HEIGHT="77" WIDTH="118" HPOS="361" VPOS="1347" CONTENT="ved" WC="0.68" LANG="dan"/>
							<SP ID="SP35" WIDTH="18" HPOS="479" VPOS="1347"/>
							<String ID="STRING42" STYLEREFS="STYLE2" HEIGHT="101" WIDTH="413" HPOS="497" VPOS="1341" CONTENT="Anfugmiug" WC="0.54" LANG="dan"/>
							<SP ID="SP36" WIDTH="35" HPOS="910" VPOS="1341"/>
							<String ID="STRING43" STYLEREFS="STYLE2" HEIGHT="78" WIDTH="220" HPOS="945" VPOS="1349" CONTENT="vinder" WC="0.64" LANG="dan"/>
							<SP ID="SP37" WIDTH="28" HPOS="1165" VPOS="1349"/>
							<String ID="STRING44" STYLEREFS="STYLE2" HEIGHT="70" WIDTH="18" HPOS="1193" VPOS="1353" CONTENT="i" WC="0.53" LANG="dan"/>
							<SP ID="SP38" WIDTH="30" HPOS="1211" VPOS="1353"/>
							<String ID="STRING45" STYLEREFS="STYLE2" HEIGHT="100" WIDTH="335" HPOS="1241" VPOS="1346" CONTENT="Vægten," WC="0.84" LANG="dan"/>
							<SP ID="SP39" WIDTH="38" HPOS="1576" VPOS="1346"/>
							<String ID="STRING46" STYLEREFS="STYLE3" HEIGHT="59" WIDTH="172" HPOS="1614" VPOS="1370" CONTENT="naar" WC="0.89" LANG="dan"/>
						</TextLine>
						<TextLine ID="LINE8" HEIGHT="99" WIDTH="1683" HPOS="100" VPOS="1473">
							<String ID="STRING47" STYLEREFS="STYLE2" HEIGHT="73" WIDTH="69" HPOS="100" VPOS="1482" CONTENT="de" WC="0.64" LANG="dan"/>
							<SP ID="SP40" WIDTH="51" HPOS="169" VPOS="1482"/>
							<String ID="STRING48" STYLEREFS="STYLE2" HEIGHT="99" WIDTH="397" HPOS="220" VPOS="1473" CONTENT="forfærdiges" WC="0.63" LANG="dan"/>
							<SP ID="SP41" WIDTH="43" HPOS="617" VPOS="1473"/>
							<String ID="STRING49" STYLEREFS="STYLE2" HEIGHT="76" WIDTH="67" HPOS="660" VPOS="1478" CONTENT="til" WC="0.67" LANG="dan"/>
							<SP ID="SP42" WIDTH="47" HPOS="727" VPOS="1478"/>
							<String ID="STRING50" STYLEREFS="STYLE2" HEIGHT="86" WIDTH="285" HPOS="774" VPOS="1475" CONTENT="Kardus" WC="0.76" LANG="dan"/>
							<SP ID="SP43" WIDTH="21" HPOS="1059" VPOS="1475"/>
							<String ID="STRING51" STYLEREFS="STYLE2" HEIGHT="34" WIDTH="19" HPOS="1080" VPOS="1516" CONTENT="-" WC="0.22" LANG="dan"/>
							<SP ID="SP44" WIDTH="25" HPOS="1099" VPOS="1516"/>
							<String ID="STRING52" STYLEREFS="STYLE2" HEIGHT="91" WIDTH="231" HPOS="1124" VPOS="1478" CONTENT="Tobak" WC="0.5" LANG="dan"/>
							<SP ID="SP45" WIDTH="45" HPOS="1355" VPOS="1478"/>
							<String ID="STRING53" STYLEREFS="STYLE2" HEIGHT="75" WIDTH="137" HPOS="1400" VPOS="1490" CONTENT="eller" WC="0.87" LANG="dan"/>
							<SP ID="SP46" WIDTH="49" HPOS="1537" VPOS="1490"/>
							<String ID="STRING54" STYLEREFS="STYLE2" HEIGHT="69" WIDTH="197" HPOS="1586" VPOS="1498" CONTENT="andre" WC="0.66" LANG="dan"/>
						</TextLine>
						<TextLine ID="LINE9" HEIGHT="107" WIDTH="1681" HPOS="101" VPOS="1606">
							<String ID="STRING55" STYLEREFS="STYLE2" HEIGHT="81" WIDTH="287" HPOS="101" VPOS="1606" CONTENT="Sorter." WC="0.69" LANG="dan"/>
							<SP ID="SP47" WIDTH="153" HPOS="388" VPOS="1606"/>
							<String ID="STRING56" STYLEREFS="STYLE2" HEIGHT="85" WIDTH="253" HPOS="541" VPOS="1608" CONTENT="Denne" WC="0.86" LANG="dan"/>
							<SP ID="SP48" WIDTH="33" HPOS="794" VPOS="1608"/>
							<String ID="STRING57" STYLEREFS="STYLE2" HEIGHT="85" WIDTH="239" HPOS="827" VPOS="1609" CONTENT="Artikel" WC="0.73" LANG="dan"/>
							<SP ID="SP49" WIDTH="50" HPOS="1066" VPOS="1609"/>
							<String ID="STRING58" STYLEREFS="STYLE2" HEIGHT="69" WIDTH="102" HPOS="1116" VPOS="1636" CONTENT="er," WC="0.87" LANG="dan"/>
							<SP ID="SP50" WIDTH="35" HPOS="1218" VPOS="1636"/>
							<String ID="STRING59" STYLEREFS="STYLE2" HEIGHT="74" WIDTH="19" HPOS="1253" VPOS="1620" CONTENT="i" WC="0.57" LANG="dan"/>
							<SP ID="SP51" WIDTH="31" HPOS="1272" VPOS="1620"/>
							<String ID="STRING60" STYLEREFS="STYLE2" HEIGHT="99" WIDTH="351" HPOS="1303" VPOS="1614" CONTENT="Henseende" WC="0.86" LANG="dan"/>
							<SP ID="SP52" WIDTH="56" HPOS="1654" VPOS="1614"/>
							<String ID="STRING61" STYLEREFS="STYLE2" HEIGHT="80" WIDTH="72" HPOS="1710" VPOS="1625" CONTENT="til" WC="0.63" LANG="dan"/>
						</TextLine>
						<TextLine ID="LINE10" HEIGHT="115" WIDTH="1688" HPOS="103" VPOS="1734">
							<String ID="STRING62" STYLEREFS="STYLE2" HEIGHT="102" WIDTH="379" HPOS="103" VPOS="1734" CONTENT="Mængden," WC="0.65" LANG="dan"/>
							<SP ID="SP53" WIDTH="35" HPOS="482" VPOS="1734"/>
							<String ID="STRING63" STYLEREFS="STYLE2" HEIGHT="98" WIDTH="73" HPOS="517" VPOS="1739" CONTENT="af" WC="0.63" LANG="dan"/>
							<SP ID="SP54" WIDTH="29" HPOS="590" VPOS="1739"/>
							<String ID="STRING64" STYLEREFS="STYLE2" HEIGHT="97" WIDTH="194" HPOS="619" VPOS="1741" CONTENT="større" WC="0.58" LANG="dan"/>
							<SP ID="SP55" WIDTH="20" HPOS="813" VPOS="1741"/>
							<String ID="STRING65" STYLEREFS="STYLE2" HEIGHT="110" WIDTH="409" HPOS="833" VPOS="1739" CONTENT="Vigtighed," WC="0.7" LANG="dan"/>
							<SP ID="SP56" WIDTH="57" HPOS="1242" VPOS="1739"/>
							<String ID="STRING66" STYLEREFS="STYLE2" HEIGHT="66" WIDTH="116" HPOS="1299" VPOS="1763" CONTENT="end" WC="0.75" LANG="dan"/>
							<SP ID="SP57" WIDTH="18" HPOS="1415" VPOS="1763"/>
							<String ID="STRING67" STYLEREFS="STYLE2" HEIGHT="59" WIDTH="155" HPOS="1433" VPOS="1774" CONTENT="man" WC="0.78" LANG="dan"/>
							<SP ID="SP58" WIDTH="35" HPOS="1588" VPOS="1774"/>
							<String ID="STRING68" STYLEREFS="STYLE2" HEIGHT="92" WIDTH="168" HPOS="1623" VPOS="1754" CONTENT="fore»" WC="0.81" LANG="dan"/>
						</TextLine>
						<TextLine ID="LINE11" HEIGHT="117" WIDTH="1655" HPOS="98" VPOS="1870">
							<String ID="STRING69" STYLEREFS="STYLE2" HEIGHT="90" WIDTH="181" HPOS="98" VPOS="1870" CONTENT="stiller" WC="0.77" LANG="dan"/>
							<SP ID="SP59" WIDTH="43" HPOS="279" VPOS="1870"/>
							<String ID="STRING70" STYLEREFS="STYLE2" HEIGHT="97" WIDTH="127" HPOS="322" VPOS="1872" CONTENT="sig," WC="0.49" LANG="dan"/>
							<SP ID="SP60" WIDTH="45" HPOS="449" VPOS="1872"/>
							<String ID="STRING71" STYLEREFS="STYLE2" HEIGHT="79" WIDTH="79" HPOS="494" VPOS="1890" CONTENT="og" WC="0.41" LANG="dan"/>
							<SP ID="SP61" WIDTH="45" HPOS="573" VPOS="1890"/>
							<String ID="STRING72" STYLEREFS="STYLE2" HEIGHT="83" WIDTH="199" HPOS="618" VPOS="1873" CONTENT="kunde" WC="0.73" LANG="dan"/>
							<SP ID="SP62" WIDTH="49" HPOS="817" VPOS="1873"/>
							<String ID="STRING73" STYLEREFS="STYLE2" HEIGHT="74" WIDTH="93" HPOS="866" VPOS="1885" CONTENT="vel" WC="0.84" LANG="dan"/>
							<SP ID="SP63" WIDTH="49" HPOS="959" VPOS="1885"/>
							<String ID="STRING74" STYLEREFS="STYLE2" HEIGHT="99" WIDTH="259" HPOS="1008" VPOS="1873" CONTENT="fortiene" WC="0.81" LANG="dan"/>
							<SP ID="SP64" WIDTH="51" HPOS="1267" VPOS="1873"/>
							<String ID="STRING75" STYLEREFS="STYLE2" HEIGHT="57" WIDTH="71" HPOS="1318" VPOS="1906" CONTENT="en" WC="1" LANG="dan"/>
							<SP ID="SP65" WIDTH="37" HPOS="1389" VPOS="1906"/>
							<String ID="STRING76" STYLEREFS="STYLE2" HEIGHT="101" WIDTH="327" HPOS="1426" VPOS="1886" CONTENT="Undersøg" SUBS_TYPE="HypPart1" SUBS_CONTENT="Undersøgning." WC="0.81" LANG="dan"/>
							<HYP CONTENT="-"/>
						</TextLine>
						<TextLine ID="LINE12" HEIGHT="119" WIDTH="1685" HPOS="95" VPOS="2001">
							<String ID="STRING77" STYLEREFS="STYLE2" HEIGHT="95" WIDTH="171" HPOS="95" VPOS="2002" CONTENT="ning." SUBS_TYPE="HypPart2" SUBS_CONTENT="Undersøgning." WC="0.91" LANG="dan"/>
							<SP ID="SP66" WIDTH="155" HPOS="266" VPOS="2002"/>
							<String ID="STRING78" STYLEREFS="STYLE2" HEIGHT="101" WIDTH="65" HPOS="421" VPOS="2001" CONTENT="I" WC="1" LANG="dan"/>
							<SP ID="SP67" WIDTH="29" HPOS="486" VPOS="2001"/>
							<String ID="STRING79" STYLEREFS="STYLE2" HEIGHT="67" WIDTH="99" HPOS="515" VPOS="2018" CONTENT="det" WC="0.5" LANG="dan"/>
							<SP ID="SP68" WIDTH="48" HPOS="614" VPOS="2018"/>
							<String ID="STRING80" STYLEREFS="STYLE2" HEIGHT="96" WIDTH="262" HPOS="662" VPOS="2008" CONTENT="mindste" WC="0.7" LANG="dan"/>
							<SP ID="SP69" WIDTH="34" HPOS="924" VPOS="2008"/>
							<String ID="STRING81" STYLEREFS="STYLE2" HEIGHT="83" WIDTH="162" HPOS="958" VPOS="2011" CONTENT="vilde" WC="0.86" LANG="dan"/>
							<SP ID="SP70" WIDTH="39" HPOS="1120" VPOS="2011"/>
							<String ID="STRING82" STYLEREFS="STYLE2" HEIGHT="99" WIDTH="131" HPOS="1159" VPOS="2015" CONTENT="jeg," WC="0.76" LANG="dan"/>
							<SP ID="SP71" WIDTH="30" HPOS="1290" VPOS="2015"/>
							<String ID="STRING83" STYLEREFS="STYLE4" HEIGHT="63" WIDTH="169" HPOS="1320" VPOS="2036" CONTENT="naar" WC="0.89" LANG="dan"/>
							<SP ID="SP72" WIDTH="34" HPOS="1489" VPOS="2036"/>
							<String ID="STRING84" STYLEREFS="STYLE2" HEIGHT="101" WIDTH="257" HPOS="1523" VPOS="2019" CONTENT="Sagen" WC="0.87" LANG="dan"/>
						</TextLine>
						<TextLine ID="LINE13" HEIGHT="116" WIDTH="1685" HPOS="93" VPOS="2134">
							<String ID="STRING85" STYLEREFS="STYLE2" HEIGHT="62" WIDTH="124" HPOS="93" VPOS="2151" CONTENT="var" WC="0.66" LANG="dan"/>
							<SP ID="SP73" WIDTH="56" HPOS="217" VPOS="2151"/>
							<String ID="STRING86" STYLEREFS="STYLE2" HEIGHT="101" WIDTH="131" HPOS="273" VPOS="2134" CONTENT="mig" WC="0.64" LANG="dan"/>
							<SP ID="SP74" WIDTH="53" HPOS="404" VPOS="2134"/>
							<String ID="STRING87" STYLEREFS="STYLE2" HEIGHT="98" WIDTH="483" HPOS="457" VPOS="2141" CONTENT="paagieldende," WC="0.71" LANG="dan"/>
							<SP ID="SP75" WIDTH="65" HPOS="940" VPOS="2141"/>
							<String ID="STRING88" STYLEREFS="STYLE2" HEIGHT="99" WIDTH="99" HPOS="1005" VPOS="2141" CONTENT="for" WC="0.78" LANG="dan"/>
							<SP ID="SP76" WIDTH="61" HPOS="1104" VPOS="2141"/>
							<String ID="STRING89" STYLEREFS="STYLE2" HEIGHT="82" WIDTH="135" HPOS="1165" VPOS="2152" CONTENT="min" WC="1" LANG="dan"/>
							<SP ID="SP77" WIDTH="57" HPOS="1300" VPOS="2152"/>
							<String ID="STRING90" STYLEREFS="STYLE2" HEIGHT="79" WIDTH="151" HPOS="1357" VPOS="2171" CONTENT="egen" WC="0.92" LANG="dan"/>
							<SP ID="SP78" WIDTH="55" HPOS="1508" VPOS="2171"/>
							<String ID="STRING91" STYLEREFS="STYLE2" HEIGHT="82" WIDTH="215" HPOS="1563" VPOS="2157" CONTENT="2Eres" WC="0.76" LANG="dan"/>
						</TextLine>
						<TextLine ID="LINE14" HEIGHT="116" WIDTH="1659" HPOS="94" VPOS="2266">
							<String ID="STRING92" STYLEREFS="STYLE2" HEIGHT="99" WIDTH="271" HPOS="94" VPOS="2266" CONTENT="Skyld," WC="0.62" LANG="dan"/>
							<SP ID="SP79" WIDTH="33" HPOS="365" VPOS="2266"/>
							<String ID="STRING93" STYLEREFS="STYLE2" HEIGHT="97" WIDTH="227" HPOS="398" VPOS="2272" CONTENT="ansøge" WC="0.86" LANG="dan"/>
							<SP ID="SP80" WIDTH="29" HPOS="625" VPOS="2272"/>
							<String ID="STRING94" STYLEREFS="STYLE2" HEIGHT="76" WIDTH="81" HPOS="654" VPOS="2296" CONTENT="og" WC="0.86" LANG="dan"/>
							<SP ID="SP81" WIDTH="31" HPOS="735" VPOS="2296"/>
							<String ID="STRING95" STYLEREFS="STYLE2" HEIGHT="103" WIDTH="359" HPOS="766" VPOS="2273" CONTENT="underkaste" WC="0.81" LANG="dan"/>
							<SP ID="SP82" WIDTH="31" HPOS="1125" VPOS="2273"/>
							<String ID="STRING96" STYLEREFS="STYLE2" HEIGHT="98" WIDTH="133" HPOS="1156" VPOS="2284" CONTENT="mig" WC="0.64" LANG="dan"/>
							<SP ID="SP83" WIDTH="31" HPOS="1289" VPOS="2284"/>
							<String ID="STRING97" STYLEREFS="STYLE2" HEIGHT="74" WIDTH="193" HPOS="1320" VPOS="2294" CONTENT="denne" WC="0.85" LANG="dan"/>
							<SP ID="SP84" WIDTH="29" HPOS="1513" VPOS="2294"/>
							<String ID="STRING98" STYLEREFS="STYLE2" HEIGHT="82" WIDTH="211" HPOS="1542" VPOS="2291" CONTENT="Under" SUBS_TYPE="HypPart1" SUBS_CONTENT="Undersøgning," WC="0.73" LANG="dan"/>
							<HYP CONTENT="-"/>
						</TextLine>
						<TextLine ID="LINE15" HEIGHT="129" WIDTH="1684" HPOS="97" VPOS="2394">
							<String ID="STRING99" STYLEREFS="STYLE2" HEIGHT="105" WIDTH="299" HPOS="97" VPOS="2394" CONTENT="søgning," SUBS_TYPE="HypPart2" SUBS_CONTENT="Undersøgning," WC="0.75" LANG="dan"/>
							<SP ID="SP85" WIDTH="43" HPOS="396" VPOS="2394"/>
							<String ID="STRING100" STYLEREFS="STYLE5" HEIGHT="68" WIDTH="171" HPOS="439" VPOS="2424" CONTENT="naar" WC="0.85" LANG="dan"/>
							<SP ID="SP86" WIDTH="50" HPOS="610" VPOS="2424"/>
							<String ID="STRING101" STYLEREFS="STYLE2" HEIGHT="78" WIDTH="120" HPOS="660" VPOS="2410" CONTENT="mit" WC="0.77" LANG="dan"/>
							<SP ID="SP87" WIDTH="29" HPOS="780" VPOS="2410"/>
							<String ID="STRING102" STYLEREFS="STYLE2" HEIGHT="102" WIDTH="287" HPOS="809" VPOS="2407" CONTENT="Forhold" WC="0.57" LANG="dan"/>
							<SP ID="SP88" WIDTH="47" HPOS="1096" VPOS="2407"/>
							<String ID="STRING103" STYLEREFS="STYLE2" HEIGHT="100" WIDTH="119" HPOS="1143" VPOS="2411" CONTENT="har" WC="0.62" LANG="dan"/>
							<SP ID="SP89" WIDTH="42" HPOS="1262" VPOS="2411"/>
							<String ID="STRING104" STYLEREFS="STYLE2" HEIGHT="66" WIDTH="192" HPOS="1304" VPOS="2436" CONTENT="været" WC="1" LANG="dan"/>
							<SP ID="SP90" WIDTH="32" HPOS="1496" VPOS="2436"/>
							<String ID="STRING105" STYLEREFS="STYLE2" HEIGHT="97" WIDTH="253" HPOS="1528" VPOS="2426" CONTENT="redelig," WC="0.91" LANG="dan"/>
						</TextLine>
						<TextLine ID="LINE16" HEIGHT="125" WIDTH="1657" HPOS="95" VPOS="2532">
							<String ID="STRING106" STYLEREFS="STYLE2" HEIGHT="102" WIDTH="99" HPOS="95" VPOS="2532" CONTENT="for" WC="0.53" LANG="dan"/>
							<SP ID="SP91" WIDTH="19" HPOS="194" VPOS="2532"/>
							<String ID="STRING107" STYLEREFS="STYLE2" HEIGHT="80" WIDTH="279" HPOS="213" VPOS="2557" CONTENT="eengang" WC="0.81" LANG="dan"/>
							<SP ID="SP92" WIDTH="21" HPOS="492" VPOS="2557"/>
							<String ID="STRING108" STYLEREFS="STYLE2" HEIGHT="66" WIDTH="67" HPOS="513" VPOS="2557" CONTENT="at" WC="1" LANG="dan"/>
							<SP ID="SP93" WIDTH="35" HPOS="580" VPOS="2557"/>
							<String ID="STRING109" STYLEREFS="STYLE2" HEIGHT="100" WIDTH="407" HPOS="615" VPOS="2540" CONTENT="tilintetgjøre" WC="0.73" LANG="nob"/>
							<SP ID="SP94" WIDTH="33" HPOS="1022" VPOS="2540"/>
							<String ID="STRING110" STYLEREFS="STYLE2" HEIGHT="72" WIDTH="71" HPOS="1055" VPOS="2554" CONTENT="de" WC="0.64" LANG="dan"/>
							<SP ID="SP95" WIDTH="33" HPOS="1126" VPOS="2554"/>
							<String ID="STRING111" STYLEREFS="STYLE2" HEIGHT="79" WIDTH="201" HPOS="1159" VPOS="2567" CONTENT="meget" WC="0.89" LANG="dan"/>
							<SP ID="SP96" WIDTH="31" HPOS="1360" VPOS="2567"/>
							<String ID="STRING112" STYLEREFS="STYLE2" HEIGHT="107" WIDTH="361" HPOS="1391" VPOS="2550" CONTENT="ufordeelag" SUBS_TYPE="HypPart1" SUBS_CONTENT="ufordeelagtige" WC="0.81" LANG="dan"/>
							<HYP CONTENT="-"/>
						</TextLine>
						<TextLine ID="LINE17" HEIGHT="122" WIDTH="1665" HPOS="98" VPOS="2664">
							<String ID="STRING113" STYLEREFS="STYLE2" HEIGHT="97" WIDTH="123" HPOS="98" VPOS="2666" CONTENT="tige" SUBS_TYPE="HypPart2" SUBS_CONTENT="ufordeelagtige" WC="0.76" LANG="dan"/>
							<SP ID="SP97" WIDTH="29" HPOS="221" VPOS="2666"/>
							<String ID="STRING114" STYLEREFS="STYLE2" HEIGHT="105" WIDTH="345" HPOS="250" VPOS="2664" CONTENT="Domme," WC="0.68" LANG="dan"/>
							<SP ID="SP98" WIDTH="47" HPOS="595" VPOS="2664"/>
							<String ID="STRING115" STYLEREFS="STYLE2" HEIGHT="96" WIDTH="129" HPOS="642" VPOS="2674" CONTENT="som" WC="0.66" LANG="dan"/>
							<SP ID="SP99" WIDTH="49" HPOS="771" VPOS="2674"/>
							<String ID="STRING116" STYLEREFS="STYLE2" HEIGHT="102" WIDTH="121" HPOS="820" VPOS="2669" CONTENT="fast" WC="0.71" LANG="dan"/>
							<SP ID="SP100" WIDTH="41" HPOS="941" VPOS="2669"/>
							<String ID="STRING117" STYLEREFS="STYLE2" HEIGHT="71" WIDTH="99" HPOS="982" VPOS="2687" CONTENT="det" WC="0.76" LANG="dan"/>
							<SP ID="SP101" WIDTH="33" HPOS="1081" VPOS="2687"/>
							<String ID="STRING118" STYLEREFS="STYLE2" HEIGHT="97" WIDTH="121" HPOS="1114" VPOS="2680" CONTENT="hele" WC="0.78" LANG="dan"/>
							<SP ID="SP102" WIDTH="33" HPOS="1235" VPOS="2680"/>
							<String ID="STRING119" STYLEREFS="STYLE2" HEIGHT="104" WIDTH="355" HPOS="1268" VPOS="2682" CONTENT="Puhlieum" WC="0.62" LANG="dan"/>
							<SP ID="SP103" WIDTH="37" HPOS="1623" VPOS="2682"/>
							<String ID="STRING120" STYLEREFS="STYLE2" HEIGHT="98" WIDTH="103" HPOS="1660" VPOS="2686" CONTENT="fæl" SUBS_TYPE="HypPart1" SUBS_CONTENT="fælder" WC="1" LANG="dan"/>
							<HYP CONTENT="-"/>
						</TextLine>
						<TextLine ID="LINE18" HEIGHT="116" WIDTH="1692" HPOS="92" VPOS="2804">
							<String ID="STRING121" STYLEREFS="STYLE2" HEIGHT="77" WIDTH="110" HPOS="92" VPOS="2804" CONTENT="der" SUBS_TYPE="HypPart2" SUBS_CONTENT="fælder" WC="0.56" LANG="dan"/>
							<SP ID="SP104" WIDTH="28" HPOS="202" VPOS="2804"/>
							<String ID="STRING122" STYLEREFS="STYLE2" HEIGHT="65" WIDTH="148" HPOS="230" VPOS="2818" CONTENT="over" WC="0.81" LANG="dan"/>
							<SP ID="SP105" WIDTH="26" HPOS="378" VPOS="2818"/>
							<String ID="STRING123" STYLEREFS="STYLE2" HEIGHT="74" WIDTH="194" HPOS="404" VPOS="2813" CONTENT="denne" WC="0.85" LANG="dan"/>
							<SP ID="SP106" WIDTH="14" HPOS="598" VPOS="2813"/>
							<String ID="STRING124" STYLEREFS="STYLE2" HEIGHT="101" WIDTH="305" HPOS="612" VPOS="2805" CONTENT="Handel;" WC="0.85" LANG="dan"/>
							<SP ID="SP107" WIDTH="27" HPOS="917" VPOS="2805"/>
							<String ID="STRING125" STYLEREFS="STYLE2" HEIGHT="76" WIDTH="79" HPOS="944" VPOS="2831" CONTENT="og" WC="0.35" LANG="dan"/>
							<SP ID="SP108" WIDTH="25" HPOS="1023" VPOS="2831"/>
							<String ID="STRING126" STYLEREFS="STYLE4" HEIGHT="62" WIDTH="167" HPOS="1048" VPOS="2832" CONTENT="naar" WC="0.9" LANG="dan"/>
							<SP ID="SP109" WIDTH="35" HPOS="1215" VPOS="2832"/>
							<String ID="STRING127" STYLEREFS="STYLE2" HEIGHT="92" WIDTH="273" HPOS="1250" VPOS="2816" CONTENT="saaledes" WC="0.83" LANG="dan"/>
							<SP ID="SP110" WIDTH="29" HPOS="1523" VPOS="2816"/>
							<String ID="STRING128" STYLEREFS="STYLE2" HEIGHT="94" WIDTH="232" HPOS="1552" VPOS="2826" CONTENT="enhver" WC="0.71" LANG="dan"/>
						</TextLine>
						<TextLine ID="LINE19" HEIGHT="123" WIDTH="1689" HPOS="93" VPOS="2932">
							<String ID="STRING129" STYLEREFS="STYLE2" HEIGHT="76" WIDTH="21" HPOS="93" VPOS="2934" CONTENT="i" WC="0.31" LANG="dan"/>
							<SP ID="SP111" WIDTH="31" HPOS="114" VPOS="2934"/>
							<String ID="STRING130" STYLEREFS="STYLE2" HEIGHT="91" WIDTH="73" HPOS="145" VPOS="2934" CONTENT="sit" WC="0.91" LANG="dan"/>
							<SP ID="SP112" WIDTH="35" HPOS="218" VPOS="2934"/>
							<String ID="STRING131" STYLEREFS="STYLE2" HEIGHT="83" WIDTH="121" HPOS="253" VPOS="2932" CONTENT="ikke" WC="0.81" LANG="dan"/>
							<SP ID="SP113" WIDTH="31" HPOS="374" VPOS="2932"/>
							<String ID="STRING132" STYLEREFS="STYLE2" HEIGHT="71" WIDTH="145" HPOS="405" VPOS="2948" CONTENT="veed" WC="0.73" LANG="dan"/>
							<SP ID="SP114" WIDTH="37" HPOS="550" VPOS="2948"/>
							<String ID="STRING133" STYLEREFS="STYLE2" HEIGHT="97" WIDTH="89" HPOS="587" VPOS="2941" CONTENT="sig" WC="0.73" LANG="dan"/>
							<SP ID="SP115" WIDTH="31" HPOS="676" VPOS="2941"/>
							<String ID="STRING134" STYLEREFS="STYLE2" HEIGHT="92" WIDTH="107" HPOS="707" VPOS="2942" CONTENT="frie" WC="0.69" LANG="dan"/>
							<SP ID="SP116" WIDTH="35" HPOS="814" VPOS="2942"/>
							<String ID="STRING135" STYLEREFS="STYLE2" HEIGHT="98" WIDTH="95" HPOS="849" VPOS="2938" CONTENT="for" WC="0.72" LANG="dan"/>
							<SP ID="SP117" WIDTH="21" HPOS="944" VPOS="2938"/>
							<String ID="STRING136" STYLEREFS="STYLE2" HEIGHT="105" WIDTH="525" HPOS="965" VPOS="2947" CONTENT="Undersogning," WC="0.75" LANG="dan"/>
							<SP ID="SP118" WIDTH="39" HPOS="1490" VPOS="2947"/>
							<String ID="STRING137" STYLEREFS="STYLE2" HEIGHT="76" WIDTH="79" HPOS="1529" VPOS="2979" CONTENT="og" WC="0.61" LANG="dan"/>
							<SP ID="SP119" WIDTH="33" HPOS="1608" VPOS="2979"/>
							<String ID="STRING138" STYLEREFS="STYLE2" HEIGHT="83" WIDTH="141" HPOS="1641" VPOS="2972" CONTENT="den," WC="0.5" LANG="dan"/>
						</TextLine>
						<TextLine ID="LINE20" HEIGHT="130" WIDTH="1687" HPOS="92" VPOS="3060">
							<String ID="STRING139" STYLEREFS="STYLE2" HEIGHT="74" WIDTH="19" HPOS="92" VPOS="3068" CONTENT="i" WC="0.51" LANG="dan"/>
							<SP ID="SP120" WIDTH="33" HPOS="111" VPOS="3068"/>
							<String ID="STRING140" STYLEREFS="STYLE2" HEIGHT="104" WIDTH="285" HPOS="144" VPOS="3060" CONTENT="Tilfælde" WC="0.76" LANG="dan"/>
							<SP ID="SP121" WIDTH="50" HPOS="429" VPOS="3060"/>
							<String ID="STRING141" STYLEREFS="STYLE2" HEIGHT="99" WIDTH="76" HPOS="479" VPOS="3070" CONTENT="af" WC="1" LANG="dan"/>
							<SP ID="SP122" WIDTH="39" HPOS="555" VPOS="3070"/>
							<String ID="STRING142" STYLEREFS="STYLE2" HEIGHT="98" WIDTH="327" HPOS="594" VPOS="3076" CONTENT="utilbørlig" WC="0.7" LANG="dan"/>
							<SP ID="SP123" WIDTH="31" HPOS="921" VPOS="3076"/>
							<String ID="STRING143" STYLEREFS="STYLE2" HEIGHT="103" WIDTH="319" HPOS="952" VPOS="3077" CONTENT="Forhold," WC="0.76" LANG="dan"/>
							<SP ID="SP124" WIDTH="44" HPOS="1271" VPOS="3077"/>
							<String ID="STRING144" STYLEREFS="STYLE2" HEIGHT="98" WIDTH="464" HPOS="1315" VPOS="3092" CONTENT="overhengende" WC="0.91" LANG="nob"/>
						</TextLine>
						<TextLine ID="LINE21" HEIGHT="121" WIDTH="1661" HPOS="90" VPOS="3198">
							<String ID="STRING145" STYLEREFS="STYLE2" HEIGHT="101" WIDTH="265" HPOS="90" VPOS="3198" CONTENT="Straf," WC="0.86" LANG="dan"/>
							<SP ID="SP125" WIDTH="33" HPOS="355" VPOS="3198"/>
							<String ID="STRING146" STYLEREFS="STYLE2" HEIGHT="82" WIDTH="162" HPOS="388" VPOS="3205" CONTENT="vilde" WC="0.8" LANG="dan"/>
							<SP ID="SP126" WIDTH="22" HPOS="550" VPOS="3205"/>
							<String ID="STRING147" STYLEREFS="STYLE2" HEIGHT="84" WIDTH="236" HPOS="572" VPOS="3207" CONTENT="Landet" WC="0.77" LANG="dan"/>
							<SP ID="SP127" WIDTH="34" HPOS="808" VPOS="3207"/>
							<String ID="STRING148" STYLEREFS="STYLE2" HEIGHT="75" WIDTH="92" HPOS="842" VPOS="3218" CONTENT="vel" WC="1" LANG="dan"/>
							<SP ID="SP128" WIDTH="32" HPOS="934" VPOS="3218"/>
							<String ID="STRING149" STYLEREFS="STYLE2" HEIGHT="80" WIDTH="161" HPOS="966" VPOS="3217" CONTENT="blive" WC="0.86" LANG="dan"/>
							<SP ID="SP129" WIDTH="33" HPOS="1127" VPOS="3217"/>
							<String ID="STRING150" STYLEREFS="STYLE2" HEIGHT="102" WIDTH="271" HPOS="1160" VPOS="3217" CONTENT="forsynet" WC="0.84" LANG="dan"/>
							<SP ID="SP130" WIDTH="29" HPOS="1431" VPOS="3217"/>
							<String ID="STRING151" STYLEREFS="STYLE2" HEIGHT="66" WIDTH="141" HPOS="1460" VPOS="3239" CONTENT="med" WC="0.75" LANG="dan"/>
							<SP ID="SP131" WIDTH="33" HPOS="1601" VPOS="3239"/>
							<String ID="STRING152" STYLEREFS="STYLE2" HEIGHT="75" WIDTH="117" HPOS="1634" VPOS="3236" CONTENT="due" SUBS_TYPE="HypPart1" SUBS_CONTENT="duelige" WC="0.66" LANG="dan"/>
							<HYP CONTENT="-"/>
						</TextLine>
						<TextLine ID="LINE22" HEIGHT="128" WIDTH="1685" HPOS="93" VPOS="3332">
							<String ID="STRING153" STYLEREFS="STYLE2" HEIGHT="99" WIDTH="115" HPOS="93" VPOS="3332" CONTENT="lige" SUBS_TYPE="HypPart2" SUBS_CONTENT="duelige" WC="0.88" LANG="dan"/>
							<SP ID="SP132" WIDTH="39" HPOS="208" VPOS="3332"/>
							<String ID="STRING154" STYLEREFS="STYLE2" HEIGHT="78" WIDTH="81" HPOS="247" VPOS="3356" CONTENT="og" WC="0.77" LANG="dan"/>
							<SP ID="SP133" WIDTH="49" HPOS="328" VPOS="3356"/>
							<String ID="STRING155" STYLEREFS="STYLE2" HEIGHT="95" WIDTH="251" HPOS="377" VPOS="3344" CONTENT="redelige" WC="0.78" LANG="dan"/>
							<SP ID="SP134" WIDTH="29" HPOS="628" VPOS="3344"/>
							<String ID="STRING156" STYLEREFS="STYLE2" HEIGHT="106" WIDTH="409" HPOS="657" VPOS="3342" CONTENT="Vetiemere;" WC="0.68" LANG="dan"/>
							<SP ID="SP135" WIDTH="55" HPOS="1066" VPOS="3342"/>
							<String ID="STRING157" STYLEREFS="STYLE2" HEIGHT="96" WIDTH="91" HPOS="1121" VPOS="3353" CONTENT="thi" WC="0.74" LANG="dan"/>
							<SP ID="SP136" WIDTH="45" HPOS="1212" VPOS="3353"/>
							<String ID="STRING158" STYLEREFS="STYLE2" HEIGHT="58" WIDTH="67" HPOS="1257" VPOS="3378" CONTENT="at" WC="0.59" LANG="dan"/>
							<SP ID="SP137" WIDTH="53" HPOS="1324" VPOS="3378"/>
							<String ID="STRING159" STYLEREFS="STYLE2" HEIGHT="94" WIDTH="159" HPOS="1377" VPOS="3357" CONTENT="sække" WC="0.72" LANG="dan"/>
							<SP ID="SP138" WIDTH="37" HPOS="1536" VPOS="3357"/>
							<String ID="STRING160" STYLEREFS="STYLE2" HEIGHT="99" WIDTH="205" HPOS="1573" VPOS="3361" CONTENT="Laster" WC="0.54" LANG="dan"/>
						</TextLine>
						<TextLine ID="LINE23" HEIGHT="130" WIDTH="1690" HPOS="89" VPOS="3467">
							<String ID="STRING161" STYLEREFS="STYLE4" HEIGHT="75" WIDTH="80" HPOS="89" VPOS="3486" CONTENT="og" WC="0.85" LANG="dan"/>
							<SP ID="SP139" WIDTH="33" HPOS="169" VPOS="3486"/>
							<String ID="STRING162" STYLEREFS="STYLE2" HEIGHT="97" WIDTH="251" HPOS="202" VPOS="3467" CONTENT="Dyder" WC="0.59" LANG="dan"/>
							<SP ID="SP140" WIDTH="43" HPOS="453" VPOS="3467"/>
							<String ID="STRING163" STYLEREFS="STYLE2" HEIGHT="78" WIDTH="19" HPOS="496" VPOS="3476" CONTENT="i" WC="1" LANG="dan"/>
							<SP ID="SP141" WIDTH="45" HPOS="515" VPOS="3476"/>
							<String ID="STRING164" STYLEREFS="STYLE2" HEIGHT="107" WIDTH="347" HPOS="560" VPOS="3477" CONTENT="Ligevægt," WC="0.73" LANG="dan"/>
							<SP ID="SP142" WIDTH="47" HPOS="907" VPOS="3477"/>
							<String ID="STRING165" STYLEREFS="STYLE2" HEIGHT="104" WIDTH="121" HPOS="954" VPOS="3479" CONTENT="har" WC="0.61" LANG="dan"/>
							<SP ID="SP143" WIDTH="47" HPOS="1075" VPOS="3479"/>
							<String ID="STRING166" STYLEREFS="STYLE2" HEIGHT="106" WIDTH="185" HPOS="1122" VPOS="3484" CONTENT="ingen" WC="0.84" LANG="dan"/>
							<SP ID="SP144" WIDTH="40" HPOS="1307" VPOS="3484"/>
							<String ID="STRING167" STYLEREFS="STYLE2" HEIGHT="95" WIDTH="160" HPOS="1347" VPOS="3500" CONTENT="gode" WC="0.56" LANG="dan"/>
							<SP ID="SP145" WIDTH="35" HPOS="1507" VPOS="3500"/>
							<String ID="STRING168" STYLEREFS="STYLE2" HEIGHT="106" WIDTH="237" HPOS="1542" VPOS="3491" CONTENT="Følger" WC="0.68" LANG="dan"/>
						</TextLine>
						<TextLine ID="LINE24" HEIGHT="135" WIDTH="1676" HPOS="96" VPOS="3598">
							<String ID="STRING169" STYLEREFS="STYLE2" HEIGHT="102" WIDTH="97" HPOS="96" VPOS="3598" CONTENT="for" WC="0.27" LANG="dan"/>
							<SP ID="SP146" WIDTH="31" HPOS="193" VPOS="3598"/>
							<String ID="STRING170" STYLEREFS="STYLE2" HEIGHT="91" WIDTH="287" HPOS="224" VPOS="3603" CONTENT="Staten." WC="0.9" LANG="dan"/>
							<SP ID="SP147" WIDTH="1118" HPOS="511" VPOS="3603"/>
							<String ID="STRING171" STYLEREFS="STYLE6" HEIGHT="107" WIDTH="143" HPOS="1629" VPOS="3626" CONTENT="Jeg" WC="0.82" LANG="dan"/>
						</TextLine>
					</TextBlock>
				</ComposedBlock>
			</PrintSpace>
		</Page>
	</Layout>
</alto>
