2880 4622
977 571 102 72 24

873 729 314 86 Uniterm
1225 721 168 96 feem
1435 723 166 94 tgien
1647 725 134 90 som
1813 745 64 58 er
1913 721 292 102 fattelig,
2253 745 204 78 meget
2489 749 164 60 mere

876 849 163 104 skeer
1073 855 104 70 det
1217 851 146 74 med
1401 841 336 104 Tusinde,
1787 845 374 100 Hundrede
2195 849 336 100 Tusinde,
2581 875 76 56 en

883 969 288 84 Million
1217 971 146 76 eller
1397 969 168 96 flere.

1085 1201 224 86 Dette
1345 1199 220 100 holder
1589 1203 98 96 jeg
1709 1199 102 98 for
1833 1225 76 58 en
1931 1203 552 100 Hoved-Aarsag,
2521 1205 136 92 som

885 1321 370 104 forblinder
1299 1339 154 64 vort
1471 1323 364 98 Indicium
1857 1347 104 58 om
1991 1327 316 96 Lotterier,
2369 1349 142 58 men
2531 1325 102 96 for-

889 1449 348 92 nemmelig
1291 1465 154 62 over
1493 1447 180 88 Tal-
1713 1445 310 84 Lotteriet.
2133 1447 128 86 De
2327 1451 296 92 ubegribe-

891 1571 122 96 lige
1045 1569 356 84 Summer
1437 1571 22 80 i
1497 1575 140 74 dets
1675 1571 390 92 indvendige
2125 1569 186 86 Dele
2363 1575 174 90 giøre
2589 1593 76 56 en

893 1689 288 102 Massa,
1239 1691 170 98 Hob
1461 1697 144 76 eller
1649 1691 272 98 Dynge
1969 1689 78 96 af
2087 1699 100 72 det
2243 1691 424 96 altsammen,

892 1836 87 75 og-
1011 1823 104 76 det
1151 1815 338 96 saaledes,
1543 1833 74 62 at
1649 1839 74 56 en
1757 1815 178 84 snees
1965 1815 300 100 Tusinde
2313 1835 170 60 mere
2531 1819 138 76 eller

893 1941 258 80 mindre
1189 1961 138 72 paa
1371 1945 72 76 de
1477 1943 164 92 store
1669 1937 378 98 Summer,
2079 1937 132 94 som
2231 1937 436 92 Q.vaternen,

901 2063 62 96 gi
975 2081 76 62 ør
1087 2065 172 82 liden
1303 2067 144 74 eller
1481 2063 190 92 ingen
1707 2061 278 98 Forssiel
2019 2059 102 96 for
2175 2079 122 62 vor
2331 2059 98 88 D
2441 2079 202 58 ømme-

895 2183 178 98 kraft
1093 2203 22 88 ;
1173 2185 388 96 ligesaadan
1593 2183 134 98 som
1759 2205 176 62 naar
1967 2187 66 78 vi
2091 2183 122 94 seer
2275 2207 76 56 en
2415 2181 256 94 Dynge

893 2307 252 96 Korn,
1187 2309 68 78 vi
1305 2309 128 78 ikke
1481 2307 132 82 kan
1673 2309 146 78 vide
1891 2327 108 58 om
2063 2311 110 74 der
2227 2327 64 58 er
2325 2327 76 58 en
2441 2303 230 90 Tønde

897 2453 174 64 mere
1117 2437 146 78 eller
1321 2431 276 80 mindre.
1705 2429 142 98 Jeg
1897 2443 170 70 troer
2115 2425 286 98 derfore,
2457 2443 70 64 at
2575 2431 94 74 det

897 2571 130 66 var
1065 2555 126 82 ikke
1219 2551 80 98 af
1311 2551 234 88 Veien
1579 2549 106 98 for
1723 2557 144 78 dem
1907 2549 134 96 som
2081 2553 228 94 lystede
2341 2565 70 64 at
2432 2546 99 94 see
2557 2561 110 80 ret,

899 2697 80 76 og
1027 2677 200 80 tænke
1271 2693 98 64 ret
1419 2679 18 76 i
1493 2679 146 96 flige
1699 2675 228 96 Ting,
1993 2691 72 62 at
2103 2695 164 60 man
2317 2674 213 97 gloede
2587 2673 84 94 sig

897 2801 300 98 Umage,
1281 2817 74 64 at
1397 2799 314 96 udsprede
1767 2797 342 94 saadanne
2179 2795 346 96 Dynger,
2591 2813 78 74 og

901 2939 390 66 anatomere
1339 2923 212 80 baade
1603 2927 144 74 dets
1783 2921 114 80 ind
1933 2957 22 34 -
1977 2941 78 76 og
2087 2921 354 90 udvendige
2471 2913 198 86 Dele.

899 3043 290 98 Hvortil
1217 3063 58 64 et
1319 3061 116 80 got
1459 3043 390 106 Ingenium
1883 3045 214 82 kunde
2133 3039 280 100 optænke
2445 3057 202 74 mang-

899 3163 242 100 foldige
1175 3169 360 88 Maader;
1593 3167 144 94 Lige
1769 3167 342 94 saadanne
2163 3165 134 94 som
2351 3163 124 96 best
2521 3179 154 60 vare

901 3285 286 102 fattelige
1247 3289 104 98 for
1397 3297 184 78 deres
1627 3289 302 96 Begreb,
1993 3287 46 90 f.
2085 3289 82 84 E.
2217 3287 94 84 At
2353 3291 166 92 legge
2573 3309 102 48 io.

901 3419 150 74 eller
1087 3419 152 90 flere
1273 3411 288 100 fattelige
1593 3413 322 86 Billetter
1951 3415 20 78 i
2011 3413 390 98 enPaque,
2459 3431 104 50 io.
2603 3407 52 78 el-

899 3539 94 72 ler
1055 3537 148 92 flere
1245 3535 292 100 Paquer
1589 3539 20 76 i
1665 3559 78 58 en
1795 3533 292 100 Daase,
2169 3561 108 52 10.
2333 3535 142 78 eller
2537 3533 146 94 flere

899 3651 288 98 Daaser
1245 3667 22 76 i
1309 3679 78 62 en
1447 3657 198 98 Esse,
1725 3685 104 54 10.
1891 3663 144 82 eller
2103 3661 150 96 flere
2311 3653 190 98 Esser
2543 3655 20 74 i
2613 3671 74 62 en

2405 3771 190 100 Ens-lis
