<?xml version="1.0" encoding="utf-8"?>
<alto xmlns="http://www.loc.gov/standards/alto/ns-v3#" xmlns:xs="http://www.w3.org/2001/XMLSchema-instance" xmlns:xlink="http://www.w3.org/1999/xlink">
	<Description>
		<MeasurementUnit>pixel</MeasurementUnit>
		<sourceImageInformation>
			<fileName>130017168380_1_009_015_034.tif</fileName>
		</sourceImageInformation>
		<OCRProcessing ID="OCR1">
			<ocrProcessingStep>
				<processingDateTime>2018-09-13</processingDateTime>
				<processingAgency>Zissor AS</processingAgency>
				<processingStepSettings>Combined OCR</processingStepSettings>
				<processingSoftware>
					<softwareCreator>Zissor AS</softwareCreator>
					<softwareName>ContentOCR-11; ContentOCR-Tesseract</softwareName>
					<softwareVersion>2.0.2; 2.0.0</softwareVersion>
					<applicationDescription>OCR Component for Zissor Content System</applicationDescription>
				</processingSoftware>
			</ocrProcessingStep>
		</OCRProcessing>
	</Description>
	<Styles>
		<TextStyle ID="STYLE1" FONTFAMILY="Times New Roman" FONTSIZE="14" FONTSTYLE=""/>
		<TextStyle ID="STYLE2" FONTFAMILY="Arial" FONTSIZE="12" FONTSTYLE=""/>
		<TextStyle ID="STYLE3" FONTFAMILY="Arial" FONTSIZE="14" FONTSTYLE=""/>
		<TextStyle ID="STYLE4" FONTFAMILY="Arial" FONTSIZE="15" FONTSTYLE=""/>
	</Styles>
	<Layout>
		<Page ID="PAGE576" HEIGHT="4710" WIDTH="2935" PHYSICAL_IMG_NR="576" PROCESSING="OCR1" PC="0.79">
			<TopMargin HEIGHT="3" WIDTH="2935" HPOS="0" VPOS="0"/>
			<LeftMargin HEIGHT="4560" WIDTH="0" HPOS="0" VPOS="3"/>
			<RightMargin HEIGHT="4560" WIDTH="0" HPOS="2935" VPOS="3"/>
			<BottomMargin HEIGHT="145" WIDTH="2935" HPOS="0" VPOS="4565"/>
			<PrintSpace ID="PRINTSPACE1" HEIGHT="4560" WIDTH="2933" HPOS="1" VPOS="4">
				<ComposedBlock xs:type="ComposedBlockType" ID="ARTICLE109250" HEIGHT="4560" WIDTH="2933" HPOS="1" VPOS="4" xlink:type="simple">
					<Illustration xs:type="IllustrationType" ID="ZONE1136766" HEIGHT="668" WIDTH="2171" HPOS="1" VPOS="4" xlink:type="simple"/>
					<Illustration xs:type="IllustrationType" ID="ZONE1136767" HEIGHT="1960" WIDTH="915" HPOS="1" VPOS="672" xlink:type="simple"/>
					<TextBlock xs:type="TextBlockType" ID="ZONE1136768" HEIGHT="2070" WIDTH="1792" HPOS="947" VPOS="703" xlink:type="simple">
						<TextLine ID="LINE1" HEIGHT="102" WIDTH="1792" HPOS="947" VPOS="703">
							<String ID="STRING1" STYLEREFS="STYLE1" HEIGHT="76" WIDTH="244" HPOS="947" VPOS="729" CONTENT="mange" WC="0.83" LANG="dan"/>
							<SP ID="SP1" WIDTH="58" HPOS="1191" VPOS="729"/>
							<String ID="STRING2" STYLEREFS="STYLE1" HEIGHT="96" WIDTH="182" HPOS="1249" VPOS="705" CONTENT="setter" WC="0.86" LANG="dan"/>
							<SP ID="SP2" WIDTH="42" HPOS="1431" VPOS="705"/>
							<String ID="STRING3" STYLEREFS="STYLE1" HEIGHT="78" WIDTH="140" HPOS="1473" VPOS="723" CONTENT="paa" WC="0.84" LANG="dan"/>
							<SP ID="SP3" WIDTH="40" HPOS="1613" VPOS="723"/>
							<String ID="STRING4" STYLEREFS="STYLE1" HEIGHT="58" WIDTH="108" HPOS="1653" VPOS="725" CONTENT="een" WC="1" LANG="dan"/>
							<SP ID="SP4" WIDTH="42" HPOS="1761" VPOS="725"/>
							<String ID="STRING5" STYLEREFS="STYLE1" HEIGHT="76" WIDTH="78" HPOS="1803" VPOS="725" CONTENT="og" WC="0.57" LANG="dan"/>
							<SP ID="SP5" WIDTH="34" HPOS="1881" VPOS="725"/>
							<String ID="STRING6" STYLEREFS="STYLE1" HEIGHT="96" WIDTH="244" HPOS="1915" VPOS="703" CONTENT="samme" WC="0.76" LANG="dan"/>
							<SP ID="SP6" WIDTH="34" HPOS="2159" VPOS="703"/>
							<String ID="STRING7" STYLEREFS="STYLE1" HEIGHT="100" WIDTH="258" HPOS="2193" VPOS="705" CONTENT=",Terne," WC="0.75" LANG="dan"/>
							<SP ID="SP7" WIDTH="54" HPOS="2451" VPOS="705"/>
							<String ID="STRING8" STYLEREFS="STYLE1" HEIGHT="78" WIDTH="234" HPOS="2505" VPOS="727" CONTENT="mange" WC="0.9" LANG="dan"/>
						</TextLine>
						<TextLine ID="LINE2" HEIGHT="106" WIDTH="1788" HPOS="951" VPOS="823">
							<String ID="STRING9" STYLEREFS="STYLE1" HEIGHT="76" WIDTH="138" HPOS="951" VPOS="853" CONTENT="paa" WC="0.89" LANG="dan"/>
							<SP ID="SP8" WIDTH="58" HPOS="1089" VPOS="853"/>
							<String ID="STRING10" STYLEREFS="STYLE1" HEIGHT="62" WIDTH="112" HPOS="1147" VPOS="851" CONTENT="een" WC="1" LANG="dan"/>
							<SP ID="SP9" WIDTH="48" HPOS="1259" VPOS="851"/>
							<String ID="STRING11" STYLEREFS="STYLE1" HEIGHT="74" WIDTH="80" HPOS="1307" VPOS="849" CONTENT="og" WC="0.48" LANG="dan"/>
							<SP ID="SP10" WIDTH="50" HPOS="1387" VPOS="849"/>
							<String ID="STRING12" STYLEREFS="STYLE1" HEIGHT="96" WIDTH="248" HPOS="1437" VPOS="823" CONTENT="samme" WC="0.75" LANG="dan"/>
							<SP ID="SP11" WIDTH="44" HPOS="1685" VPOS="823"/>
							<String ID="STRING13" STYLEREFS="STYLE1" HEIGHT="98" WIDTH="410" HPOS="1729" VPOS="825" CONTENT="Qvaterne," WC="0.68" LANG="dan"/>
							<SP ID="SP12" WIDTH="72" HPOS="2139" VPOS="825"/>
							<String ID="STRING14" STYLEREFS="STYLE1" HEIGHT="76" WIDTH="78" HPOS="2211" VPOS="849" CONTENT="og" WC="0.82" LANG="dan"/>
							<SP ID="SP13" WIDTH="46" HPOS="2289" VPOS="849"/>
							<String ID="STRING15" STYLEREFS="STYLE1" HEIGHT="76" WIDTH="72" HPOS="2335" VPOS="835" CONTENT="de" WC="0.64" LANG="dan"/>
							<SP ID="SP14" WIDTH="50" HPOS="2407" VPOS="835"/>
							<String ID="STRING16" STYLEREFS="STYLE1" HEIGHT="82" WIDTH="282" HPOS="2457" VPOS="829" CONTENT="kommer" WC="0.84" LANG="dan"/>
						</TextLine>
						<TextLine ID="LINE3" HEIGHT="104" WIDTH="1786" HPOS="953" VPOS="945">
							<String ID="STRING17" STYLEREFS="STYLE1" HEIGHT="90" WIDTH="130" HPOS="953" VPOS="959" CONTENT="ud," WC="0.6" LANG="dan"/>
							<SP ID="SP15" WIDTH="52" HPOS="1083" VPOS="959"/>
							<String ID="STRING18" STYLEREFS="STYLE1" HEIGHT="98" WIDTH="218" HPOS="1135" VPOS="947" CONTENT="derfor" WC="0.72" LANG="dan"/>
							<SP ID="SP16" WIDTH="64" HPOS="1353" VPOS="947"/>
							<String ID="STRING19" STYLEREFS="STYLE1" HEIGHT="78" WIDTH="208" HPOS="1417" VPOS="949" CONTENT="bliver" WC="0.63" LANG="dan"/>
							<SP ID="SP17" WIDTH="50" HPOS="1625" VPOS="949"/>
							<String ID="STRING20" STYLEREFS="STYLE1" HEIGHT="86" WIDTH="300" HPOS="1675" VPOS="945" CONTENT="Lotteriet" WC="0.75" LANG="dan"/>
							<SP ID="SP18" WIDTH="38" HPOS="1975" VPOS="945"/>
							<String ID="STRING21" STYLEREFS="STYLE1" HEIGHT="76" WIDTH="22" HPOS="2013" VPOS="953" CONTENT="i" WC="0.48" LANG="dan"/>
							<SP ID="SP19" WIDTH="30" HPOS="2035" VPOS="953"/>
							<String ID="STRING22" STYLEREFS="STYLE1" HEIGHT="86" WIDTH="230" HPOS="2065" VPOS="949" CONTENT="Bund" WC="0.7" LANG="dan"/>
							<SP ID="SP20" WIDTH="50" HPOS="2295" VPOS="949"/>
							<String ID="STRING23" STYLEREFS="STYLE1" HEIGHT="76" WIDTH="80" HPOS="2345" VPOS="973" CONTENT="og" WC="0.67" LANG="dan"/>
							<SP ID="SP21" WIDTH="52" HPOS="2425" VPOS="973"/>
							<String ID="STRING24" STYLEREFS="STYLE1" HEIGHT="84" WIDTH="262" HPOS="2477" VPOS="953" CONTENT="Grund" WC="0.68" LANG="dan"/>
						</TextLine>
						<TextLine ID="LINE4" HEIGHT="104" WIDTH="1782" HPOS="957" VPOS="1069">
							<String ID="STRING25" STYLEREFS="STYLE1" HEIGHT="80" WIDTH="318" HPOS="957" VPOS="1077" CONTENT="ruinerer." WC="0.71" LANG="dan"/>
							<SP ID="SP22" WIDTH="132" HPOS="1275" VPOS="1077"/>
							<String ID="STRING26" STYLEREFS="STYLE1" HEIGHT="84" WIDTH="180" HPOS="1407" VPOS="1069" CONTENT="Men" WC="0.75" LANG="dan"/>
							<SP ID="SP23" WIDTH="48" HPOS="1587" VPOS="1069"/>
							<String ID="STRING27" STYLEREFS="STYLE1" HEIGHT="98" WIDTH="268" HPOS="1635" VPOS="1071" CONTENT="betragt" WC="0.58" LANG="dan"/>
							<SP ID="SP24" WIDTH="52" HPOS="1903" VPOS="1071"/>
							<String ID="STRING28" STYLEREFS="STYLE1" HEIGHT="78" WIDTH="254" HPOS="1955" VPOS="1093" CONTENT="engang" WC="0.79" LANG="dan"/>
							<SP ID="SP25" WIDTH="44" HPOS="2209" VPOS="1093"/>
							<String ID="STRING29" STYLEREFS="STYLE1" HEIGHT="76" WIDTH="74" HPOS="2253" VPOS="1079" CONTENT="de" WC="0.72" LANG="dan"/>
							<SP ID="SP26" WIDTH="40" HPOS="2327" VPOS="1079"/>
							<String ID="STRING30" STYLEREFS="STYLE1" HEIGHT="102" WIDTH="372" HPOS="2367" VPOS="1071" CONTENT="foranførte" WC="0.57" LANG="dan"/>
						</TextLine>
						<TextLine ID="LINE5" HEIGHT="104" WIDTH="1750" HPOS="955" VPOS="1193">
							<String ID="STRING31" STYLEREFS="STYLE1" HEIGHT="100" WIDTH="548" HPOS="955" VPOS="1197" CONTENT="Proportioner," WC="0.62" LANG="dan"/>
							<SP ID="SP27" WIDTH="54" HPOS="1503" VPOS="1197"/>
							<String ID="STRING32" STYLEREFS="STYLE1" HEIGHT="60" WIDTH="66" HPOS="1557" VPOS="1215" CONTENT="er" WC="0.79" LANG="dan"/>
							<SP ID="SP28" WIDTH="38" HPOS="1623" VPOS="1215"/>
							<String ID="STRING33" STYLEREFS="STYLE1" HEIGHT="76" WIDTH="110" HPOS="1661" VPOS="1201" CONTENT="der" WC="0.63" LANG="dan"/>
							<SP ID="SP29" WIDTH="58" HPOS="1771" VPOS="1201"/>
							<String ID="STRING34" STYLEREFS="STYLE1" HEIGHT="82" WIDTH="126" HPOS="1829" VPOS="1193" CONTENT="ikke" WC="0.97" LANG="dan"/>
							<SP ID="SP30" WIDTH="44" HPOS="1955" VPOS="1193"/>
							<String ID="STRING35" STYLEREFS="STYLE1" HEIGHT="68" WIDTH="158" HPOS="1999" VPOS="1219" CONTENT="z§9." WC="0.62" LANG="dan"/>
							<SP ID="SP31" WIDTH="36" HPOS="2157" VPOS="1219"/>
							<String ID="STRING36" STYLEREFS="STYLE1" HEIGHT="76" WIDTH="142" HPOS="2193" VPOS="1201" CONTENT="eller" WC="0.91" LANG="dan"/>
							<SP ID="SP32" WIDTH="34" HPOS="2335" VPOS="1201"/>
							<String ID="STRING37" STYLEREFS="STYLE1" HEIGHT="70" WIDTH="164" HPOS="2369" VPOS="1223" CONTENT="400." WC="0.71" LANG="dan"/>
							<SP ID="SP33" WIDTH="38" HPOS="2533" VPOS="1223"/>
							<String ID="STRING38" STYLEREFS="STYLE1" HEIGHT="72" WIDTH="134" HPOS="2571" VPOS="1223" CONTENT="gan" SUBS_TYPE="HypPart1" SUBS_CONTENT="gange" WC="0.88" LANG="dan"/>
							<HYP CONTENT="-"/>
						</TextLine>
						<TextLine ID="LINE6" HEIGHT="104" WIDTH="1752" HPOS="955" VPOS="1315">
							<String ID="STRING39" STYLEREFS="STYLE1" HEIGHT="78" WIDTH="74" HPOS="955" VPOS="1341" CONTENT="ge" SUBS_TYPE="HypPart2" SUBS_CONTENT="gange" WC="0.65" LANG="dan"/>
							<SP ID="SP34" WIDTH="40" HPOS="1029" VPOS="1341"/>
							<String ID="STRING40" STYLEREFS="STYLE1" HEIGHT="94" WIDTH="114" HPOS="1069" VPOS="1319" CONTENT="faa" WC="0.52" LANG="dan"/>
							<SP ID="SP35" WIDTH="38" HPOS="1183" VPOS="1319"/>
							<String ID="STRING41" STYLEREFS="STYLE1" HEIGHT="96" WIDTH="132" HPOS="1221" VPOS="1319" CONTENT="stor" WC="0.55" LANG="dan"/>
							<SP ID="SP36" WIDTH="36" HPOS="1353" VPOS="1319"/>
							<String ID="STRING42" STYLEREFS="STYLE1" HEIGHT="100" WIDTH="308" HPOS="1389" VPOS="1315" CONTENT="Raison," WC="0.73" LANG="nob"/>
							<SP ID="SP37" WIDTH="56" HPOS="1697" VPOS="1315"/>
							<String ID="STRING43" STYLEREFS="STYLE1" HEIGHT="64" WIDTH="74" HPOS="1753" VPOS="1333" CONTENT="at" WC="0.65" LANG="dan"/>
							<SP ID="SP38" WIDTH="34" HPOS="1827" VPOS="1333"/>
							<String ID="STRING44" STYLEREFS="STYLE1" HEIGHT="94" WIDTH="182" HPOS="1861" VPOS="1319" CONTENT="(kutte" WC="0.36" LANG="dan"/>
							<SP ID="SP39" WIDTH="30" HPOS="2043" VPOS="1319"/>
							<String ID="STRING45" STYLEREFS="STYLE1" HEIGHT="78" WIDTH="66" HPOS="2073" VPOS="1319" CONTENT="vi" WC="0.68" LANG="dan"/>
							<SP ID="SP40" WIDTH="34" HPOS="2139" VPOS="1319"/>
							<String ID="STRING46" STYLEREFS="STYLE1" HEIGHT="76" WIDTH="236" HPOS="2173" VPOS="1339" CONTENT="mange" WC="0.85" LANG="dan"/>
							<SP ID="SP41" WIDTH="28" HPOS="2409" VPOS="1339"/>
							<String ID="STRING47" STYLEREFS="STYLE1" HEIGHT="92" WIDTH="132" HPOS="2437" VPOS="1319" CONTENT="som" WC="0.56" LANG="dan"/>
							<SP ID="SP42" WIDTH="40" HPOS="2569" VPOS="1319"/>
							<String ID="STRING48" STYLEREFS="STYLE1" HEIGHT="90" WIDTH="98" HPOS="2609" VPOS="1321" CONTENT="sat" SUBS_TYPE="HypPart1" SUBS_CONTENT="satte" WC="0.76" LANG="dan"/>
							<HYP CONTENT="-"/>
						</TextLine>
						<TextLine ID="LINE7" HEIGHT="104" WIDTH="1776" HPOS="955" VPOS="1437">
							<String ID="STRING49" STYLEREFS="STYLE1" HEIGHT="66" WIDTH="62" HPOS="955" VPOS="1459" CONTENT="te" SUBS_TYPE="HypPart2" SUBS_CONTENT="satte" WC="0.66" LANG="dan"/>
							<SP ID="SP43" WIDTH="34" HPOS="1017" VPOS="1459"/>
							<String ID="STRING50" STYLEREFS="STYLE1" HEIGHT="78" WIDTH="142" HPOS="1051" VPOS="1463" CONTENT="paa" WC="0.87" LANG="dan"/>
							<SP ID="SP44" WIDTH="42" HPOS="1193" VPOS="1463"/>
							<String ID="STRING51" STYLEREFS="STYLE1" HEIGHT="60" WIDTH="110" HPOS="1235" VPOS="1463" CONTENT="een" WC="1" LANG="dan"/>
							<SP ID="SP45" WIDTH="38" HPOS="1345" VPOS="1463"/>
							<String ID="STRING52" STYLEREFS="STYLE1" HEIGHT="74" WIDTH="82" HPOS="1383" VPOS="1463" CONTENT="og" WC="0.7" LANG="dan"/>
							<SP ID="SP46" WIDTH="36" HPOS="1465" VPOS="1463"/>
							<String ID="STRING53" STYLEREFS="STYLE1" HEIGHT="94" WIDTH="246" HPOS="1501" VPOS="1437" CONTENT="samme" WC="0.88" LANG="dan"/>
							<SP ID="SP47" WIDTH="16" HPOS="1747" VPOS="1437"/>
							<String ID="STRING54" STYLEREFS="STYLE1" HEIGHT="84" WIDTH="218" HPOS="1763" VPOS="1437" CONTENT="Ambe" WC="0.67" LANG="dan"/>
							<SP ID="SP48" WIDTH="36" HPOS="1981" VPOS="1437"/>
							<String ID="STRING55" STYLEREFS="STYLE1" HEIGHT="78" WIDTH="108" HPOS="2017" VPOS="1455" CONTENT="tog" WC="0.33" LANG="dan"/>
							<SP ID="SP49" WIDTH="38" HPOS="2125" VPOS="1455"/>
							<String ID="STRING56" STYLEREFS="STYLE1" HEIGHT="100" WIDTH="164" HPOS="2163" VPOS="1439" CONTENT="Feil," WC="0.66" LANG="dan"/>
							<SP ID="SP50" WIDTH="56" HPOS="2327" VPOS="1439"/>
							<String ID="STRING57" STYLEREFS="STYLE1" HEIGHT="58" WIDTH="60" HPOS="2383" VPOS="1463" CONTENT="er" WC="0.77" LANG="dan"/>
							<SP ID="SP51" WIDTH="28" HPOS="2443" VPOS="1463"/>
							<String ID="STRING58" STYLEREFS="STYLE1" HEIGHT="74" WIDTH="100" HPOS="2471" VPOS="1449" CONTENT="det" WC="0.56" LANG="dan"/>
							<SP ID="SP52" WIDTH="30" HPOS="2571" VPOS="1449"/>
							<String ID="STRING59" STYLEREFS="STYLE1" HEIGHT="80" WIDTH="130" HPOS="2601" VPOS="1443" CONTENT="ikke" WC="1" LANG="dan"/>
						</TextLine>
						<TextLine ID="LINE8" HEIGHT="102" WIDTH="1770" HPOS="961" VPOS="1561">
							<String ID="STRING60" STYLEREFS="STYLE1" HEIGHT="70" WIDTH="274" HPOS="961" VPOS="1591" CONTENT="11747." WC="0.66" LANG="dan"/>
							<SP ID="SP53" WIDTH="48" HPOS="1235" VPOS="1591"/>
							<String ID="STRING61" STYLEREFS="STYLE1" HEIGHT="78" WIDTH="218" HPOS="1283" VPOS="1583" CONTENT="gange" WC="0.75" LANG="dan"/>
							<SP ID="SP54" WIDTH="50" HPOS="1501" VPOS="1583"/>
							<String ID="STRING62" STYLEREFS="STYLE1" HEIGHT="94" WIDTH="114" HPOS="1551" VPOS="1561" CONTENT="saa" WC="0.84" LANG="dan"/>
							<SP ID="SP55" WIDTH="54" HPOS="1665" VPOS="1561"/>
							<String ID="STRING63" STYLEREFS="STYLE1" HEIGHT="96" WIDTH="320" HPOS="1719" VPOS="1563" CONTENT="rimeligt," WC="0.79" LANG="dan"/>
							<SP ID="SP56" WIDTH="48" HPOS="2039" VPOS="1563"/>
							<String ID="STRING64" STYLEREFS="STYLE1" HEIGHT="62" WIDTH="72" HPOS="2087" VPOS="1579" CONTENT="at" WC="0.63" LANG="dan"/>
							<SP ID="SP57" WIDTH="30" HPOS="2159" VPOS="1579"/>
							<String ID="STRING65" STYLEREFS="STYLE1" HEIGHT="78" WIDTH="66" HPOS="2189" VPOS="1563" CONTENT="vi" WC="0.5" LANG="dan"/>
							<SP ID="SP58" WIDTH="28" HPOS="2255" VPOS="1563"/>
							<String ID="STRING66" STYLEREFS="STYLE1" HEIGHT="82" WIDTH="106" HPOS="2283" VPOS="1577" CONTENT="tog" WC="0.5" LANG="dan"/>
							<SP ID="SP59" WIDTH="40" HPOS="2389" VPOS="1577"/>
							<String ID="STRING67" STYLEREFS="STYLE1" HEIGHT="98" WIDTH="138" HPOS="2429" VPOS="1565" CONTENT="Feil" WC="0.8" LANG="dan"/>
							<SP ID="SP60" WIDTH="26" HPOS="2567" VPOS="1565"/>
							<String ID="STRING68" STYLEREFS="STYLE1" HEIGHT="70" WIDTH="138" HPOS="2593" VPOS="1589" CONTENT="paa" WC="0.85" LANG="dan"/>
						</TextLine>
						<TextLine ID="LINE9" HEIGHT="106" WIDTH="1776" HPOS="953" VPOS="1681">
							<String ID="STRING69" STYLEREFS="STYLE1" HEIGHT="98" WIDTH="248" HPOS="953" VPOS="1687" CONTENT="Terne," WC="0.81" LANG="dan"/>
							<SP ID="SP61" WIDTH="96" HPOS="1201" VPOS="1687"/>
							<String ID="STRING70" STYLEREFS="STYLE1" HEIGHT="78" WIDTH="82" HPOS="1297" VPOS="1709" CONTENT="og" WC="0.82" LANG="dan"/>
							<SP ID="SP62" WIDTH="52" HPOS="1379" VPOS="1709"/>
							<String ID="STRING71" STYLEREFS="STYLE1" HEIGHT="96" WIDTH="116" HPOS="1431" VPOS="1685" CONTENT="saa" WC="0.8" LANG="dan"/>
							<SP ID="SP63" WIDTH="50" HPOS="1547" VPOS="1685"/>
							<String ID="STRING72" STYLEREFS="STYLE1" HEIGHT="100" WIDTH="366" HPOS="1597" VPOS="1681" CONTENT="fremdeles." WC="0.91" LANG="dan"/>
							<SP ID="SP64" WIDTH="148" HPOS="1963" VPOS="1681"/>
							<String ID="STRING73" STYLEREFS="STYLE1" HEIGHT="84" WIDTH="366" HPOS="2111" VPOS="1683" CONTENT="Q.varerne" WC="0.76" LANG="dan"/>
							<SP ID="SP65" WIDTH="54" HPOS="2477" VPOS="1683"/>
							<String ID="STRING74" STYLEREFS="STYLE1" HEIGHT="82" WIDTH="198" HPOS="2531" VPOS="1687" CONTENT="bliver" WC="0.65" LANG="dan"/>
						</TextLine>
						<TextLine ID="LINE10" HEIGHT="102" WIDTH="1781" HPOS="952" VPOS="1807">
							<String ID="STRING75" STYLEREFS="STYLE2" HEIGHT="96" WIDTH="291" HPOS="952" VPOS="1813" CONTENT="maaskee" WC="0.85" LANG="dan"/>
							<SP ID="SP66" WIDTH="52" HPOS="1243" VPOS="1813"/>
							<String ID="STRING76" STYLEREFS="STYLE1" HEIGHT="96" WIDTH="218" HPOS="1295" VPOS="1813" CONTENT="aldrig" WC="0.72" LANG="dan"/>
							<SP ID="SP67" WIDTH="52" HPOS="1513" VPOS="1813"/>
							<String ID="STRING77" STYLEREFS="STYLE1" HEIGHT="92" WIDTH="314" HPOS="1565" VPOS="1815" CONTENT="complet," WC="1" LANG="dan"/>
							<SP ID="SP68" WIDTH="58" HPOS="1879" VPOS="1815"/>
							<String ID="STRING78" STYLEREFS="STYLE1" HEIGHT="62" WIDTH="148" HPOS="1937" VPOS="1829" CONTENT="men" WC="0.92" LANG="dan"/>
							<SP ID="SP69" WIDTH="62" HPOS="2085" VPOS="1829"/>
							<String ID="STRING79" STYLEREFS="STYLE1" HEIGHT="76" WIDTH="74" HPOS="2147" VPOS="1815" CONTENT="de" WC="0.7" LANG="dan"/>
							<SP ID="SP70" WIDTH="52" HPOS="2221" VPOS="1815"/>
							<String ID="STRING80" STYLEREFS="STYLE1" HEIGHT="96" WIDTH="220" HPOS="2273" VPOS="1809" CONTENT="øvrige" WC="0.67" LANG="dan"/>
							<SP ID="SP71" WIDTH="40" HPOS="2493" VPOS="1809"/>
							<String ID="STRING81" STYLEREFS="STYLE1" HEIGHT="98" WIDTH="200" HPOS="2533" VPOS="1807" CONTENT="spiller" WC="0.78" LANG="dan"/>
						</TextLine>
						<TextLine ID="LINE11" HEIGHT="106" WIDTH="1781" HPOS="954" VPOS="1929">
							<String ID="STRING82" STYLEREFS="STYLE2" HEIGHT="98" WIDTH="204" HPOS="954" VPOS="1937" CONTENT="ogsaa" WC="0.87" LANG="dan"/>
							<SP ID="SP72" WIDTH="53" HPOS="1158" VPOS="1937"/>
							<String ID="STRING83" STYLEREFS="STYLE1" HEIGHT="76" WIDTH="148" HPOS="1211" VPOS="1943" CONTENT="med" WC="0.8" LANG="dan"/>
							<SP ID="SP73" WIDTH="44" HPOS="1359" VPOS="1943"/>
							<String ID="STRING84" STYLEREFS="STYLE1" HEIGHT="74" WIDTH="18" HPOS="1403" VPOS="1941" CONTENT="i" WC="0.44" LANG="dan"/>
							<SP ID="SP74" WIDTH="32" HPOS="1421" VPOS="1941"/>
							<String ID="STRING85" STYLEREFS="STYLE1" HEIGHT="98" WIDTH="158" HPOS="1453" VPOS="1935" CONTENT="hver" WC="0.86" LANG="dan"/>
							<SP ID="SP75" WIDTH="30" HPOS="1611" VPOS="1935"/>
							<String ID="STRING86" STYLEREFS="STYLE1" HEIGHT="100" WIDTH="402" HPOS="1641" VPOS="1931" CONTENT="Trækning," WC="0.78" LANG="dan"/>
							<SP ID="SP76" WIDTH="58" HPOS="2043" VPOS="1931"/>
							<String ID="STRING87" STYLEREFS="STYLE1" HEIGHT="74" WIDTH="80" HPOS="2101" VPOS="1955" CONTENT="og" WC="0.63" LANG="dan"/>
							<SP ID="SP77" WIDTH="36" HPOS="2181" VPOS="1955"/>
							<String ID="STRING88" STYLEREFS="STYLE1" HEIGHT="96" WIDTH="196" HPOS="2217" VPOS="1933" CONTENT="koster" WC="0.82" LANG="dan"/>
							<SP ID="SP78" WIDTH="38" HPOS="2413" VPOS="1933"/>
							<String ID="STRING89" STYLEREFS="STYLE1" HEIGHT="84" WIDTH="284" HPOS="2451" VPOS="1929" CONTENT="Lotteriet" WC="0.6" LANG="dan"/>
						</TextLine>
						<TextLine ID="LINE12" HEIGHT="98" WIDTH="1782" HPOS="953" VPOS="2055">
							<String ID="STRING90" STYLEREFS="STYLE1" HEIGHT="76" WIDTH="182" HPOS="953" VPOS="2067" CONTENT="intet." WC="0.73" LANG="dan"/>
							<SP ID="SP79" WIDTH="162" HPOS="1135" VPOS="2067"/>
							<String ID="STRING91" STYLEREFS="STYLE1" HEIGHT="88" WIDTH="146" HPOS="1297" VPOS="2057" CONTENT="Da" WC="0.65" LANG="dan"/>
							<SP ID="SP80" WIDTH="60" HPOS="1443" VPOS="2057"/>
							<String ID="STRING92" STYLEREFS="STYLE1" HEIGHT="96" WIDTH="244" HPOS="1503" VPOS="2057" CONTENT="samme" WC="0.92" LANG="dan"/>
							<SP ID="SP81" WIDTH="48" HPOS="1747" VPOS="2057"/>
							<String ID="STRING93" STYLEREFS="STYLE1" HEIGHT="60" WIDTH="94" HPOS="1795" VPOS="2077" CONTENT="nu" WC="0.89" LANG="dan"/>
							<SP ID="SP82" WIDTH="38" HPOS="1889" VPOS="2077"/>
							<String ID="STRING94" STYLEREFS="STYLE1" HEIGHT="58" WIDTH="98" HPOS="1927" VPOS="2079" CONTENT="ere" WC="1" LANG="dan"/>
							<SP ID="SP83" WIDTH="32" HPOS="2025" VPOS="2079"/>
							<String ID="STRING95" STYLEREFS="STYLE1" HEIGHT="76" WIDTH="20" HPOS="2057" VPOS="2059" CONTENT="i" WC="0.89" LANG="dan"/>
							<SP ID="SP84" WIDTH="36" HPOS="2077" VPOS="2059"/>
							<String ID="STRING96" STYLEREFS="STYLE1" HEIGHT="96" WIDTH="334" HPOS="2113" VPOS="2057" CONTENT="hundrede" WC="0.74" LANG="dan"/>
							<SP ID="SP85" WIDTH="44" HPOS="2447" VPOS="2057"/>
							<String ID="STRING97" STYLEREFS="STYLE1" HEIGHT="96" WIDTH="244" HPOS="2491" VPOS="2055" CONTENT="tusinde" WC="0.65" LANG="dan"/>
						</TextLine>
						<TextLine ID="LINE13" HEIGHT="102" WIDTH="1782" HPOS="951" VPOS="2179">
							<String ID="STRING98" STYLEREFS="STYLE1" HEIGHT="96" WIDTH="186" HPOS="951" VPOS="2185" CONTENT="Tal," WC="0.9" LANG="dan"/>
							<SP ID="SP86" WIDTH="58" HPOS="1137" VPOS="2185"/>
							<String ID="STRING99" STYLEREFS="STYLE1" HEIGHT="76" WIDTH="80" HPOS="1195" VPOS="2205" CONTENT="og" WC="0.45" LANG="dan"/>
							<SP ID="SP87" WIDTH="56" HPOS="1275" VPOS="2205"/>
							<String ID="STRING100" STYLEREFS="STYLE1" HEIGHT="96" WIDTH="124" HPOS="1331" VPOS="2183" CONTENT="har" WC="0.79" LANG="dan"/>
							<SP ID="SP88" WIDTH="58" HPOS="1455" VPOS="2183"/>
							<String ID="STRING101" STYLEREFS="STYLE1" HEIGHT="94" WIDTH="118" HPOS="1513" VPOS="2185" CONTENT="lige" WC="0.76" LANG="dan"/>
							<SP ID="SP89" WIDTH="54" HPOS="1631" VPOS="2185"/>
							<String ID="STRING102" STYLEREFS="STYLE1" HEIGHT="86" WIDTH="144" HPOS="1685" VPOS="2183" CONTENT="Ret" WC="0.87" LANG="dan"/>
							<SP ID="SP90" WIDTH="44" HPOS="1829" VPOS="2183"/>
							<String ID="STRING103" STYLEREFS="STYLE1" HEIGHT="76" WIDTH="146" HPOS="1873" VPOS="2185" CONTENT="med" WC="0.87" LANG="dan"/>
							<SP ID="SP91" WIDTH="54" HPOS="2019" VPOS="2185"/>
							<String ID="STRING104" STYLEREFS="STYLE1" HEIGHT="94" WIDTH="186" HPOS="2073" VPOS="2179" CONTENT="min," WC="0.83" LANG="dan"/>
							<SP ID="SP92" WIDTH="64" HPOS="2259" VPOS="2179"/>
							<String ID="STRING105" STYLEREFS="STYLE1" HEIGHT="96" WIDTH="166" HPOS="2323" VPOS="2179" CONTENT="hvor" WC="0.47" LANG="dan"/>
							<SP ID="SP93" WIDTH="36" HPOS="2489" VPOS="2179"/>
							<String ID="STRING106" STYLEREFS="STYLE1" HEIGHT="60" WIDTH="64" HPOS="2525" VPOS="2197" CONTENT="er" WC="0.77" LANG="dan"/>
							<SP ID="SP94" WIDTH="50" HPOS="2589" VPOS="2197"/>
							<String ID="STRING107" STYLEREFS="STYLE1" HEIGHT="72" WIDTH="94" HPOS="2639" VPOS="2183" CONTENT="det" WC="0.92" LANG="dan"/>
						</TextLine>
						<TextLine ID="LINE14" HEIGHT="102" WIDTH="1780" HPOS="951" VPOS="2301">
							<String ID="STRING108" STYLEREFS="STYLE1" HEIGHT="78" WIDTH="100" HPOS="951" VPOS="2313" CONTENT="da'" WC="0.68" LANG="dan"/>
							<SP ID="SP95" WIDTH="42" HPOS="1051" VPOS="2313"/>
							<String ID="STRING109" STYLEREFS="STYLE1" HEIGHT="94" WIDTH="286" HPOS="1093" VPOS="2309" CONTENT="rimeligt" WC="0.83" LANG="dan"/>
							<SP ID="SP96" WIDTH="52" HPOS="1379" VPOS="2309"/>
							<String ID="STRING110" STYLEREFS="STYLE1" HEIGHT="90" WIDTH="226" HPOS="1431" VPOS="2311" CONTENT="andet," WC="0.71" LANG="dan"/>
							<SP ID="SP97" WIDTH="46" HPOS="1657" VPOS="2311"/>
							<String ID="STRING111" STYLEREFS="STYLE1" HEIGHT="74" WIDTH="126" HPOS="1703" VPOS="2309" CONTENT="end" WC="0.83" LANG="dan"/>
							<SP ID="SP98" WIDTH="38" HPOS="1829" VPOS="2309"/>
							<String ID="STRING112" STYLEREFS="STYLE1" HEIGHT="76" WIDTH="76" HPOS="1867" VPOS="2309" CONTENT="dr" WC="0.36" LANG="dan"/>
							<SP ID="SP99" WIDTH="34" HPOS="1943" VPOS="2309"/>
							<String ID="STRING113" STYLEREFS="STYLE1" HEIGHT="80" WIDTH="330" HPOS="1977" VPOS="2301" CONTENT="udkomne" WC="0.74" LANG="dan"/>
							<SP ID="SP100" WIDTH="36" HPOS="2307" VPOS="2301"/>
							<String ID="STRING114" STYLEREFS="STYLE1" HEIGHT="58" WIDTH="194" HPOS="2343" VPOS="2321" CONTENT="maae" WC="1" LANG="dan"/>
							<SP ID="SP101" WIDTH="38" HPOS="2537" VPOS="2321"/>
							<String ID="STRING115" STYLEREFS="STYLE1" HEIGHT="62" WIDTH="156" HPOS="2575" VPOS="2317" CONTENT="være" WC="0.82" LANG="dan"/>
						</TextLine>
						<TextLine ID="LINE15" HEIGHT="100" WIDTH="1776" HPOS="951" VPOS="2423">
							<String ID="STRING116" STYLEREFS="STYLE1" HEIGHT="80" WIDTH="282" HPOS="951" VPOS="2433" CONTENT="imellem" WC="0.81" LANG="dan"/>
							<SP ID="SP102" WIDTH="54" HPOS="1233" VPOS="2433"/>
							<String ID="STRING117" STYLEREFS="STYLE1" HEIGHT="96" WIDTH="256" HPOS="1287" VPOS="2427" CONTENT="saadan" WC="0.91" LANG="dan"/>
							<SP ID="SP103" WIDTH="40" HPOS="1543" VPOS="2427"/>
							<String ID="STRING118" STYLEREFS="STYLE1" HEIGHT="58" WIDTH="78" HPOS="1583" VPOS="2449" CONTENT="en" WC="1" LANG="dan"/>
							<SP ID="SP104" WIDTH="48" HPOS="1661" VPOS="2449"/>
							<String ID="STRING119" STYLEREFS="STYLE1" HEIGHT="96" WIDTH="236" HPOS="1709" VPOS="2427" CONTENT="uhyret" WC="0.64" LANG="dan"/>
							<SP ID="SP105" WIDTH="32" HPOS="1945" VPOS="2427"/>
							<String ID="STRING120" STYLEREFS="STYLE1" HEIGHT="96" WIDTH="352" HPOS="1977" VPOS="2425" CONTENT="Mængde," WC="0.74" LANG="dan"/>
							<SP ID="SP106" WIDTH="50" HPOS="2329" VPOS="2425"/>
							<String ID="STRING121" STYLEREFS="STYLE1" HEIGHT="94" WIDTH="132" HPOS="2379" VPOS="2423" CONTENT="som" WC="0.49" LANG="dan"/>
							<SP ID="SP107" WIDTH="38" HPOS="2511" VPOS="2423"/>
							<String ID="STRING122" STYLEREFS="STYLE1" HEIGHT="90" WIDTH="178" HPOS="2549" VPOS="2427" CONTENT="ingen" WC="0.75" LANG="dan"/>
						</TextLine>
						<TextLine ID="LINE16" HEIGHT="104" WIDTH="1770" HPOS="955" VPOS="2547">
							<String ID="STRING123" STYLEREFS="STYLE1" HEIGHT="96" WIDTH="124" HPOS="955" VPOS="2555" CONTENT="har" WC="0.74" LANG="dan"/>
							<SP ID="SP108" WIDTH="50" HPOS="1079" VPOS="2555"/>
							<String ID="STRING124" STYLEREFS="STYLE1" HEIGHT="94" WIDTH="100" HPOS="1129" VPOS="2551" CONTENT="sat" WC="0.92" LANG="dan"/>
							<SP ID="SP109" WIDTH="50" HPOS="1229" VPOS="2551"/>
							<String ID="STRING125" STYLEREFS="STYLE1" HEIGHT="76" WIDTH="160" HPOS="1279" VPOS="2573" CONTENT="paa." WC="0.93" LANG="dan"/>
							<SP ID="SP110" WIDTH="106" HPOS="1439" VPOS="2573"/>
							<String ID="STRING126" STYLEREFS="STYLE1" HEIGHT="100" WIDTH="388" HPOS="1545" VPOS="2549" CONTENT="Hvorledes" WC="0.67" LANG="dan"/>
							<SP ID="SP111" WIDTH="42" HPOS="1933" VPOS="2549"/>
							<String ID="STRING127" STYLEREFS="STYLE1" HEIGHT="98" WIDTH="446" HPOS="1975" VPOS="2547" CONTENT="Gevinsterne" WC="0.77" LANG="dan"/>
							<SP ID="SP112" WIDTH="44" HPOS="2421" VPOS="2547"/>
							<String ID="STRING128" STYLEREFS="STYLE1" HEIGHT="80" WIDTH="260" HPOS="2465" VPOS="2561" CONTENT="opretter" WC="0.69" LANG="dan"/>
						</TextLine>
						<TextLine ID="LINE17" HEIGHT="104" WIDTH="1774" HPOS="947" VPOS="2669">
							<String ID="STRING129" STYLEREFS="STYLE1" HEIGHT="78" WIDTH="78" HPOS="947" VPOS="2683" CONTENT="de" WC="0.71" LANG="dan"/>
							<SP ID="SP113" WIDTH="32" HPOS="1025" VPOS="2683"/>
							<String ID="STRING130" STYLEREFS="STYLE1" HEIGHT="76" WIDTH="242" HPOS="1057" VPOS="2697" CONTENT="mange" WC="0.82" LANG="dan"/>
							<SP ID="SP114" WIDTH="36" HPOS="1299" VPOS="2697"/>
							<String ID="STRING131" STYLEREFS="STYLE1" HEIGHT="96" WIDTH="200" HPOS="1335" VPOS="2671" CONTENT="Tab," WC="0.69" LANG="dan"/>
							<SP ID="SP115" WIDTH="50" HPOS="1535" VPOS="2671"/>
							<String ID="STRING132" STYLEREFS="STYLE1" HEIGHT="96" WIDTH="130" HPOS="1585" VPOS="2673" CONTENT="sees" WC="0.86" LANG="dan"/>
							<SP ID="SP116" WIDTH="34" HPOS="1715" VPOS="2673"/>
							<String ID="STRING133" STYLEREFS="STYLE1" HEIGHT="100" WIDTH="84" HPOS="1749" VPOS="2671" CONTENT="af" WC="1" LANG="dan"/>
							<SP ID="SP117" WIDTH="38" HPOS="1833" VPOS="2671"/>
							<String ID="STRING134" STYLEREFS="STYLE1" HEIGHT="78" WIDTH="74" HPOS="1871" VPOS="2679" CONTENT="de" WC="0.8" LANG="dan"/>
							<SP ID="SP118" WIDTH="52" HPOS="1945" VPOS="2679"/>
							<String ID="STRING135" STYLEREFS="STYLE1" HEIGHT="98" WIDTH="350" HPOS="1997" VPOS="2673" CONTENT="beregnede" WC="0.78" LANG="dan"/>
							<SP ID="SP119" WIDTH="50" HPOS="2347" VPOS="2673"/>
							<String ID="STRING136" STYLEREFS="STYLE1" HEIGHT="100" WIDTH="324" HPOS="2397" VPOS="2669" CONTENT="pr.Cento." WC="0.71" LANG="dan"/>
						</TextLine>
					</TextBlock>
					<Illustration xs:type="IllustrationType" ID="ZONE1136769" HEIGHT="126" WIDTH="1364" HPOS="100" VPOS="2892" xlink:type="simple"/>
					<Illustration xs:type="IllustrationType" ID="ZONE1136770" HEIGHT="12" WIDTH="1396" HPOS="100" VPOS="3018" xlink:type="simple"/>
					<Illustration xs:type="IllustrationType" ID="ZONE1136771" HEIGHT="4" WIDTH="1402" HPOS="100" VPOS="3030" xlink:type="simple"/>
					<Illustration xs:type="IllustrationType" ID="ZONE1136772" HEIGHT="78" WIDTH="1404" HPOS="100" VPOS="3034" xlink:type="simple"/>
					<Illustration xs:type="IllustrationType" ID="ZONE1136773" HEIGHT="18" WIDTH="1420" HPOS="100" VPOS="3112" xlink:type="simple"/>
					<Illustration xs:type="IllustrationType" ID="ZONE1136774" HEIGHT="10" WIDTH="1438" HPOS="100" VPOS="3130" xlink:type="simple"/>
					<Illustration xs:type="IllustrationType" ID="ZONE1136775" HEIGHT="6" WIDTH="1508" HPOS="100" VPOS="3140" xlink:type="simple"/>
					<Illustration xs:type="IllustrationType" ID="ZONE1136776" HEIGHT="10" WIDTH="1708" HPOS="100" VPOS="3146" xlink:type="simple"/>
					<Illustration xs:type="IllustrationType" ID="ZONE1136777" HEIGHT="10" WIDTH="1796" HPOS="100" VPOS="3156" xlink:type="simple"/>
					<Illustration xs:type="IllustrationType" ID="ZONE1136778" HEIGHT="36" WIDTH="1810" HPOS="100" VPOS="3166" xlink:type="simple"/>
					<Illustration xs:type="IllustrationType" ID="ZONE1136779" HEIGHT="50" WIDTH="1794" HPOS="100" VPOS="3202" xlink:type="simple"/>
					<Illustration xs:type="IllustrationType" ID="ZONE1136780" HEIGHT="38" WIDTH="1786" HPOS="100" VPOS="3252" xlink:type="simple"/>
					<Illustration xs:type="IllustrationType" ID="ZONE1136781" HEIGHT="90" WIDTH="1778" HPOS="100" VPOS="3290" xlink:type="simple"/>
					<Illustration xs:type="IllustrationType" ID="ZONE1136782" HEIGHT="6" WIDTH="1746" HPOS="100" VPOS="3380" xlink:type="simple"/>
					<Illustration xs:type="IllustrationType" ID="ZONE1136783" HEIGHT="2" WIDTH="1718" HPOS="100" VPOS="3386" xlink:type="simple"/>
					<Illustration xs:type="IllustrationType" ID="ZONE1136784" HEIGHT="104" WIDTH="1684" HPOS="100" VPOS="3388" xlink:type="simple"/>
					<Illustration xs:type="IllustrationType" ID="ZONE1136785" HEIGHT="4" WIDTH="1772" HPOS="100" VPOS="3492" xlink:type="simple"/>
					<Illustration xs:type="IllustrationType" ID="ZONE1136786" HEIGHT="10" WIDTH="1814" HPOS="100" VPOS="3496" xlink:type="simple"/>
					<Illustration xs:type="IllustrationType" ID="ZONE1136787" HEIGHT="6" WIDTH="1906" HPOS="100" VPOS="3506" xlink:type="simple"/>
					<Illustration xs:type="IllustrationType" ID="ZONE1136788" HEIGHT="2" WIDTH="1914" HPOS="100" VPOS="3512" xlink:type="simple"/>
					<Illustration xs:type="IllustrationType" ID="ZONE1136789" HEIGHT="2" WIDTH="2042" HPOS="100" VPOS="3514" xlink:type="simple"/>
					<Illustration xs:type="IllustrationType" ID="ZONE1136790" HEIGHT="108" WIDTH="2442" HPOS="100" VPOS="3516" xlink:type="simple"/>
					<Illustration xs:type="IllustrationType" ID="ZONE1136791" HEIGHT="2" WIDTH="2476" HPOS="100" VPOS="3624" xlink:type="simple"/>
					<Illustration xs:type="IllustrationType" ID="ZONE1136792" HEIGHT="938" WIDTH="2834" HPOS="100" VPOS="3626" xlink:type="simple"/>
					<TextBlock xs:type="TextBlockType" ID="ZONE1136793" HEIGHT="712" WIDTH="1228" HPOS="1509" VPOS="2905" xlink:type="simple">
						<TextLine ID="LINE18" HEIGHT="104" WIDTH="1214" HPOS="1509" VPOS="2905">
							<String ID="STRING137" STYLEREFS="STYLE1" HEIGHT="60" WIDTH="96" HPOS="1509" VPOS="2933" CONTENT="nu" WC="1" LANG="dan"/>
							<SP ID="SP120" WIDTH="48" HPOS="1605" VPOS="2933"/>
							<String ID="STRING138" STYLEREFS="STYLE1" HEIGHT="64" WIDTH="128" HPOS="1653" VPOS="2929" CONTENT="var" WC="0.87" LANG="dan"/>
							<SP ID="SP121" WIDTH="32" HPOS="1781" VPOS="2929"/>
							<String ID="STRING139" STYLEREFS="STYLE1" HEIGHT="82" WIDTH="306" HPOS="1813" VPOS="2911" CONTENT="kommen" WC="0.84" LANG="dan"/>
							<SP ID="SP122" WIDTH="48" HPOS="2119" VPOS="2911"/>
							<String ID="STRING140" STYLEREFS="STYLE1" HEIGHT="100" WIDTH="186" HPOS="2167" VPOS="2909" CONTENT="hertil" WC="0.72" LANG="dan"/>
							<SP ID="SP123" WIDTH="38" HPOS="2353" VPOS="2909"/>
							<String ID="STRING141" STYLEREFS="STYLE1" HEIGHT="78" WIDTH="132" HPOS="2391" VPOS="2911" CONTENT="med" WC="0.71" LANG="dan"/>
							<SP ID="SP124" WIDTH="32" HPOS="2523" VPOS="2911"/>
							<String ID="STRING142" STYLEREFS="STYLE1" HEIGHT="80" WIDTH="168" HPOS="2555" VPOS="2905" CONTENT="mine" WC="0.91" LANG="dan"/>
						</TextLine>
						<TextLine ID="LINE19" HEIGHT="104" WIDTH="1140" HPOS="1555" VPOS="3029">
							<String ID="STRING143" STYLEREFS="STYLE1" HEIGHT="96" WIDTH="246" HPOS="1555" VPOS="3035" CONTENT="kastede" WC="0.76" LANG="dan"/>
							<SP ID="SP125" WIDTH="46" HPOS="1801" VPOS="3035"/>
							<String ID="STRING144" STYLEREFS="STYLE1" HEIGHT="98" WIDTH="100" HPOS="1847" VPOS="3035" CONTENT="jeg" WC="0.62" LANG="dan"/>
							<SP ID="SP126" WIDTH="48" HPOS="1947" VPOS="3035"/>
							<String ID="STRING145" STYLEREFS="STYLE1" HEIGHT="94" WIDTH="268" HPOS="1995" VPOS="3037" CONTENT="tilbage," WC="0.78" LANG="dan"/>
							<SP ID="SP127" WIDTH="34" HPOS="2263" VPOS="3037"/>
							<String ID="STRING146" STYLEREFS="STYLE1" HEIGHT="100" WIDTH="96" HPOS="2297" VPOS="3029" CONTENT="for" WC="0.55" LANG="dan"/>
							<SP ID="SP128" WIDTH="46" HPOS="2393" VPOS="3029"/>
							<String ID="STRING147" STYLEREFS="STYLE1" HEIGHT="66" WIDTH="70" HPOS="2439" VPOS="3045" CONTENT="at" WC="0.69" LANG="dan"/>
							<SP ID="SP129" WIDTH="44" HPOS="2509" VPOS="3045"/>
							<String ID="STRING148" STYLEREFS="STYLE2" HEIGHT="66" WIDTH="142" HPOS="2553" VPOS="3040" CONTENT="over" SUBS_TYPE="HypPart1" SUBS_CONTENT="overbeskrevne.-" WC="0.86" LANG="dan"/>
							<HYP CONTENT="-"/>
						</TextLine>
						<TextLine ID="LINE20" HEIGHT="102" WIDTH="1196" HPOS="1535" VPOS="3151">
							<String ID="STRING149" STYLEREFS="STYLE3" HEIGHT="97" WIDTH="366" HPOS="1535" VPOS="3155" CONTENT="beskrevne.-" SUBS_TYPE="HypPart2" SUBS_CONTENT="overbeskrevne.-" WC="0.72" LANG="dan"/>
							<SP ID="SP130" WIDTH="286" HPOS="1901" VPOS="3155"/>
							<String ID="STRING150" STYLEREFS="STYLE1" HEIGHT="98" WIDTH="384" HPOS="2187" VPOS="3155" CONTENT="forundrede" WC="0.74" LANG="dan"/>
							<SP ID="SP131" WIDTH="32" HPOS="2571" VPOS="3155"/>
							<String ID="STRING151" STYLEREFS="STYLE1" HEIGHT="92" WIDTH="128" HPOS="2603" VPOS="3151" CONTENT="mig" WC="0.51" LANG="dan"/>
						</TextLine>
						<TextLine ID="LINE21" HEIGHT="108" WIDTH="814" HPOS="1917" VPOS="3269">
							<String ID="STRING152" STYLEREFS="STYLE1" HEIGHT="76" WIDTH="102" HPOS="1917" VPOS="3287" CONTENT="det" WC="0.63" LANG="dan"/>
							<SP ID="SP132" WIDTH="52" HPOS="2019" VPOS="3287"/>
							<String ID="STRING153" STYLEREFS="STYLE1" HEIGHT="94" WIDTH="214" HPOS="2071" VPOS="3283" CONTENT="nesten" WC="0.83" LANG="nob"/>
							<SP ID="SP133" WIDTH="32" HPOS="2285" VPOS="3283"/>
							<String ID="STRING154" STYLEREFS="STYLE1" HEIGHT="80" WIDTH="246" HPOS="2317" VPOS="3279" CONTENT="overalt" WC="0.74" LANG="dan"/>
							<SP ID="SP134" WIDTH="34" HPOS="2563" VPOS="3279"/>
							<String ID="STRING155" STYLEREFS="STYLE1" HEIGHT="98" WIDTH="134" HPOS="2597" VPOS="3269" CONTENT="fuld" WC="0.63" LANG="dan"/>
						</TextLine>
						<TextLine ID="LINE22" HEIGHT="104" WIDTH="731" HPOS="1803" VPOS="3397">
							<String ID="STRING156" STYLEREFS="STYLE1" HEIGHT="78" WIDTH="164" HPOS="1803" VPOS="3407" CONTENT="dette" WC="0.72" LANG="dan"/>
							<SP ID="SP135" WIDTH="28" HPOS="1967" VPOS="3407"/>
							<String ID="STRING157" STYLEREFS="STYLE1" HEIGHT="78" WIDTH="128" HPOS="1995" VPOS="3423" CONTENT="nye" WC="0.78" LANG="dan"/>
							<SP ID="SP136" WIDTH="20" HPOS="2123" VPOS="3423"/>
							<String ID="STRING158" STYLEREFS="STYLE1" HEIGHT="96" WIDTH="290" HPOS="2143" VPOS="3401" CONTENT="Lotterie," WC="0.69" LANG="deu"/>
							<SP ID="SP137" WIDTH="32" HPOS="2433" VPOS="3401"/>
							<String ID="STRING159" STYLEREFS="STYLE4" HEIGHT="95" WIDTH="69" HPOS="2465" VPOS="3397" CONTENT="ja" WC="0.88" LANG="dan"/>
						</TextLine>
					</TextBlock>
				</ComposedBlock>
			</PrintSpace>
		</Page>
	</Layout>
</alto>
