2766 4602
1764 510 84 72 35

171 663 182 94 giøre
385 666 104 76 det
518 659 271 98 Afbræk
823 688 80 75 og
946 667 271 87 Skade.
1328 669 175 83 Men
1540 668 99 95 jeg
1668 667 127 81 kan
1845 690 84 72 op-

179 787 195 91 rigtig
431 782 285 102 forsikre,
767 804 71 66 at
896 789 291 94 saadant
1227 811 129 64 var
1401 800 183 88 langt
1629 787 107 100 fra
1781 792 177 78 mine

180 901 332 102 Tanker,
574 907 98 97 jeg
718 910 168 83 vilde
934 911 196 83 ikkun
1174 912 246 103 eftersee
1474 916 340 96 hvorledes
1852 916 106 77 det

174 1024 150 94 faae
371 1032 90 76 ud
505 1051 136 74 paa
685 1032 192 98 begge
929 1035 250 84 Sider.
1329 1034 106 94 Af
1460 1032 281 100 Planen
1787 1036 176 76 lærte

173 1149 99 92 jeg
309 1145 170 100 srax
511 1171 73 60 ar
609 1153 221 83 kiende
861 1163 121 76 den
1019 1160 159 90 gode
1217 1153 233 99 Side;
1525 1174 79 77 og
1635 1157 145 77 med
1831 1160 103 74 det-

174 1283 58 62 te
274 1265 374 98 foranførte
700 1270 124 100 har
868 1273 102 98 jeg
1020 1274 218 98 stræbt
1288 1293 72 62 ar
1412 1282 146 74 lære
1618 1291 72 64 at
1744 1273 220 83 kiende

175 1395 144 76 dets
371 1381 169 108 slette
589 1393 252 105 Siher.
989 1397 124 99 Og
1149 1399 248 94 dersom
1423 1397 410 98 Udtrykkene
1863 1418 100 60 ere

175 1513 251 96 haarde
455 1534 137 77 paa
633 1522 187 90 nogle
855 1515 301 105 Steder,
1211 1543 63 60 er
1313 1527 99 77 det
1445 1522 125 81 ikke
1607 1521 149 97 skeet
1789 1518 175 100 fordi

170 1641 104 72 der
320 1656 66 60 er
440 1652 58 65 et
548 1635 470 90 Tal-Lotterie
1072 1664 80 76 og
1210 1645 216 95 nyelig
1466 1641 298 101 indført,
1812 1662 152 60 men

167 1753 176 98 fordi
387 1756 284 90 sammes
723 1758 340 101 Egenskab
1121 1783 252 64 maatte
1433 1765 290 100 udpresse
1775 1770 184 93 dem,

169 1875 315 97 saafremt
511 1881 99 94 jeg
649 1882 123 80 ikke
815 1884 203 95 ffulde
1057 1888 185 94 ffiule
1283 1891 171 77 mine
1495 1888 289 88 Tanker.
1865 1886 93 78 At

162 1999 102 94 jeg
302 2020 170 60 mere
504 1999 128 100 har
666 2006 230 94 opholt
928 2007 140 95 mig
1100 2015 146 74 med
1278 2027 74 60 ar
1384 2008 288 97 betragte
1708 2013 72 75 de
1820 2008 110 98 stet-

165 2135 56 64 te
275 2126 122 76 end
433 2126 74 75 de
549 2127 162 90 gode
773 2124 268 102 Sider,
1113 2128 290 84 kommer
1461 2127 210 102 deraf,
1723 2146 72 66 at
1853 2134 98 77 alt

167 2243 179 96 hvad
379 2242 133 94 som
545 2247 261 92 glimrer
845 2245 211 96 falder
1097 2262 79 68 os
1213 2256 170 95 srax
1403 2260 19 72 i
1447 2252 291 95 Ømme,
1773 2258 173 74 uden

168 2381 74 62 at
282 2364 234 97 opsøge
544 2371 124 75 det.
784 2366 180 83 Men
1010 2375 104 77 det
1150 2375 222 78 mørke
1410 2398 80 74 og
1532 2375 238 82 dunkle
1824 2374 126 96 stal

165 2507 168 60 man
375 2492 128 76 lede
531 2507 80 76 og
643 2485 146 97 søge
821 2485 178 104 efter,
1053 2514 110 58 om
1197 2500 102 75 det
1331 2495 126 97 ffal
1485 2493 330 100 retffaffen
1855 2500 64 76 la-

167 2613 75 76 de
277 2609 89 95 sig
401 2608 127 97 see;
573 2613 125 93 dog
733 2610 203 83 bliver
955 2633 75 59 en
1067 2615 189 82 mørk
1285 2613 181 101 Ting
1509 2616 125 81 ikke
1661 2617 255 96 ffinnen-

166 2737 76 74 de
280 2727 172 97 fordi
506 2735 122 76 den
668 2734 262 81 trækkes
972 2731 186 98 frem.
1232 2737 342 100 Foreviser
1624 2759 210 77 nogen
1870 2760 78 58 en

161 2859 130 92 god
341 2874 80 74 og
471 2847 264 102 kostbar
781 2854 224 101 Ting,
1057 2860 202 83 bliver
1293 2867 122 76 den
1455 2862 340 98 fremdeles
1825 2866 128 90 god

165 2997 83 72 og
303 2974 295 97 kostbar,
651 2997 147 61 men
845 2981 165 92 vises
1053 3002 77 60 en
1163 2989 131 76 ond
1333 3007 79 75 og
1447 2986 249 98 heslig,
1747 2984 201 81 bliver

156 3101 132 74 Den
328 3094 342 96 fremdeles
704 3104 132 77 ond
870 3123 80 74 og
992 3101 242 101 heslig,
1292 3107 204 96 ffiont
1530 3108 420 99 Foreviseren

159 3219 218 96 gierne
457 3218 212 99 havde
739 3223 216 98 ønsket
1029 3244 72 62 ar
1163 3228 212 83 kunde
1434 3226 326 101 fremsile
1827 3234 122 77 den

159 3340 323 95 smukkere
517 3363 79 74 og
635 3341 225 100 bedre,
917 3369 79 74 og
1031 3350 117 94 lige
1191 3348 289 95 saaledes
1521 3374 65 61 er
1619 3359 101 74 det
1753 3367 197 81 gaaet

162 3465 110 96 her
318 3468 146 76 med
514 3469 182 77 dette.
818 3466 146 87 Da
998 3469 102 97 jeg
1134 3494 92 59 nu
1262 3475 210 98 havde
1504 3474 114 96 feet
1658 3479 100 78 det
1800 3474 116 98 hes-

157 3587 160 99 lige,
373 3606 82 80 og
505 3587 180 102 hvad
717 3588 160 92 Tab
913 3599 104 78 det
1043 3594 214 85 kunde
1289 3597 168 86 blive
1497 3594 102 104 for
1641 3613 56 64 et
1736 3593 175 100 Puls-

441 3745 3 2 ·
1171 3744 41 59 2
1639 3721 201 82 lieum
