2890 4637
991 435 94 72 30

885 605 236 84 gravet
1193 609 76 60 en
1351 587 244 92 Skar,
1665 599 78 80 og
1807 585 176 78 lover
2037 583 306 84 Skatten
2419 595 90 74 ud
2575 593 70 78 ril

889 723 166 88 den,
1143 711 136 94 som
1357 709 130 78 kan
1563 703 124 92 vise
1763 705 156 98 ham
1987 707 252 82 Steder
2307 713 16 76 i
2397 711 244 98 hvilken

891 839 206 98 Favn
1133 833 80 94 af
1249 833 246 92 samme
1525 827 306 86 Skatten
1863 851 84 56 er.
2053 829 174 84 Men
2265 829 102 98 for
2403 835 240 100 Frihed

885 975 74 64 ar
1017 959 186 92 gierte
1269 973 138 74 paa
1479 957 204 88 dette,
1765 949 250 94 fordrer
2085 951 132 100 han
2287 979 76 56 en
2429 955 214 98 Afgift

889 1075 104 98 for
1055 1075 156 98 hver
1265 1075 204 98 Favn
1521 1071 78 98 af
1645 1073 220 82 Stien
1921 1079 72 72 de
2037 1079 88 74 vil
2177 1079 164 96 have
2373 1077 262 100 forsøgt.

887 1197 150 88 Da
1085 1215 94 62 nu
1227 1195 156 98 hver
1435 1197 200 96 Favn
1693 1195 174 82 Stie
1911 1197 132 92 især
2105 1201 124 78 kan
2303 1203 338 94 ligesaavel

893 1321 170 98 have
1095 1319 312 84 Skatten
1443 1321 18 76 i
1497 1321 90 94 sig
1633 1317 134 96 som
1801 1341 74 58 en
1911 1327 248 92 anden,
2209 1323 88 78 vil
2345 1323 94 96 jeg
2489 1325 148 80 beds

891 1449 74 74 de
1001 1441 228 94 Læsere
1259 1439 134 96 som
1429 1441 124 80 ikke
1585 1441 128 80 kan
1755 1463 222 74 regne,
2025 1459 72 64 ar
2129 1451 70 76 de
2233 1447 90 76 vil
2361 1445 274 94 betragte

891 1565 280 96 Veien,
1225 1585 82 74 og
1347 1563 126 80 ikke
1505 1563 180 98 hykle
1723 1559 100 100 for
1869 1565 90 96 sig
1997 1563 162 100 selv,
2211 1572 270 75 naaede
2411 1573 72 74 de
2515 1567 120 94 har

889 1685 256 100 forsøgt
1179 1695 102 74 det
1305 1713 28 66 5
1355 1711 160 70 zoo.
1537 1707 234 76 gange,
1807 1685 114 93 sem
1961 1687 120 98 har
2117 1693 70 76 de
2223 1689 258 94 udgivet
2529 1691 116 92 lige

888 1813 391 93 saameget
1075 1825 204 82 meget
1343 1807 134 94 som
1535 1807 310 84 Skatten
1909 1827 124 62 var
2095 1815 218 92 værd,
2395 1831 76 74 og
2521 1815 122 92 dog

895 1937 196 92 ligger
1149 1937 108 74 der
1313 1935 222 76 endnu
1589 1937 118 74 den
1745 1931 192 98 halve
1991 1929 200 98 Vei,
2265 1953 78 74 og
2409 1931 208 96 derfor-

887 2063 174 74 uden
1117 2081 162 66 574.
1341 2055 236 98 Favne
1627 2049 314 98 uforsøgt.
2047 2053 190 80 Man
2283 2053 210 80 kunde
2567 2061 82 74 da

889 2183 180 94 giøre
1089 2173 314 100 Udgifter,
1429 2177 134 90 som
1595 2175 258 84 dobbelt
1887 2175 208 80 kunde
2121 2177 304 96 overstige
2451 2183 198 76 denne

891 2301 206 84 Skat
1135 2321 164 60 man
1343 2299 220 98 søger,
1613 2321 80 74 og
1725 2295 214 100 derfor
1979 2297 124 82 ikke
2141 2295 150 98 faae
2321 2303 140 78 den.

1089 2531 308 98 Dersom
1435 2541 186 78 ellers
1667 2553 208 80 nogen
1913 2533 276 100 behager
2213 2541 202 74 denne
2433 2535 180 82 Maa-

893 2669 74 74 de
1003 2673 70 68 at
1111 2661 170 98 spille
1322 2658 177 96 Ham
1527 2665 144 76 dem
1727 2665 92 74 vil
1851 2661 100 94 jeg
1991 2665 204 76 raade
2221 2675 74 62 at
2321 2655 164 96 spille
2515 2677 132 74 paa

891 2781 258 102 Terne,
1203 2783 92 100 thi
1333 2781 198 100 spillet
1565 2801 64 64 er
1663 2787 20 78 i
1723 2785 90 96 sig
1843 2781 126 96 selv
2001 2799 58 64 et
2109 2803 78 76 og
2219 2785 100 78 det
2351 2779 252 94 samme.

1513 2999 68 88 5.
1655 2977 408 116 Exempel.

1091 3143 144 102 Jeg
1287 3151 172 76 vilde
1499 3145 110 98 her
1651 3145 170 82 blive
1881 3153 120 74 ved
2047 3143 236 100 forrige
2333 3135 316 106 Lignelse,

893 3279 152 70 Men
1095 3271 190 80 dertil
1341 3291 64 58 er
1463 3267 338 84 Sielland
1843 3273 136 94 mig
2019 3269 102 98 for
2179 3275 166 76 liden
2513 3265 138 98 Jeg

889 3405 176 66 troer
1099 3393 198 96 ogsaa
1343 3409 72 64 at
1445 3409 164 62 man
1647 3393 126 80 nok
1819 3393 128 80 kan
1997 3395 286 96 betragte
2328 3387 328 101 Exempler

889 3513 334 98 endfliønt
1265 3535 166 64 man
1491 3513 126 84 ikke
1657 3513 182 96 reiser
1889 3513 258 90 Veien.
2279 3511 134 88 Lad
2445 3523 76 68 os
2571 3517 90 76 da

2417 3629 148 100 fette
