2851 4575
947 551 126 70 20

823 733 426 94 ødeleggende
1299 719 106 98 for
1455 723 152 98 Flid
1663 743 78 76 og
1787 719 496 104 Tarvelighed?
2351 727 144 98 Her
2525 753 60 60 er

825 863 126 76 den
985 865 156 68 rette
1175 845 226 80 Qvæl
1437 847 72 76 til
1545 861 120 64 vor
1703 845 294 98 Armod,
2073 853 110 74 der
2221 850 362 95 overskylet

821 975 280 84 Staten
1137 973 146 76 med
1303 965 272 86 Betlere
1607 987 78 74 og
1705 967 274 98 Fattige.
2085 969 176 88 Den
2273 995 74 58 ne
2363 973 220 84 Qvæl

827 1121 68 60 er
923 1103 144 88 det,
1141 1097 110 76 der
1287 1091 126 96 stal
1467 1091 294 94 stoppes,
1843 1111 104 58 om
2003 1089 420 86 Strømmen
2461 1097 124 96 stal

823 1223 298 96 hindres.
1267 1213 96 80 Ar
1409 1213 168 78 vilde
1629 1229 212 62 curere
1885 1229 118 64 vor
2039 1213 386 100 Fattigdom
2463 1223 118 74 ved

821 1345 348 84 Lotteriers
1211 1331 410 102 Oprettelse,
1697 1355 64 56 er
1819 1339 102 74 det
1975 1339 602 96 allerbagvendreste

823 1471 266 90 Raad,
1169 1459 138 94 som
1347 1463 122 76 den
1503 1455 437 97 menneskelige
1985 1455 430 104 Daarlighed
2445 1463 128 80 kan

817 1591 290 98 opfinde.
1213 1579 172 86 Ved
1425 1579 254 92 saadan
1721 1599 76 58 en
1831 1577 418 100 Fremgang,
2299 1589 116 76 ved
2435 1583 112 82 Lot-

813 1717 190 80 terier
1035 1725 74 66 ar
1147 1703 290 98 forsørge
1481 1707 72 74 de
1589 1703 284 96 ringere,
1945 1725 80 72 og
2075 1705 190 94 tillige
2297 1721 72 62 at
2403 1707 176 94 giøre

813 1853 64 66 er
915 1839 208 92 større
1167 1827 216 80 Antal
1417 1825 306 100 Fattige,
1787 1845 160 60 maa
1999 1825 128 98 hele
2181 1825 268 84 Staten
2480 1829 69 78 til-

803 1960 156 96 sids
987 1953 394 94 forvandles
1425 1951 72 78 til
1547 1965 58 62 et
1649 1945 340 98 Hospital.
2123 1945 168 88 Ved
2325 1973 76 56 en
2437 1947 108 94 saa-

809 2087 140 76 dan
985 2075 450 90 Oeconomie,
1489 2073 112 80 der
1641 2071 20 78 i
1683 2069 344 84 Grunden
2059 2067 324 98 forderver
2419 2073 130 98 Fol-

807 2203 142 82 kets
985 2197 524 92 Tænkemaade,
1567 2191 370 82 overbliver
1973 2195 158 78 intet
2161 2201 190 74 ander
2383 2195 158 80 Mid-

809 2329 102 78 del
959 2325 76 80 kil
1083 2317 398 104 Flittigheds
1547 2313 526 100 Opmuntring,
2163 2325 118 72 end
2333 2319 240 94 yderlig

805 2447 182 84 Nød
1035 2465 80 74 og
1145 2439 286 96 Trang,
1489 2437 136 92 som
1659 2433 78 98 af
1765 2443 124 76 alle
1923 2461 64 58 er
2019 2445 98 76 det
2151 2441 292 98 simeste,
2493 2461 78 72 og

799 2571 194 82 dertil
1029 2585 58 60 er
1113 2561 352 98 ulyksaligt
1487 2559 292 84 Middel.
1887 2563 144 98 Jeg
2067 2565 285 92 tilsaaer
2439 2559 132 94 som

797 2693 180 96 sagt-
1031 2689 96 84 Ar
1177 2691 122 78 den
1355 2683 158 96 beste
1565 2683 260 98 Nytte,
1893 2685 132 94 som
2073 2685 126 80 kan
2247 2689 224 92 giøres
2501 2679 78 100 af

799 2835 62 62 er
879 2813 302 96 Lotterie,
1229 2809 224 94 giøres
1487 2801 80 98 af
1589 2811 102 74 der
1721 2807 568 98 Kio-benhavnsi'e.
2393 2805 178 80 Men

801 2937 184 102 hvad
1033 2935 282 80 derom?
1387 2927 214 84 Naar
1659 2927 338 98 Lotterier,
2081 2927 132 92 som
2277 2927 186 94 viist,
2547 2927 22 78 i

799 3059 354 84 Grunden
1194 3074 98 61 ere
1531 3049 456 96 fordervelige,
2039 3045 418 98 forarmende
2487 3069 82 74 og

797 3185 424 94 ødeleggende
1269 3171 104 98 for
1437 3171 296 86 Staten.
1881 3169 178 86 Den
2119 3171 160 94 beste
2327 3167 240 96 Nytte,

791 3303 146 96 som
975 3311 124 74 den
1129 3297 434 102 Hundebidte
1613 3295 130 80 kan
1775 3293 180 96 giøre
1995 3289 78 96 af
2105 3291 340 98 Hunden,
2499 3309 64 60 er

791 3429 246 94 muelig
1077 3441 74 64 ar
1183 3419 274 100 aftrekke
1499 3421 158 96 ham
1693 3419 186 92 nogle
1921 3411 208 100 Haar
2163 3411 100 96 for
2295 3429 70 64 at
2397 3419 164 88 legge

791 3563 142 76 paa
985 3547 300 82 Skaden
1333 3541 196 102 (ifald
1583 3547 160 74 dette
1797 3535 152 98 efter
1999 3543 280 90 gammel
2339 3531 224 98 Sagn

791 3667 240 102 hjelper
1071 3667 254 98 noget):
1375 3663 186 98 Dog
1603 3683 66 62 er
1707 3665 110 78 der
1855 3663 102 82 vel
1991 3663 228 96 ingen,
2277 3655 132 92 som
2455 3651 106 100 for

2241 3783 208 79 denne
