2896 4648
216 3035 130 53 ■i//i

1038 540 113 89 14

899 725 223 72 derom
1148 765 22 42 ,
1241 728 81 80 og
1375 709 127 98 stal
1555 712 169 79 blive
1773 713 141 77 eder
1965 709 285 97 heiligen
2277 701 391 103 forbunden,

898 861 111 58 om
1048 836 71 97 I
1140 839 95 76 vil
1270 839 371 75 underrette
1676 834 153 95 mig.
1936 830 161 87 Det
2130 835 131 89 som
2296 831 69 98 I
2396 834 269 93 begierer

900 959 82 95 af
1002 966 168 91 mig,
1229 956 189 97 sagde
1457 958 175 96 han,
1676 978 64 58 er
1779 957 127 80 ikke
1947 956 115 92 saa
2115 955 179 91 snart
2336 958 170 93 giorr
2535 955 131 90 som

898 1081 73 102 I
1003 1093 258 85 mener,
1316 1080 187 81 dertil
1536 1079 287 98 behøves
1855 1099 222 75 megen
2118 1080 407 93 Udregning,
2583 1099 82 73 og

901 1213 165 74 dette
1109 1203 199 84 Sted
1362 1225 66 58 er
1465 1204 125 79 ikke
1631 1203 307 97 begvemt
1995 1200 203 95 hertil.
2333 1199 137 95 Jeg
2518 1199 90 78 vil
2643 1198 21 78 i

900 1327 307 96 Morgen
1244 1326 255 80 komme
1523 1328 74 78 til
1629 1335 184 84 eder,
1907 1324 68 78 vi
2007 1323 144 78 ville
2169 1319 346 95 undersøge
2537 1327 122 74 den

900 1455 128 80 live
1062 1452 200 98 Bog,
1318 1444 252 105 hvoraf
1590 1445 112 96 saa
1738 1466 240 76 mange
2012 1464 180 62 arme
2224 1443 168 102 Folk
2422 1446 134 77 lade
2574 1445 86 93 sig

899 1577 320 95 bedrage,
1287 1595 82 74 og
1427 1573 100 93 jeg
1577 1573 126 94 stal
1753 1577 368 74 underrette
2167 1574 140 72 eder
2357 1586 106 58 om
2509 1569 158 74 dette

898 1699 314 84 Lotteries
1248 1696 196 92 sande
1480 1693 283 96 Natur-,
1818 1715 78 74 og
1936 1698 72 74 de
2048 1687 454 100 Mueligheder
2534 1685 132 92 som

897 1829 114 74 der
1039 1842 100 59 ere
1169 1820 138 82 udi.
1413 1821 94 85 Et
1537 1818 188 97 hvert
1741 1814 303 97 Lotterie,
2093 1811 186 97 sagde
2315 1811 134 98 han
2481 1806 158 95 frem-

896 1949 213 92 deles,
1176 1963 66 60 er
1294 1957 172 62 mere
1516 1944 148 75 eller
1720 1940 256 81 mindre
2026 1934 496 97 ufordeelagrigt
2568 1925 102 98 for

897 2065 382 104 Publikum
1311 2062 22 79 i
1351 2058 549 97 Almindelighed,
1935 2078 148 58 men
2123 2063 160 73 dette
2317 2075 96 58 nu
2453 2054 20 74 i
2489 2051 150 80 Kis-

892 2188 312 98 benhavn
1240 2188 320 90 opretrede
1598 2199 358 79 overgaaer
1986 2182 20 74 i
2042 2183 208 74 denne
2284 2172 384 101 Henseende

895 2319 127 74 alle
1053 2318 75 74 de
1161 2314 245 87 andre,
1475 2304 129 80 ikke
1649 2305 268 88 alenefte
1961 2298 174 92 fordi
2187 2298 164 96 (fom
2399 2298 99 94 jeg
2529 2295 108 94 her-

892 2435 155 96 efter
1086 2434 129 95 stal
1266 2432 305 90 overtyde
1630 2426 173 95 eder)
1840 2419 545 96 Muelighederne
2435 2417 230 100 ere-her
2560 2417 107 96 her

895 2557 381 96 uendeligen
1309 2570 175 61 mere
1517 2550 177 78 imod
1739 2546 361 95 Spillerne
2131 2548 121 74 end
2285 2543 21 78 i
2335 2558 189 78 noget
2547 2563 87 56 an-

896 2691 143 85 det,
1140 2698 151 61 men
1350 2670 535 99 fornemmeligen
1948 2666 223 96 efterdi
2220 2672 121 76 den
2398 2665 265 89 mindste

899 2805 197 100 Part
1145 2799 79 97 af
1277 2806 123 74 den
1469 2798 279 100 Fordeel
1821 2789 137 96 som
2027 2784 633 99 Emrepreneurerne

896 2926 229 85 trække
1160 2918 225 99 deraf,
1412 2921 291 80 kommer
1732 2916 169 96 igien
1932 2914 21 80 i
1988 2910 429 85 Circulation.
2498 2904 157 85 Det

897 3053 139 96 som
1069 3052 23 80 i
1127 3052 191 94 nogle
1349 3047 149 82 Aar
1549 3046 123 95 har
1727 3053 201 65 været
1983 3048 263 83 oprettet
2289 3033 19 76 i
2358 3021 262 113 Kjeden-

899 3159 225 116 hasdnk
1174 3171 371 94 endstiont,
1602 3160 259 98 ligesom
1916 3164 125 76 alle
2072 3163 69 76 de
2170 3158 235 90 andre,
2458 3152 169 93 stade-

901 3303 117 93 ligt
1049 3296 105 98 for
1191 3301 77 75 de
1305 3292 371 95 Spillende
1709 3280 21 84 i
1753 3278 549 98 Almindelighed,
2349 3275 119 98 har
2503 3276 21 75 i
2559 3279 99 74 det

895 3425 280 92 mindste
1208 3425 165 77 dette
1402 3417 75 78 til
1522 3416 79 94 sit
1646 3410 337 100 Forsvar,
2050 3421 73 64 at
2166 3408 119 74 den
2316 3397 341 93 Vinding,

897 3545 139 96 som
1067 3544 293 79 kommer
1397 3534 227 99 deraf,
1672 3539 342 77 anvendes
2049 3529 75 80 til
2157 3542 71 64 at
2271 3518 385 97 underholde

901 3675 72 78 de
1000 3666 315 102 Fattige;
1354 3667 19 82 i
1390 3663 259 87 Stedet
1676 3657 105 101 for
1811 3671 74 68 at
1914 3663 105 77 det
2049 3669 64 68 er
2152 3649 105 103 her
2291 3661 54 66 et
2362 3645 145 80 lidet
2522 3637 135 90 Tal

2492 3759 76 104 af
