<?xml version="1.0" encoding="utf-8"?>
<alto xmlns="http://www.loc.gov/standards/alto/ns-v3#" xmlns:xs="http://www.w3.org/2001/XMLSchema-instance" xmlns:xlink="http://www.w3.org/1999/xlink">
	<Description>
		<MeasurementUnit>pixel</MeasurementUnit>
		<sourceImageInformation>
			<fileName>130017168380_1_009_017_028.tif</fileName>
		</sourceImageInformation>
		<OCRProcessing ID="OCR1">
			<ocrProcessingStep>
				<processingDateTime>2018-09-13</processingDateTime>
				<processingAgency>Zissor AS</processingAgency>
				<processingStepSettings>Combined OCR</processingStepSettings>
				<processingSoftware>
					<softwareCreator>Zissor AS</softwareCreator>
					<softwareName>ContentOCR-11; ContentOCR-Tesseract</softwareName>
					<softwareVersion>2.0.2; 2.0.0</softwareVersion>
					<applicationDescription>OCR Component for Zissor Content System</applicationDescription>
				</processingSoftware>
			</ocrProcessingStep>
		</OCRProcessing>
	</Description>
	<Styles>
		<TextStyle ID="STYLE1" FONTFAMILY="Arial" FONTSIZE="9" FONTSTYLE=""/>
		<TextStyle ID="STYLE2" FONTFAMILY="Arial" FONTSIZE="13" FONTSTYLE=""/>
		<TextStyle ID="STYLE3" FONTFAMILY="Arial" FONTSIZE="12" FONTSTYLE=""/>
		<TextStyle ID="STYLE4" FONTFAMILY="Arial" FONTSIZE="12" FONTSTYLE="bold"/>
	</Styles>
	<Layout>
		<Page ID="PAGE667" HEIGHT="4524" WIDTH="2790" PHYSICAL_IMG_NR="667" PROCESSING="OCR1" PC="0.76">
			<TopMargin HEIGHT="0" WIDTH="2790" HPOS="0" VPOS="0"/>
			<LeftMargin HEIGHT="3763" WIDTH="193" HPOS="0" VPOS="0"/>
			<RightMargin HEIGHT="3763" WIDTH="-6" HPOS="2796" VPOS="0"/>
			<BottomMargin HEIGHT="759" WIDTH="2790" HPOS="0" VPOS="3765"/>
			<PrintSpace ID="PRINTSPACE1" HEIGHT="3763" WIDTH="2601" HPOS="194" VPOS="1">
				<ComposedBlock xs:type="ComposedBlockType" ID="ARTICLE109341" HEIGHT="3763" WIDTH="2601" HPOS="194" VPOS="1" xlink:type="simple">
					<Illustration xs:type="IllustrationType" ID="ZONE1138851" HEIGHT="581" WIDTH="1149" HPOS="1646" VPOS="1" xlink:type="simple"/>
					<Illustration xs:type="IllustrationType" ID="ZONE1138852" HEIGHT="278" WIDTH="1025" HPOS="1769" VPOS="580" xlink:type="simple"/>
					<Illustration xs:type="IllustrationType" ID="ZONE1138853" HEIGHT="242" WIDTH="888" HPOS="1906" VPOS="856" xlink:type="simple"/>
					<Illustration xs:type="IllustrationType" ID="ZONE1138854" HEIGHT="81" WIDTH="792" HPOS="2002" VPOS="1097" xlink:type="simple"/>
					<Illustration xs:type="IllustrationType" ID="ZONE1138855" HEIGHT="9" WIDTH="790" HPOS="2004" VPOS="1177" xlink:type="simple"/>
					<Illustration xs:type="IllustrationType" ID="ZONE1138856" HEIGHT="1771" WIDTH="730" HPOS="2060" VPOS="1185" xlink:type="simple"/>
					<TextBlock xs:type="TextBlockType" ID="ZONE1138857" HEIGHT="962" WIDTH="1788" HPOS="212" VPOS="614" xlink:type="simple">
						<TextLine ID="LINE1" HEIGHT="99" WIDTH="1487" HPOS="216" VPOS="615">
							<String ID="STRING1" STYLEREFS="STYLE1" HEIGHT="95" WIDTH="251" HPOS="216" VPOS="616" CONTENT="flatet," WC="0.49" LANG="nob"/>
							<SP ID="SP1" WIDTH="81" HPOS="467" VPOS="616"/>
							<String ID="STRING2" STYLEREFS="STYLE1" HEIGHT="78" WIDTH="20" HPOS="548" VPOS="615" CONTENT="i" WC="0.96" LANG="dan"/>
							<SP ID="SP2" WIDTH="56" HPOS="568" VPOS="615"/>
							<String ID="STRING3" STYLEREFS="STYLE1" HEIGHT="76" WIDTH="104" HPOS="624" VPOS="621" CONTENT="det" WC="0.78" LANG="dan"/>
							<SP ID="SP3" WIDTH="46" HPOS="728" VPOS="621"/>
							<String ID="STRING4" STYLEREFS="STYLE1" HEIGHT="95" WIDTH="276" HPOS="774" VPOS="619" CONTENT="mindste" WC="0.67" LANG="dan"/>
							<SP ID="SP4" WIDTH="56" HPOS="1050" VPOS="619"/>
							<String ID="STRING5" STYLEREFS="STYLE1" HEIGHT="66" WIDTH="310" HPOS="1106" VPOS="644" CONTENT="155000." WC="0.23" LANG="dan"/>
							<SP ID="SP5" WIDTH="48" HPOS="1416" VPOS="644"/>
							<String ID="STRING6" STYLEREFS="STYLE1" HEIGHT="94" WIDTH="239" HPOS="1464" VPOS="619" CONTENT="Rdlr.," WC="0.6" LANG="dan"/>
						</TextLine>
						<TextLine ID="LINE2" HEIGHT="111" WIDTH="1482" HPOS="217" VPOS="725">
							<String ID="STRING7" STYLEREFS="STYLE1" HEIGHT="99" WIDTH="402" HPOS="217" VPOS="736" CONTENT="Lodtagerne" WC="0.58" LANG="dan"/>
							<SP ID="SP6" WIDTH="44" HPOS="619" VPOS="736"/>
							<String ID="STRING8" STYLEREFS="STYLE2" HEIGHT="111" WIDTH="821" HPOS="663" VPOS="725" CONTENT="Ufsxkdxigkekggeligens·III-Faa" WC="0.69" LANG="dan"/>
							<SP ID="SP7" WIDTH="-155" HPOS="1484" VPOS="725"/>
							<String ID="STRING9" STYLEREFS="STYLE1" HEIGHT="61" WIDTH="158" HPOS="1329" VPOS="764" CONTENT="maa" WC="0.37" LANG="dan"/>
							<SP ID="SP8" WIDTH="51" HPOS="1487" VPOS="764"/>
							<String ID="STRING10" STYLEREFS="STYLE2" HEIGHT="78" WIDTH="161" HPOS="1538" VPOS="742" CONTENT="Lader" WC="0.63" LANG="dan"/>
						</TextLine>
						<TextLine ID="LINE3" HEIGHT="100" WIDTH="1462" HPOS="217" VPOS="859">
							<String ID="STRING11" STYLEREFS="STYLE3" HEIGHT="66" WIDTH="80" HPOS="217" VPOS="872" CONTENT="os" WC="0.71" LANG="dan"/>
							<SP ID="SP9" WIDTH="56" HPOS="297" VPOS="872"/>
							<String ID="STRING12" STYLEREFS="STYLE3" HEIGHT="58" WIDTH="92" HPOS="353" VPOS="881" CONTENT="NU" WC="0.28" LANG="dan"/>
							<SP ID="SP10" WIDTH="44" HPOS="445" VPOS="881"/>
							<String ID="STRING13" STYLEREFS="STYLE1" HEIGHT="96" WIDTH="128" HPOS="489" VPOS="861" CONTENT="fte," WC="0.76" LANG="dan"/>
							<SP ID="SP11" WIDTH="48" HPOS="617" VPOS="861"/>
							<String ID="STRING14" STYLEREFS="STYLE1" HEIGHT="56" WIDTH="106" HPOS="665" VPOS="883" CONTENT="om" WC="0.43" LANG="dan"/>
							<SP ID="SP12" WIDTH="68" HPOS="771" VPOS="883"/>
							<String ID="STRING15" STYLEREFS="STYLE1" HEIGHT="97" WIDTH="152" HPOS="839" VPOS="859" CONTENT="efter" WC="0.8" LANG="dan"/>
							<SP ID="SP13" WIDTH="54" HPOS="991" VPOS="859"/>
							<String ID="STRING16" STYLEREFS="STYLE1" HEIGHT="72" WIDTH="184" HPOS="1045" VPOS="870" CONTENT="eders" WC="0.74" LANG="dan"/>
							<SP ID="SP14" WIDTH="58" HPOS="1229" VPOS="870"/>
							<String ID="STRING17" STYLEREFS="STYLE1" HEIGHT="77" WIDTH="124" HPOS="1287" VPOS="866" CONTENT="liile" WC="0.7" LANG="dan"/>
							<SP ID="SP15" WIDTH="54" HPOS="1411" VPOS="866"/>
							<String ID="STRING18" STYLEREFS="STYLE1" HEIGHT="96" WIDTH="214" HPOS="1465" VPOS="863" CONTENT="Bogs" WC="0.57" LANG="dan"/>
						</TextLine>
						<TextLine ID="LINE4" HEIGHT="99" WIDTH="1676" HPOS="217" VPOS="982">
							<String ID="STRING19" STYLEREFS="STYLE1" HEIGHT="82" WIDTH="196" HPOS="217" VPOS="982" CONTENT="Side" WC="0.39" LANG="dan"/>
							<SP ID="SP16" WIDTH="56" HPOS="413" VPOS="982"/>
							<String ID="STRING20" STYLEREFS="STYLE1" HEIGHT="68" WIDTH="110" HPOS="469" VPOS="1009" CONTENT="Z2." WC="0.71" LANG="dan"/>
							<SP ID="SP17" WIDTH="36" HPOS="579" VPOS="1009"/>
							<String ID="STRING21" STYLEREFS="STYLE1" HEIGHT="98" WIDTH="58" HPOS="615" VPOS="983" CONTENT="§." WC="0.64" LANG="dan"/>
							<SP ID="SP18" WIDTH="36" HPOS="673" VPOS="983"/>
							<String ID="STRING22" STYLEREFS="STYLE1" HEIGHT="68" WIDTH="118" HPOS="709" VPOS="1009" CONTENT="47." WC="0.56" LANG="dan"/>
							<SP ID="SP19" WIDTH="60" HPOS="827" VPOS="1009"/>
							<String ID="STRING23" STYLEREFS="STYLE1" HEIGHT="74" WIDTH="80" HPOS="887" VPOS="1006" CONTENT="og" WC="0.57" LANG="dan"/>
							<SP ID="SP20" WIDTH="52" HPOS="967" VPOS="1006"/>
							<String ID="STRING24" STYLEREFS="STYLE1" HEIGHT="98" WIDTH="336" HPOS="1019" VPOS="982" CONTENT="følgende," WC="0.8" LANG="dan"/>
							<SP ID="SP21" WIDTH="62" HPOS="1355" VPOS="982"/>
							<String ID="STRING25" STYLEREFS="STYLE1" HEIGHT="74" WIDTH="160" HPOS="1417" VPOS="991" CONTENT="derte" WC="0.7" LANG="nob"/>
							<SP ID="SP22" WIDTH="50" HPOS="1577" VPOS="991"/>
							<String ID="STRING26" STYLEREFS="STYLE1" HEIGHT="82" WIDTH="266" HPOS="1627" VPOS="983" CONTENT="Lotterie" WC="0.54" LANG="deu"/>
						</TextLine>
						<TextLine ID="LINE5" HEIGHT="105" WIDTH="1780" HPOS="215" VPOS="1101">
							<String ID="STRING27" STYLEREFS="STYLE1" HEIGHT="96" WIDTH="240" HPOS="215" VPOS="1102" CONTENT="ligesaa" WC="0.77" LANG="dan"/>
							<SP ID="SP23" WIDTH="32" HPOS="455" VPOS="1102"/>
							<String ID="STRING28" STYLEREFS="STYLE1" HEIGHT="105" WIDTH="452" HPOS="487" VPOS="1101" CONTENT="fordeelagtigt" WC="0.75" LANG="dan"/>
							<SP ID="SP24" WIDTH="36" HPOS="939" VPOS="1101"/>
							<String ID="STRING29" STYLEREFS="STYLE1" HEIGHT="96" WIDTH="104" HPOS="975" VPOS="1106" CONTENT="for" WC="0.37" LANG="dan"/>
							<SP ID="SP25" WIDTH="34" HPOS="1079" VPOS="1106"/>
							<String ID="STRING30" STYLEREFS="STYLE1" HEIGHT="78" WIDTH="74" HPOS="1113" VPOS="1112" CONTENT="de" WC="0.29" LANG="dan"/>
							<SP ID="SP26" WIDTH="18" HPOS="1187" VPOS="1112"/>
							<String ID="STRING31" STYLEREFS="STYLE1" HEIGHT="97" WIDTH="390" HPOS="1205" VPOS="1106" CONTENT="Spillende," WC="0.69" LANG="dan"/>
							<SP ID="SP27" WIDTH="26" HPOS="1595" VPOS="1106"/>
							<String ID="STRING32" STYLEREFS="STYLE1" HEIGHT="78" WIDTH="78" HPOS="1621" VPOS="1127" CONTENT="og" WC="0.44" LANG="dan"/>
							<SP ID="SP28" WIDTH="36" HPOS="1699" VPOS="1127"/>
							<String ID="STRING33" STYLEREFS="STYLE1" HEIGHT="58" WIDTH="106" HPOS="1735" VPOS="1127" CONTENT="om" WC="0.49" LANG="dan"/>
							<SP ID="SP29" WIDTH="54" HPOS="1841" VPOS="1127"/>
							<String ID="STRING34" STYLEREFS="STYLE1" HEIGHT="75" WIDTH="100" HPOS="1895" VPOS="1111" CONTENT="det" WC="0.87" LANG="dan"/>
						</TextLine>
						<TextLine ID="LINE6" HEIGHT="101" WIDTH="1786" HPOS="212" VPOS="1222">
							<String ID="STRING35" STYLEREFS="STYLE1" HEIGHT="94" WIDTH="104" HPOS="212" VPOS="1222" CONTENT="for" WC="0.53" LANG="dan"/>
							<SP ID="SP30" WIDTH="58" HPOS="316" VPOS="1222"/>
							<String ID="STRING36" STYLEREFS="STYLE1" HEIGHT="98" WIDTH="146" HPOS="374" VPOS="1225" CONTENT="disse" WC="0.61" LANG="dan"/>
							<SP ID="SP31" WIDTH="36" HPOS="520" VPOS="1225"/>
							<String ID="STRING37" STYLEREFS="STYLE1" HEIGHT="58" WIDTH="64" HPOS="556" VPOS="1249" CONTENT="er" WC="0.62" LANG="dan"/>
							<SP ID="SP32" WIDTH="56" HPOS="620" VPOS="1249"/>
							<String ID="STRING38" STYLEREFS="STYLE1" HEIGHT="80" WIDTH="188" HPOS="676" VPOS="1231" CONTENT="bedre" WC="0.58" LANG="dan"/>
							<SP ID="SP33" WIDTH="44" HPOS="864" VPOS="1231"/>
							<String ID="STRING39" STYLEREFS="STYLE1" HEIGHT="74" WIDTH="124" HPOS="908" VPOS="1238" CONTENT="end" WC="0.87" LANG="dan"/>
							<SP ID="SP34" WIDTH="32" HPOS="1032" VPOS="1238"/>
							<String ID="STRING40" STYLEREFS="STYLE1" HEIGHT="74" WIDTH="206" HPOS="1064" VPOS="1238" CONTENT="andre" WC="0.71" LANG="dan"/>
							<SP ID="SP35" WIDTH="36" HPOS="1270" VPOS="1238"/>
							<String ID="STRING41" STYLEREFS="STYLE1" HEIGHT="81" WIDTH="322" HPOS="1306" VPOS="1230" CONTENT="Lotterier." WC="0.52" LANG="dan"/>
							<SP ID="SP36" WIDTH="142" HPOS="1628" VPOS="1230"/>
							<String ID="STRING42" STYLEREFS="STYLE1" HEIGHT="86" WIDTH="228" HPOS="1770" VPOS="1225" CONTENT="Eders" WC="0.71" LANG="dan"/>
						</TextLine>
						<TextLine ID="LINE7" HEIGHT="102" WIDTH="1750" HPOS="216" VPOS="1347">
							<String ID="STRING43" STYLEREFS="STYLE1" HEIGHT="83" WIDTH="350" HPOS="216" VPOS="1348" CONTENT="Skribent" WC="0.62" LANG="dan"/>
							<SP ID="SP37" WIDTH="26" HPOS="566" VPOS="1348"/>
							<String ID="STRING44" STYLEREFS="STYLE1" HEIGHT="94" WIDTH="354" HPOS="592" VPOS="1355" CONTENT="paastaaer" WC="0.77" LANG="dan"/>
							<SP ID="SP38" WIDTH="42" HPOS="946" VPOS="1355"/>
							<String ID="STRING45" STYLEREFS="STYLE1" HEIGHT="76" WIDTH="122" HPOS="988" VPOS="1358" CONTENT="det." WC="0.82" LANG="dan"/>
							<SP ID="SP39" WIDTH="106" HPOS="1110" VPOS="1358"/>
							<String ID="STRING46" STYLEREFS="STYLE1" HEIGHT="80" WIDTH="178" HPOS="1216" VPOS="1352" CONTENT="Men" WC="0.75" LANG="dan"/>
							<SP ID="SP40" WIDTH="40" HPOS="1394" VPOS="1352"/>
							<String ID="STRING47" STYLEREFS="STYLE1" HEIGHT="76" WIDTH="108" HPOS="1434" VPOS="1357" CONTENT="lad" WC="0.78" LANG="dan"/>
							<SP ID="SP41" WIDTH="38" HPOS="1542" VPOS="1357"/>
							<String ID="STRING48" STYLEREFS="STYLE1" HEIGHT="70" WIDTH="80" HPOS="1580" VPOS="1361" CONTENT="os" WC="0.64" LANG="dan"/>
							<SP ID="SP42" WIDTH="24" HPOS="1660" VPOS="1361"/>
							<String ID="STRING49" STYLEREFS="STYLE1" HEIGHT="95" WIDTH="282" HPOS="1684" VPOS="1347" CONTENT="undersø" SUBS_TYPE="HypPart1" SUBS_CONTENT="undersøge" WC="0.75" LANG="dan"/>
							<HYP CONTENT="-"/>
						</TextLine>
						<TextLine ID="LINE8" HEIGHT="100" WIDTH="1186" HPOS="214" VPOS="1473">
							<String ID="STRING50" STYLEREFS="STYLE1" HEIGHT="72" WIDTH="74" HPOS="214" VPOS="1494" CONTENT="ge" SUBS_TYPE="HypPart2" SUBS_CONTENT="undersøge" WC="0.67" LANG="dan"/>
							<SP ID="SP43" WIDTH="34" HPOS="288" VPOS="1494"/>
							<String ID="STRING51" STYLEREFS="STYLE1" HEIGHT="73" WIDTH="100" HPOS="322" VPOS="1478" CONTENT="der" WC="0.62" LANG="dan"/>
							<SP ID="SP44" WIDTH="40" HPOS="422" VPOS="1478"/>
							<String ID="STRING52" STYLEREFS="STYLE1" HEIGHT="76" WIDTH="144" HPOS="462" VPOS="1477" CONTENT="med" WC="0.81" LANG="dan"/>
							<SP ID="SP45" WIDTH="42" HPOS="606" VPOS="1477"/>
							<String ID="STRING53" STYLEREFS="STYLE1" HEIGHT="100" WIDTH="294" HPOS="648" VPOS="1473" CONTENT="Pennen" WC="0.92" LANG="dan"/>
							<SP ID="SP46" WIDTH="38" HPOS="942" VPOS="1473"/>
							<String ID="STRING54" STYLEREFS="STYLE1" HEIGHT="78" WIDTH="20" HPOS="980" VPOS="1476" CONTENT="i" WC="0.85" LANG="dan"/>
							<SP ID="SP47" WIDTH="32" HPOS="1000" VPOS="1476"/>
							<String ID="STRING55" STYLEREFS="STYLE1" HEIGHT="98" WIDTH="368" HPOS="1032" VPOS="1474" CONTENT="Haanden." WC="0.58" LANG="dan"/>
						</TextLine>
					</TextBlock>
					<TextBlock xs:type="TextBlockType" ID="ZONE1138858" HEIGHT="696" WIDTH="1788" HPOS="204" VPOS="1588" xlink:type="simple">
						<TextLine ID="LINE9" HEIGHT="105" WIDTH="1568" HPOS="424" VPOS="1591">
							<String ID="STRING56" STYLEREFS="STYLE1" HEIGHT="96" WIDTH="412" HPOS="424" VPOS="1593" CONTENT="Angaaende" WC="0.81" LANG="dan"/>
							<SP ID="SP48" WIDTH="36" HPOS="836" VPOS="1593"/>
							<String ID="STRING57" STYLEREFS="STYLE1" HEIGHT="73" WIDTH="120" HPOS="872" VPOS="1605" CONTENT="den" WC="0.85" LANG="dan"/>
							<SP ID="SP49" WIDTH="44" HPOS="992" VPOS="1605"/>
							<String ID="STRING58" STYLEREFS="STYLE1" HEIGHT="100" WIDTH="194" HPOS="1036" VPOS="1594" CONTENT="første" WC="0.68" LANG="dan"/>
							<SP ID="SP50" WIDTH="52" HPOS="1230" VPOS="1594"/>
							<String ID="STRING59" STYLEREFS="STYLE1" HEIGHT="100" WIDTH="216" HPOS="1282" VPOS="1596" CONTENT="Post," WC="0.44" LANG="dan"/>
							<SP ID="SP51" WIDTH="74" HPOS="1498" VPOS="1596"/>
							<String ID="STRING60" STYLEREFS="STYLE1" HEIGHT="76" WIDTH="86" HPOS="1572" VPOS="1599" CONTENT="da" WC="0.77" LANG="dan"/>
							<SP ID="SP52" WIDTH="56" HPOS="1658" VPOS="1599"/>
							<String ID="STRING61" STYLEREFS="STYLE1" HEIGHT="60" WIDTH="64" HPOS="1714" VPOS="1613" CONTENT="er" WC="0.65" LANG="dan"/>
							<SP ID="SP53" WIDTH="36" HPOS="1778" VPOS="1613"/>
							<String ID="STRING62" STYLEREFS="STYLE1" HEIGHT="96" WIDTH="178" HPOS="1814" VPOS="1591" CONTENT="hans" WC="0.89" LANG="dan"/>
						</TextLine>
						<TextLine ID="LINE10" HEIGHT="104" WIDTH="1773" HPOS="216" VPOS="1712">
							<String ID="STRING63" STYLEREFS="STYLE1" HEIGHT="97" WIDTH="377" HPOS="216" VPOS="1712" CONTENT="Argument" WC="0.67" LANG="dan"/>
							<SP ID="SP54" WIDTH="67" HPOS="593" VPOS="1712"/>
							<String ID="STRING64" STYLEREFS="STYLE1" HEIGHT="90" WIDTH="113" HPOS="660" VPOS="1717" CONTENT="saa" WC="1" LANG="dan"/>
							<SP ID="SP55" WIDTH="54" HPOS="773" VPOS="1717"/>
							<String ID="STRING65" STYLEREFS="STYLE1" HEIGHT="94" WIDTH="308" HPOS="827" VPOS="1722" CONTENT="elendigt," WC="0.86" LANG="dan"/>
							<SP ID="SP56" WIDTH="73" HPOS="1135" VPOS="1722"/>
							<String ID="STRING66" STYLEREFS="STYLE1" HEIGHT="64" WIDTH="71" HPOS="1208" VPOS="1734" CONTENT="at" WC="1" LANG="dan"/>
							<SP ID="SP57" WIDTH="65" HPOS="1279" VPOS="1734"/>
							<String ID="STRING67" STYLEREFS="STYLE1" HEIGHT="84" WIDTH="423" HPOS="1344" VPOS="1717" CONTENT="Skribenten" WC="0.66" LANG="dan"/>
							<SP ID="SP58" WIDTH="63" HPOS="1767" VPOS="1717"/>
							<String ID="STRING68" STYLEREFS="STYLE1" HEIGHT="60" WIDTH="159" HPOS="1830" VPOS="1733" CONTENT="maa" WC="0.88" LANG="dan"/>
						</TextLine>
						<TextLine ID="LINE11" HEIGHT="99" WIDTH="1776" HPOS="215" VPOS="1834">
							<String ID="STRING69" STYLEREFS="STYLE1" HEIGHT="97" WIDTH="458" HPOS="215" VPOS="1834" CONTENT="ufeilbarligen" WC="0.7" LANG="dan"/>
							<SP ID="SP59" WIDTH="66" HPOS="673" VPOS="1834"/>
							<String ID="STRING70" STYLEREFS="STYLE1" HEIGHT="92" WIDTH="166" HPOS="739" VPOS="1841" CONTENT="have" WC="0.87" LANG="dan"/>
							<SP ID="SP60" WIDTH="62" HPOS="905" VPOS="1841"/>
							<String ID="STRING71" STYLEREFS="STYLE1" HEIGHT="78" WIDTH="194" HPOS="967" VPOS="1840" CONTENT="tænkt" WC="1" LANG="dan"/>
							<SP ID="SP61" WIDTH="44" HPOS="1161" VPOS="1840"/>
							<String ID="STRING72" STYLEREFS="STYLE1" HEIGHT="62" WIDTH="74" HPOS="1205" VPOS="1856" CONTENT="at" WC="1" LANG="dan"/>
							<SP ID="SP62" WIDTH="58" HPOS="1279" VPOS="1856"/>
							<String ID="STRING73" STYLEREFS="STYLE1" HEIGHT="90" WIDTH="176" HPOS="1337" VPOS="1840" CONTENT="hans" WC="0.92" LANG="dan"/>
							<SP ID="SP63" WIDTH="52" HPOS="1513" VPOS="1840"/>
							<String ID="STRING74" STYLEREFS="STYLE1" HEIGHT="90" WIDTH="226" HPOS="1565" VPOS="1837" CONTENT="Læsere" WC="0.83" LANG="dan"/>
							<SP ID="SP64" WIDTH="40" HPOS="1791" VPOS="1837"/>
							<String ID="STRING75" STYLEREFS="STYLE1" HEIGHT="59" WIDTH="160" HPOS="1831" VPOS="1857" CONTENT="vare" WC="0.67" LANG="dan"/>
						</TextLine>
						<TextLine ID="LINE12" HEIGHT="101" WIDTH="1770" HPOS="211" VPOS="1955">
							<String ID="STRING76" STYLEREFS="STYLE1" HEIGHT="74" WIDTH="268" HPOS="211" VPOS="1964" CONTENT="dumme" WC="0.65" LANG="dan"/>
							<SP ID="SP65" WIDTH="36" HPOS="479" VPOS="1964"/>
							<String ID="STRING77" STYLEREFS="STYLE1" HEIGHT="96" WIDTH="286" HPOS="515" VPOS="1957" CONTENT="Bester," WC="0.67" LANG="deu"/>
							<SP ID="SP66" WIDTH="32" HPOS="801" VPOS="1957"/>
							<String ID="STRING78" STYLEREFS="STYLE1" HEIGHT="94" WIDTH="234" HPOS="833" VPOS="1959" CONTENT="forend" WC="0.54" LANG="dan"/>
							<SP ID="SP67" WIDTH="36" HPOS="1067" VPOS="1959"/>
							<String ID="STRING79" STYLEREFS="STYLE1" HEIGHT="94" WIDTH="132" HPOS="1103" VPOS="1962" CONTENT="han" WC="0.83" LANG="dan"/>
							<SP ID="SP68" WIDTH="42" HPOS="1235" VPOS="1962"/>
							<String ID="STRING80" STYLEREFS="STYLE1" HEIGHT="73" WIDTH="180" HPOS="1277" VPOS="1966" CONTENT="torde" WC="0.73" LANG="nob"/>
							<SP ID="SP69" WIDTH="34" HPOS="1457" VPOS="1966"/>
							<String ID="STRING81" STYLEREFS="STYLE1" HEIGHT="60" WIDTH="164" HPOS="1491" VPOS="1979" CONTENT="vove" WC="0.73" LANG="dan"/>
							<SP ID="SP70" WIDTH="32" HPOS="1655" VPOS="1979"/>
							<String ID="STRING82" STYLEREFS="STYLE1" HEIGHT="58" WIDTH="74" HPOS="1687" VPOS="1977" CONTENT="at" WC="1" LANG="dan"/>
							<SP ID="SP71" WIDTH="34" HPOS="1761" VPOS="1977"/>
							<String ID="STRING83" STYLEREFS="STYLE1" HEIGHT="101" WIDTH="186" HPOS="1795" VPOS="1955" CONTENT="freyu" WC="0.78" LANG="dan"/>
						</TextLine>
						<TextLine ID="LINE13" HEIGHT="100" WIDTH="1784" HPOS="205" VPOS="2078">
							<String ID="STRING84" STYLEREFS="STYLE1" HEIGHT="92" WIDTH="172" HPOS="205" VPOS="2078" CONTENT="sætte" WC="0.85" LANG="dan"/>
							<SP ID="SP72" WIDTH="32" HPOS="377" VPOS="2078"/>
							<String ID="STRING85" STYLEREFS="STYLE1" HEIGHT="90" WIDTH="138" HPOS="409" VPOS="2085" CONTENT="det;" WC="0.89" LANG="dan"/>
							<SP ID="SP73" WIDTH="52" HPOS="547" VPOS="2085"/>
							<String ID="STRING86" STYLEREFS="STYLE1" HEIGHT="94" WIDTH="98" HPOS="599" VPOS="2081" CONTENT="jeg" WC="1" LANG="dan"/>
							<SP ID="SP74" WIDTH="28" HPOS="697" VPOS="2081"/>
							<String ID="STRING87" STYLEREFS="STYLE1" HEIGHT="78" WIDTH="92" HPOS="725" VPOS="2081" CONTENT="vil" WC="0.79" LANG="dan"/>
							<SP ID="SP75" WIDTH="34" HPOS="817" VPOS="2081"/>
							<String ID="STRING88" STYLEREFS="STYLE1" HEIGHT="96" WIDTH="216" HPOS="851" VPOS="2080" CONTENT="altsaa" WC="0.9" LANG="dan"/>
							<SP ID="SP76" WIDTH="32" HPOS="1067" VPOS="2080"/>
							<String ID="STRING89" STYLEREFS="STYLE1" HEIGHT="98" WIDTH="184" HPOS="1099" VPOS="2080" CONTENT="spare" WC="0.84" LANG="dan"/>
							<SP ID="SP77" WIDTH="34" HPOS="1283" VPOS="2080"/>
							<String ID="STRING90" STYLEREFS="STYLE1" HEIGHT="95" WIDTH="134" HPOS="1317" VPOS="2082" CONTENT="mig" WC="0.65" LANG="dan"/>
							<SP ID="SP78" WIDTH="40" HPOS="1451" VPOS="2082"/>
							<String ID="STRING91" STYLEREFS="STYLE1" HEIGHT="74" WIDTH="120" HPOS="1491" VPOS="2087" CONTENT="den" WC="0.86" LANG="dan"/>
							<SP ID="SP79" WIDTH="42" HPOS="1611" VPOS="2087"/>
							<String ID="STRING92" STYLEREFS="STYLE1" HEIGHT="90" WIDTH="222" HPOS="1653" VPOS="2085" CONTENT="Umag" WC="0.62" LANG="dan"/>
							<SP ID="SP80" WIDTH="44" HPOS="1875" VPOS="2085"/>
							<String ID="STRING93" STYLEREFS="STYLE1" HEIGHT="62" WIDTH="70" HPOS="1919" VPOS="2096" CONTENT="at" WC="1" LANG="dan"/>
						</TextLine>
						<TextLine ID="LINE14" HEIGHT="78" WIDTH="727" HPOS="209" VPOS="2203">
							<String ID="STRING94" STYLEREFS="STYLE1" HEIGHT="77" WIDTH="203" HPOS="209" VPOS="2204" CONTENT="melde" WC="0.85" LANG="dan"/>
							<SP ID="SP81" WIDTH="37" HPOS="412" VPOS="2204"/>
							<String ID="STRING95" STYLEREFS="STYLE1" HEIGHT="76" WIDTH="213" HPOS="449" VPOS="2203" CONTENT="videre" WC="0.57" LANG="dan"/>
							<SP ID="SP82" WIDTH="31" HPOS="662" VPOS="2203"/>
							<String ID="STRING96" STYLEREFS="STYLE1" HEIGHT="74" WIDTH="243" HPOS="693" VPOS="2207" CONTENT="derom." WC="0.79" LANG="dan"/>
						</TextLine>
					</TextBlock>
					<TextBlock xs:type="TextBlockType" ID="ZONE1138859" HEIGHT="960" WIDTH="1795" HPOS="199" VPOS="2316" xlink:type="simple">
						<TextLine ID="LINE15" HEIGHT="99" WIDTH="1574" HPOS="416" VPOS="2319">
							<String ID="STRING97" STYLEREFS="STYLE1" HEIGHT="86" WIDTH="180" HPOS="416" VPOS="2319" CONTENT="Den" WC="0.78" LANG="dan"/>
							<SP ID="SP83" WIDTH="42" HPOS="596" VPOS="2319"/>
							<String ID="STRING98" STYLEREFS="STYLE1" HEIGHT="72" WIDTH="220" HPOS="638" VPOS="2329" CONTENT="anden" WC="0.91" LANG="dan"/>
							<SP ID="SP84" WIDTH="34" HPOS="858" VPOS="2329"/>
							<String ID="STRING99" STYLEREFS="STYLE1" HEIGHT="98" WIDTH="300" HPOS="892" VPOS="2320" CONTENT="Aarsag," WC="0.76" LANG="dan"/>
							<SP ID="SP85" WIDTH="52" HPOS="1192" VPOS="2320"/>
							<String ID="STRING100" STYLEREFS="STYLE1" HEIGHT="99" WIDTH="272" HPOS="1244" VPOS="2319" CONTENT="hvorfor" WC="0.51" LANG="dan"/>
							<SP ID="SP86" WIDTH="48" HPOS="1516" VPOS="2319"/>
							<String ID="STRING101" STYLEREFS="STYLE1" HEIGHT="84" WIDTH="426" HPOS="1564" VPOS="2321" CONTENT="Skribenten" WC="0.76" LANG="dan"/>
						</TextLine>
						<TextLine ID="LINE16" HEIGHT="99" WIDTH="1784" HPOS="208" VPOS="2440">
							<String ID="STRING102" STYLEREFS="STYLE1" HEIGHT="94" WIDTH="404" HPOS="208" VPOS="2445" CONTENT="paastaaer," WC="0.76" LANG="dan"/>
							<SP ID="SP87" WIDTH="70" HPOS="612" VPOS="2445"/>
							<String ID="STRING103" STYLEREFS="STYLE1" HEIGHT="60" WIDTH="74" HPOS="682" VPOS="2461" CONTENT="at" WC="1" LANG="dan"/>
							<SP ID="SP88" WIDTH="40" HPOS="756" VPOS="2461"/>
							<String ID="STRING104" STYLEREFS="STYLE1" HEIGHT="88" WIDTH="138" HPOS="796" VPOS="2441" CONTENT="Tal" WC="0.78" LANG="dan"/>
							<SP ID="SP89" WIDTH="22" HPOS="934" VPOS="2441"/>
							<String ID="STRING105" STYLEREFS="STYLE1" HEIGHT="36" WIDTH="24" HPOS="956" VPOS="2472" CONTENT="-" WC="0" LANG="dan"/>
							<SP ID="SP90" WIDTH="20" HPOS="980" VPOS="2472"/>
							<String ID="STRING106" STYLEREFS="STYLE1" HEIGHT="84" WIDTH="300" HPOS="1000" VPOS="2440" CONTENT="Lottenet" WC="0.79" LANG="dan"/>
							<SP ID="SP91" WIDTH="44" HPOS="1300" VPOS="2440"/>
							<String ID="STRING107" STYLEREFS="STYLE1" HEIGHT="59" WIDTH="64" HPOS="1344" VPOS="2466" CONTENT="er" WC="0.63" LANG="dan"/>
							<SP ID="SP92" WIDTH="60" HPOS="1408" VPOS="2466"/>
							<String ID="STRING108" STYLEREFS="STYLE1" HEIGHT="98" WIDTH="524" HPOS="1468" VPOS="2441" CONTENT="fordeelagtigere" WC="0.79" LANG="dan"/>
						</TextLine>
						<TextLine ID="LINE17" HEIGHT="100" WIDTH="1782" HPOS="206" VPOS="2562">
							<String ID="STRING109" STYLEREFS="STYLE1" HEIGHT="96" WIDTH="106" HPOS="206" VPOS="2562" CONTENT="for" WC="0.67" LANG="dan"/>
							<SP ID="SP93" WIDTH="40" HPOS="312" VPOS="2562"/>
							<String ID="STRING110" STYLEREFS="STYLE1" HEIGHT="73" WIDTH="72" HPOS="352" VPOS="2572" CONTENT="de" WC="0.65" LANG="dan"/>
							<SP ID="SP94" WIDTH="52" HPOS="424" VPOS="2572"/>
							<String ID="STRING111" STYLEREFS="STYLE1" HEIGHT="96" WIDTH="368" HPOS="476" VPOS="2563" CONTENT="Spillende" WC="0.84" LANG="dan"/>
							<SP ID="SP95" WIDTH="44" HPOS="844" VPOS="2563"/>
							<String ID="STRING112" STYLEREFS="STYLE1" HEIGHT="74" WIDTH="122" HPOS="888" VPOS="2570" CONTENT="end" WC="0.78" LANG="dan"/>
							<SP ID="SP96" WIDTH="62" HPOS="1010" VPOS="2570"/>
							<String ID="STRING113" STYLEREFS="STYLE1" HEIGHT="80" WIDTH="190" HPOS="1072" VPOS="2582" CONTENT="noget" WC="0.76" LANG="dan"/>
							<SP ID="SP97" WIDTH="46" HPOS="1262" VPOS="2582"/>
							<String ID="STRING114" STYLEREFS="STYLE1" HEIGHT="76" WIDTH="198" HPOS="1308" VPOS="2571" CONTENT="andet" WC="0.91" LANG="dan"/>
							<SP ID="SP98" WIDTH="48" HPOS="1506" VPOS="2571"/>
							<String ID="STRING115" STYLEREFS="STYLE1" HEIGHT="96" WIDTH="306" HPOS="1554" VPOS="2565" CONTENT="Lotterie," WC="0.77" LANG="deu"/>
							<SP ID="SP99" WIDTH="64" HPOS="1860" VPOS="2565"/>
							<String ID="STRING116" STYLEREFS="STYLE1" HEIGHT="60" WIDTH="64" HPOS="1924" VPOS="2586" CONTENT="er" WC="0.63" LANG="dan"/>
						</TextLine>
						<TextLine ID="LINE18" HEIGHT="102" WIDTH="1782" HPOS="210" VPOS="2682">
							<String ID="STRING117" STYLEREFS="STYLE1" HEIGHT="76" WIDTH="18" HPOS="210" VPOS="2682" CONTENT="i" WC="0.36" LANG="dan"/>
							<SP ID="SP100" WIDTH="34" HPOS="228" VPOS="2682"/>
							<String ID="STRING118" STYLEREFS="STYLE1" HEIGHT="98" WIDTH="380" HPOS="262" VPOS="2686" CONTENT="Henseende" WC="0.75" LANG="dan"/>
							<SP ID="SP101" WIDTH="40" HPOS="642" VPOS="2686"/>
							<String ID="STRING119" STYLEREFS="STYLE1" HEIGHT="78" WIDTH="72" HPOS="682" VPOS="2687" CONTENT="til" WC="0.94" LANG="dan"/>
							<SP ID="SP102" WIDTH="50" HPOS="754" VPOS="2687"/>
							<String ID="STRING120" STYLEREFS="STYLE1" HEIGHT="99" WIDTH="320" HPOS="804" VPOS="2685" CONTENT="Pengene" WC="0.86" LANG="dan"/>
							<SP ID="SP103" WIDTH="56" HPOS="1124" VPOS="2685"/>
							<String ID="STRING121" STYLEREFS="STYLE1" HEIGHT="92" WIDTH="134" HPOS="1180" VPOS="2686" CONTENT="som" WC="0.8" LANG="dan"/>
							<SP ID="SP104" WIDTH="58" HPOS="1314" VPOS="2686"/>
							<String ID="STRING122" STYLEREFS="STYLE1" HEIGHT="59" WIDTH="164" HPOS="1372" VPOS="2708" CONTENT="man" WC="1" LANG="dan"/>
							<SP ID="SP105" WIDTH="48" HPOS="1536" VPOS="2708"/>
							<String ID="STRING123" STYLEREFS="STYLE1" HEIGHT="64" WIDTH="200" HPOS="1584" VPOS="2705" CONTENT="vover" WC="0.62" LANG="dan"/>
							<SP ID="SP106" WIDTH="54" HPOS="1784" VPOS="2705"/>
							<String ID="STRING124" STYLEREFS="STYLE1" HEIGHT="81" WIDTH="154" HPOS="1838" VPOS="2688" CONTENT="deri." WC="0.75" LANG="dan"/>
						</TextLine>
						<TextLine ID="LINE19" HEIGHT="99" WIDTH="1788" HPOS="205" VPOS="2806">
							<String ID="STRING125" STYLEREFS="STYLE1" HEIGHT="84" WIDTH="136" HPOS="205" VPOS="2806" CONTENT="Lad" WC="0.75" LANG="dan"/>
							<SP ID="SP107" WIDTH="42" HPOS="341" VPOS="2806"/>
							<String ID="STRING126" STYLEREFS="STYLE1" HEIGHT="94" WIDTH="188" HPOS="383" VPOS="2809" CONTENT="ossee" WC="0.91" LANG="dan"/>
							<SP ID="SP108" WIDTH="30" HPOS="571" VPOS="2809"/>
							<String ID="STRING127" STYLEREFS="STYLE1" HEIGHT="92" WIDTH="310" HPOS="601" VPOS="2813" CONTENT="hvorvidt" WC="0.67" LANG="dan"/>
							<SP ID="SP109" WIDTH="32" HPOS="911" VPOS="2813"/>
							<String ID="STRING128" STYLEREFS="STYLE1" HEIGHT="74" WIDTH="204" HPOS="943" VPOS="2816" CONTENT="denne" WC="0.92" LANG="dan"/>
							<SP ID="SP110" WIDTH="18" HPOS="1147" VPOS="2816"/>
							<String ID="STRING129" STYLEREFS="STYLE1" HEIGHT="97" WIDTH="360" HPOS="1165" VPOS="2808" CONTENT="Slutning" WC="0.74" LANG="dan"/>
							<SP ID="SP111" WIDTH="34" HPOS="1525" VPOS="2808"/>
							<String ID="STRING130" STYLEREFS="STYLE1" HEIGHT="58" WIDTH="64" HPOS="1559" VPOS="2831" CONTENT="er" WC="0.7" LANG="dan"/>
							<SP ID="SP112" WIDTH="42" HPOS="1623" VPOS="2831"/>
							<String ID="STRING131" STYLEREFS="STYLE1" HEIGHT="92" WIDTH="328" HPOS="1665" VPOS="2809" CONTENT="sandeller" WC="0.84" LANG="dan"/>
						</TextLine>
						<TextLine ID="LINE20" HEIGHT="100" WIDTH="1788" HPOS="201" VPOS="2928">
							<String ID="STRING132" STYLEREFS="STYLE1" HEIGHT="100" WIDTH="176" HPOS="201" VPOS="2928" CONTENT="falff." WC="0.74" LANG="dan"/>
							<SP ID="SP113" WIDTH="108" HPOS="377" VPOS="2928"/>
							<String ID="STRING133" STYLEREFS="STYLE1" HEIGHT="84" WIDTH="134" HPOS="485" VPOS="2929" CONTENT="Lad" WC="0.62" LANG="dan"/>
							<SP ID="SP114" WIDTH="38" HPOS="619" VPOS="2929"/>
							<String ID="STRING134" STYLEREFS="STYLE1" HEIGHT="68" WIDTH="80" HPOS="657" VPOS="2943" CONTENT="os" WC="0.81" LANG="dan"/>
							<SP ID="SP115" WIDTH="40" HPOS="737" VPOS="2943"/>
							<String ID="STRING135" STYLEREFS="STYLE1" HEIGHT="79" WIDTH="146" HPOS="777" VPOS="2949" CONTENT="tage" WC="1" LANG="dan"/>
							<SP ID="SP116" WIDTH="40" HPOS="923" VPOS="2949"/>
							<String ID="STRING136" STYLEREFS="STYLE1" HEIGHT="78" WIDTH="74" HPOS="963" VPOS="2934" CONTENT="til" WC="1" LANG="dan"/>
							<SP ID="SP117" WIDTH="30" HPOS="1037" VPOS="2934"/>
							<String ID="STRING137" STYLEREFS="STYLE1" HEIGHT="98" WIDTH="310" HPOS="1067" VPOS="2930" CONTENT="Exempel" WC="0.83" LANG="dan"/>
							<SP ID="SP118" WIDTH="36" HPOS="1377" VPOS="2930"/>
							<String ID="STRING138" STYLEREFS="STYLE1" HEIGHT="74" WIDTH="102" HPOS="1413" VPOS="2937" CONTENT="det" WC="0.75" LANG="dan"/>
							<SP ID="SP119" WIDTH="34" HPOS="1515" VPOS="2937"/>
							<String ID="STRING139" STYLEREFS="STYLE1" HEIGHT="82" WIDTH="266" HPOS="1549" VPOS="2929" CONTENT="Lotterie" WC="0.85" LANG="deu"/>
							<SP ID="SP120" WIDTH="44" HPOS="1815" VPOS="2929"/>
							<String ID="STRING140" STYLEREFS="STYLE1" HEIGHT="86" WIDTH="130" HPOS="1859" VPOS="2933" CONTENT="som" WC="0.77" LANG="dan"/>
						</TextLine>
						<TextLine ID="LINE21" HEIGHT="100" WIDTH="1792" HPOS="199" VPOS="3053">
							<String ID="STRING141" STYLEREFS="STYLE4" HEIGHT="78" WIDTH="20" HPOS="199" VPOS="3054" CONTENT="i" WC="1" LANG="dan"/>
							<SP ID="SP121" WIDTH="38" HPOS="219" VPOS="3054"/>
							<String ID="STRING142" STYLEREFS="STYLE1" HEIGHT="75" WIDTH="240" HPOS="257" VPOS="3074" CONTENT="mange" WC="0.85" LANG="dan"/>
							<SP ID="SP122" WIDTH="40" HPOS="497" VPOS="3074"/>
							<String ID="STRING143" STYLEREFS="STYLE1" HEIGHT="82" WIDTH="148" HPOS="537" VPOS="3053" CONTENT="Aar" WC="0.54" LANG="dan"/>
							<SP ID="SP123" WIDTH="38" HPOS="685" VPOS="3053"/>
							<String ID="STRING144" STYLEREFS="STYLE1" HEIGHT="96" WIDTH="124" HPOS="723" VPOS="3053" CONTENT="har" WC="0.72" LANG="dan"/>
							<SP ID="SP124" WIDTH="32" HPOS="847" VPOS="3053"/>
							<String ID="STRING145" STYLEREFS="STYLE1" HEIGHT="66" WIDTH="198" HPOS="879" VPOS="3068" CONTENT="været" WC="0.91" LANG="dan"/>
							<SP ID="SP125" WIDTH="32" HPOS="1077" VPOS="3068"/>
							<String ID="STRING146" STYLEREFS="STYLE1" HEIGHT="80" WIDTH="270" HPOS="1109" VPOS="3070" CONTENT="oprettet" WC="0.83" LANG="dan"/>
							<SP ID="SP126" WIDTH="50" HPOS="1379" VPOS="3070"/>
							<String ID="STRING147" STYLEREFS="STYLE1" HEIGHT="76" WIDTH="18" HPOS="1429" VPOS="3057" CONTENT="i" WC="0.71" LANG="dan"/>
							<SP ID="SP127" WIDTH="52" HPOS="1447" VPOS="3057"/>
							<String ID="STRING148" STYLEREFS="STYLE1" HEIGHT="100" WIDTH="492" HPOS="1499" VPOS="3053" CONTENT="Kiøbenhavn," WC="0.78" LANG="dan"/>
						</TextLine>
						<TextLine ID="LINE22" HEIGHT="99" WIDTH="814" HPOS="201" VPOS="3175">
							<String ID="STRING149" STYLEREFS="STYLE1" HEIGHT="80" WIDTH="74" HPOS="201" VPOS="3176" CONTENT="til" WC="0.85" LANG="dan"/>
							<SP ID="SP128" WIDTH="48" HPOS="275" VPOS="3176"/>
							<String ID="STRING150" STYLEREFS="STYLE1" HEIGHT="73" WIDTH="74" HPOS="323" VPOS="3184" CONTENT="de" WC="0.65" LANG="dan"/>
							<SP ID="SP129" WIDTH="32" HPOS="397" VPOS="3184"/>
							<String ID="STRING151" STYLEREFS="STYLE1" HEIGHT="96" WIDTH="312" HPOS="429" VPOS="3175" CONTENT="Fattiges" WC="0.88" LANG="dan"/>
							<SP ID="SP130" WIDTH="24" HPOS="741" VPOS="3175"/>
							<String ID="STRING152" STYLEREFS="STYLE1" HEIGHT="99" WIDTH="250" HPOS="765" VPOS="3175" CONTENT="-Nytte." WC="0.73" LANG="dan"/>
						</TextLine>
					</TextBlock>
					<TextBlock xs:type="TextBlockType" ID="ZONE1138860" HEIGHT="472" WIDTH="1791" HPOS="194" VPOS="3292" xlink:type="simple">
						<TextLine ID="LINE23" HEIGHT="96" WIDTH="1549" HPOS="407" VPOS="3295">
							<String ID="STRING153" STYLEREFS="STYLE1" HEIGHT="92" WIDTH="325" HPOS="407" VPOS="3297" CONTENT="Saasom" WC="0.77" LANG="dan"/>
							<SP ID="SP131" WIDTH="36" HPOS="732" VPOS="3297"/>
							<String ID="STRING154" STYLEREFS="STYLE1" HEIGHT="75" WIDTH="108" HPOS="768" VPOS="3305" CONTENT="der" WC="0.71" LANG="dan"/>
							<SP ID="SP132" WIDTH="34" HPOS="876" VPOS="3305"/>
							<String ID="STRING155" STYLEREFS="STYLE1" HEIGHT="62" WIDTH="100" HPOS="910" VPOS="3318" CONTENT="ere" WC="0.79" LANG="dan"/>
							<SP ID="SP133" WIDTH="36" HPOS="1010" VPOS="3318"/>
							<String ID="STRING156" STYLEREFS="STYLE1" HEIGHT="54" WIDTH="266" HPOS="1046" VPOS="3322" CONTENT="20000." WC="0.93" LANG="dan"/>
							<SP ID="SP134" WIDTH="35" HPOS="1312" VPOS="3322"/>
							<String ID="STRING157" STYLEREFS="STYLE1" HEIGHT="85" WIDTH="261" HPOS="1347" VPOS="3296" CONTENT="Sedler" WC="0.72" LANG="dan"/>
							<SP ID="SP135" WIDTH="45" HPOS="1608" VPOS="3296"/>
							<String ID="STRING158" STYLEREFS="STYLE1" HEIGHT="78" WIDTH="19" HPOS="1653" VPOS="3301" CONTENT="i" WC="0.84" LANG="dan"/>
							<SP ID="SP136" WIDTH="38" HPOS="1672" VPOS="3301"/>
							<String ID="STRING159" STYLEREFS="STYLE1" HEIGHT="74" WIDTH="116" HPOS="1710" VPOS="3303" CONTENT="den" WC="0.79" LANG="deu"/>
							<SP ID="SP137" WIDTH="25" HPOS="1826" VPOS="3303"/>
							<String ID="STRING160" STYLEREFS="STYLE1" HEIGHT="96" WIDTH="105" HPOS="1851" VPOS="3295" CONTENT="for" SUBS_TYPE="HypPart1" SUBS_CONTENT="forste" WC="0.38" LANG="deu"/>
							<HYP CONTENT="-"/>
						</TextLine>
						<TextLine ID="LINE24" HEIGHT="101" WIDTH="1790" HPOS="194" VPOS="3417">
							<String ID="STRING161" STYLEREFS="STYLE1" HEIGHT="96" WIDTH="88" HPOS="194" VPOS="3422" CONTENT="ste" SUBS_TYPE="HypPart2" SUBS_CONTENT="forste" WC="0.59" LANG="deu"/>
							<SP ID="SP138" WIDTH="34" HPOS="282" VPOS="3422"/>
							<String ID="STRING162" STYLEREFS="STYLE1" HEIGHT="98" WIDTH="252" HPOS="316" VPOS="3419" CONTENT="Elasse," WC="0.92" LANG="dan"/>
							<SP ID="SP139" WIDTH="74" HPOS="568" VPOS="3419"/>
							<String ID="STRING163" STYLEREFS="STYLE1" HEIGHT="98" WIDTH="252" HPOS="642" VPOS="3417" CONTENT="hvoraf" WC="0.58" LANG="dan"/>
							<SP ID="SP140" WIDTH="38" HPOS="894" VPOS="3417"/>
							<String ID="STRING164" STYLEREFS="STYLE1" HEIGHT="60" WIDTH="164" HPOS="932" VPOS="3440" CONTENT="man" WC="0.88" LANG="dan"/>
							<SP ID="SP141" WIDTH="72" HPOS="1096" VPOS="3440"/>
							<String ID="STRING165" STYLEREFS="STYLE1" HEIGHT="81" WIDTH="358" HPOS="1168" VPOS="3420" CONTENT="udtrækker" WC="0.82" LANG="dan"/>
							<SP ID="SP142" WIDTH="54" HPOS="1526" VPOS="3420"/>
							<String ID="STRING166" STYLEREFS="STYLE1" HEIGHT="50" WIDTH="206" HPOS="1580" VPOS="3445" CONTENT="1000." WC="1" LANG="dan"/>
							<SP ID="SP143" WIDTH="62" HPOS="1786" VPOS="3445"/>
							<String ID="STRING167" STYLEREFS="STYLE1" HEIGHT="92" WIDTH="136" HPOS="1848" VPOS="3419" CONTENT="som" WC="0.49" LANG="dan"/>
						</TextLine>
						<TextLine ID="LINE25" HEIGHT="104" WIDTH="1790" HPOS="194" VPOS="3541">
							<String ID="STRING168" STYLEREFS="STYLE1" HEIGHT="76" WIDTH="126" HPOS="194" VPOS="3548" CONTENT="alle" WC="1" LANG="dan"/>
							<SP ID="SP144" WIDTH="46" HPOS="320" VPOS="3548"/>
							<String ID="STRING169" STYLEREFS="STYLE1" HEIGHT="62" WIDTH="98" HPOS="366" VPOS="3565" CONTENT="ere" WC="0.75" LANG="dan"/>
							<SP ID="SP145" WIDTH="52" HPOS="464" VPOS="3565"/>
							<String ID="STRING170" STYLEREFS="STYLE1" HEIGHT="102" WIDTH="398" HPOS="516" VPOS="3541" CONTENT="Gevinster," WC="0.67" LANG="dan"/>
							<SP ID="SP146" WIDTH="78" HPOS="914" VPOS="3541"/>
							<String ID="STRING171" STYLEREFS="STYLE1" HEIGHT="92" WIDTH="114" HPOS="992" VPOS="3542" CONTENT="saa" WC="0.92" LANG="dan"/>
							<SP ID="SP147" WIDTH="54" HPOS="1106" VPOS="3542"/>
							<String ID="STRING172" STYLEREFS="STYLE1" HEIGHT="62" WIDTH="64" HPOS="1160" VPOS="3562" CONTENT="er" WC="0.77" LANG="dan"/>
							<SP ID="SP148" WIDTH="38" HPOS="1224" VPOS="3562"/>
							<String ID="STRING173" STYLEREFS="STYLE1" HEIGHT="76" WIDTH="102" HPOS="1262" VPOS="3548" CONTENT="det" WC="0.77" LANG="dan"/>
							<SP ID="SP149" WIDTH="48" HPOS="1364" VPOS="3548"/>
							<String ID="STRING174" STYLEREFS="STYLE1" HEIGHT="100" WIDTH="210" HPOS="1412" VPOS="3545" CONTENT="klart," WC="0.89" LANG="dan"/>
							<SP ID="SP150" WIDTH="72" HPOS="1622" VPOS="3545"/>
							<String ID="STRING175" STYLEREFS="STYLE1" HEIGHT="62" WIDTH="74" HPOS="1694" VPOS="3561" CONTENT="at" WC="0.98" LANG="dan"/>
							<SP ID="SP151" WIDTH="52" HPOS="1768" VPOS="3561"/>
							<String ID="STRING176" STYLEREFS="STYLE1" HEIGHT="59" WIDTH="164" HPOS="1820" VPOS="3563" CONTENT="man" WC="0.86" LANG="dan"/>
						</TextLine>
						<TextLine ID="LINE26" HEIGHT="100" WIDTH="914" HPOS="972" VPOS="3662">
							<String ID="STRING177" STYLEREFS="STYLE1" HEIGHT="90" WIDTH="92" HPOS="972" VPOS="3662" CONTENT="B" WC="0.4" LANG="dan"/>
							<SP ID="SP152" WIDTH="48" HPOS="1064" VPOS="3662"/>
							<String ID="STRING178" STYLEREFS="STYLE4" HEIGHT="70" WIDTH="50" HPOS="1112" VPOS="3692" CONTENT="4" WC="1" LANG="dan"/>
							<SP ID="SP153" WIDTH="530" HPOS="1162" VPOS="3692"/>
							<String ID="STRING179" STYLEREFS="STYLE4" HEIGHT="82" WIDTH="194" HPOS="1692" VPOS="3665" CONTENT="ikkun" WC="0.88" LANG="dan"/>
						</TextLine>
					</TextBlock>
				</ComposedBlock>
			</PrintSpace>
		</Page>
	</Layout>
</alto>
