<?xml version="1.0" encoding="utf-8"?>
<alto xmlns="http://www.loc.gov/standards/alto/ns-v3#" xmlns:xs="http://www.w3.org/2001/XMLSchema-instance" xmlns:xlink="http://www.w3.org/1999/xlink">
	<Description>
		<MeasurementUnit>pixel</MeasurementUnit>
		<sourceImageInformation>
			<fileName>130017168380_1_009_015_025.tif</fileName>
		</sourceImageInformation>
		<OCRProcessing ID="OCR1">
			<ocrProcessingStep>
				<processingDateTime>2018-09-13</processingDateTime>
				<processingAgency>Zissor AS</processingAgency>
				<processingStepSettings>Combined OCR</processingStepSettings>
				<processingSoftware>
					<softwareCreator>Zissor AS</softwareCreator>
					<softwareName>ContentOCR-11; ContentOCR-Tesseract</softwareName>
					<softwareVersion>2.0.2; 2.0.0</softwareVersion>
					<applicationDescription>OCR Component for Zissor Content System</applicationDescription>
				</processingSoftware>
			</ocrProcessingStep>
		</OCRProcessing>
	</Description>
	<Styles>
		<TextStyle ID="STYLE1" FONTFAMILY="Arial" FONTSIZE="8.5" FONTSTYLE=""/>
		<TextStyle ID="STYLE2" FONTFAMILY="Arial" FONTSIZE="10.5" FONTSTYLE=""/>
		<TextStyle ID="STYLE3" FONTFAMILY="Arial" FONTSIZE="7" FONTSTYLE=""/>
		<TextStyle ID="STYLE4" FONTFAMILY="Arial" FONTSIZE="12" FONTSTYLE=""/>
		<TextStyle ID="STYLE5" FONTFAMILY="Arial" FONTSIZE="13" FONTSTYLE=""/>
		<TextStyle ID="STYLE6" FONTFAMILY="Arial" FONTSIZE="15" FONTSTYLE=""/>
		<TextStyle ID="STYLE7" FONTFAMILY="Arial" FONTSIZE="11" FONTSTYLE="bold"/>
	</Styles>
	<Layout>
		<Page ID="PAGE567" HEIGHT="4653" WIDTH="2870" PHYSICAL_IMG_NR="567" PROCESSING="OCR1" PC="0.72">
			<TopMargin HEIGHT="612" WIDTH="2870" HPOS="0" VPOS="0"/>
			<LeftMargin HEIGHT="3156" WIDTH="246" HPOS="0" VPOS="612"/>
			<RightMargin HEIGHT="3156" WIDTH="832" HPOS="2038" VPOS="612"/>
			<BottomMargin HEIGHT="883" WIDTH="2870" HPOS="0" VPOS="3770"/>
			<PrintSpace ID="PRINTSPACE1" HEIGHT="3156" WIDTH="1790" HPOS="247" VPOS="613">
				<ComposedBlock xs:type="ComposedBlockType" ID="ARTICLE109241" HEIGHT="3156" WIDTH="1790" HPOS="247" VPOS="613" xlink:type="simple">
					<TextBlock xs:type="TextBlockType" ID="ZONE1136669" HEIGHT="64" WIDTH="82" HPOS="1823" VPOS="613" xlink:type="simple">
						<TextLine ID="LINE1" HEIGHT="64" WIDTH="82" HPOS="1823" VPOS="613">
							<String ID="STRING1" STYLEREFS="STYLE1" HEIGHT="64" WIDTH="82" HPOS="1823" VPOS="613" CONTENT="S)" WC="0.66" LANG="dan"/>
						</TextLine>
					</TextBlock>
					<TextBlock xs:type="TextBlockType" ID="ZONE1136670" HEIGHT="452" WIDTH="1774" HPOS="247" VPOS="761" xlink:type="simple">
						<TextLine ID="LINE2" HEIGHT="100" WIDTH="1762" HPOS="259" VPOS="761">
							<String ID="STRING2" STYLEREFS="STYLE2" HEIGHT="100" WIDTH="218" HPOS="259" VPOS="761" CONTENT="Cgsse," WC="0.71" LANG="nob"/>
							<SP ID="SP1" WIDTH="34" HPOS="477" VPOS="761"/>
							<String ID="STRING3" STYLEREFS="STYLE2" HEIGHT="76" WIDTH="80" HPOS="511" VPOS="785" CONTENT="og" WC="0.43" LANG="dan"/>
							<SP ID="SP2" WIDTH="34" HPOS="591" VPOS="785"/>
							<String ID="STRING4" STYLEREFS="STYLE2" HEIGHT="90" WIDTH="112" HPOS="625" VPOS="765" CONTENT="saa" WC="1" LANG="nob"/>
							<SP ID="SP3" WIDTH="34" HPOS="737" VPOS="765"/>
							<String ID="STRING5" STYLEREFS="STYLE2" HEIGHT="94" WIDTH="376" HPOS="771" VPOS="761" CONTENT="fremdeles," WC="0.65" LANG="dan"/>
							<SP ID="SP4" WIDTH="58" HPOS="1147" VPOS="761"/>
							<String ID="STRING6" STYLEREFS="STYLE2" HEIGHT="74" WIDTH="142" HPOS="1205" VPOS="769" CONTENT="eller" WC="0.57" LANG="dan"/>
							<SP ID="SP5" WIDTH="44" HPOS="1347" VPOS="769"/>
							<String ID="STRING7" STYLEREFS="STYLE2" HEIGHT="72" WIDTH="80" HPOS="1391" VPOS="787" CONTENT="og" WC="0.61" LANG="dan"/>
							<SP ID="SP6" WIDTH="44" HPOS="1471" VPOS="787"/>
							<String ID="STRING8" STYLEREFS="STYLE2" HEIGHT="74" WIDTH="120" HPOS="1515" VPOS="773" CONTENT="ved" WC="0.52" LANG="dan"/>
							<SP ID="SP7" WIDTH="38" HPOS="1635" VPOS="773"/>
							<String ID="STRING9" STYLEREFS="STYLE2" HEIGHT="96" WIDTH="348" HPOS="1673" VPOS="765" CONTENT="Lignelser," WC="0.68" LANG="dan"/>
						</TextLine>
						<TextLine ID="LINE3" HEIGHT="106" WIDTH="1756" HPOS="265" VPOS="881">
							<String ID="STRING10" STYLEREFS="STYLE2" HEIGHT="98" WIDTH="248" HPOS="265" VPOS="883" CONTENT="hvoraf" WC="0.36" LANG="dan"/>
							<SP ID="SP8" WIDTH="32" HPOS="513" VPOS="883"/>
							<String ID="STRING11" STYLEREFS="STYLE2" HEIGHT="96" WIDTH="118" HPOS="545" VPOS="885" CONTENT="jeg," WC="0.46" LANG="dan"/>
							<SP ID="SP9" WIDTH="58" HPOS="663" VPOS="885"/>
							<String ID="STRING12" STYLEREFS="STYLE2" HEIGHT="58" WIDTH="108" HPOS="721" VPOS="905" CONTENT="om" WC="0.62" LANG="dan"/>
							<SP ID="SP10" WIDTH="40" HPOS="829" VPOS="905"/>
							<String ID="STRING13" STYLEREFS="STYLE2" HEIGHT="98" WIDTH="142" HPOS="869" VPOS="881" CONTENT="disse" WC="0.54" LANG="dan"/>
							<SP ID="SP11" WIDTH="32" HPOS="1011" VPOS="881"/>
							<String ID="STRING14" STYLEREFS="STYLE2" HEIGHT="86" WIDTH="278" HPOS="1043" VPOS="881" CONTENT="Blades" WC="0.79" LANG="dan"/>
							<SP ID="SP12" WIDTH="38" HPOS="1321" VPOS="881"/>
							<String ID="STRING15" STYLEREFS="STYLE2" HEIGHT="94" WIDTH="332" HPOS="1359" VPOS="885" CONTENT="Grendfer" WC="0.65" LANG="dan"/>
							<SP ID="SP13" WIDTH="32" HPOS="1691" VPOS="885"/>
							<String ID="STRING16" STYLEREFS="STYLE2" HEIGHT="78" WIDTH="124" HPOS="1723" VPOS="891" CONTENT="ikke" WC="0.37" LANG="dan"/>
							<SP ID="SP14" WIDTH="34" HPOS="1847" VPOS="891"/>
							<String ID="STRING17" STYLEREFS="STYLE2" HEIGHT="96" WIDTH="140" HPOS="1881" VPOS="891" CONTENT="hin»" WC="0.89" LANG="dan"/>
						</TextLine>
						<TextLine ID="LINE4" HEIGHT="104" WIDTH="1752" HPOS="261" VPOS="1003">
							<String ID="STRING18" STYLEREFS="STYLE2" HEIGHT="74" WIDTH="146" HPOS="261" VPOS="1013" CONTENT="drer" WC="0.41" LANG="dan"/>
							<SP ID="SP15" WIDTH="34" HPOS="407" VPOS="1013"/>
							<String ID="STRING19" STYLEREFS="STYLE2" HEIGHT="90" WIDTH="124" HPOS="441" VPOS="1013" CONTENT="det," WC="0.68" LANG="dan"/>
							<SP ID="SP16" WIDTH="42" HPOS="565" VPOS="1013"/>
							<String ID="STRING20" STYLEREFS="STYLE2" HEIGHT="78" WIDTH="90" HPOS="607" VPOS="1009" CONTENT="vil" WC="0.91" LANG="dan"/>
							<SP ID="SP17" WIDTH="38" HPOS="697" VPOS="1009"/>
							<String ID="STRING21" STYLEREFS="STYLE2" HEIGHT="98" WIDTH="252" HPOS="735" VPOS="1003" CONTENT="forsøge" WC="0.56" LANG="dan"/>
							<SP ID="SP18" WIDTH="36" HPOS="987" VPOS="1003"/>
							<String ID="STRING22" STYLEREFS="STYLE2" HEIGHT="98" WIDTH="270" HPOS="1023" VPOS="1005" CONTENT="herefter" WC="0.85" LANG="dan"/>
							<SP ID="SP19" WIDTH="32" HPOS="1293" VPOS="1005"/>
							<String ID="STRING23" STYLEREFS="STYLE2" HEIGHT="62" WIDTH="74" HPOS="1325" VPOS="1025" CONTENT="at" WC="0.77" LANG="dan"/>
							<SP ID="SP20" WIDTH="34" HPOS="1399" VPOS="1025"/>
							<String ID="STRING24" STYLEREFS="STYLE2" HEIGHT="102" WIDTH="238" HPOS="1433" VPOS="1003" CONTENT="anføre" WC="0.79" LANG="dan"/>
							<SP ID="SP21" WIDTH="48" HPOS="1671" VPOS="1003"/>
							<String ID="STRING25" STYLEREFS="STYLE2" HEIGHT="92" WIDTH="182" HPOS="1719" VPOS="1015" CONTENT="nogle" WC="0.74" LANG="dan"/>
							<SP ID="SP22" WIDTH="40" HPOS="1901" VPOS="1015"/>
							<String ID="STRING26" STYLEREFS="STYLE2" HEIGHT="84" WIDTH="72" HPOS="1941" VPOS="1011" CONTENT="til" WC="0.68" LANG="dan"/>
						</TextLine>
						<TextLine ID="LINE5" HEIGHT="84" WIDTH="328" HPOS="247" VPOS="1129">
							<String ID="STRING27" STYLEREFS="STYLE2" HEIGHT="84" WIDTH="328" HPOS="247" VPOS="1129" CONTENT="Modelle." WC="0.8" LANG="dan"/>
						</TextLine>
					</TextBlock>
					<TextBlock xs:type="TextBlockType" ID="ZONE1136671" HEIGHT="712" WIDTH="1772" HPOS="259" VPOS="1361" xlink:type="simple">
						<TextLine ID="LINE6" HEIGHT="100" WIDTH="1568" HPOS="459" VPOS="1361">
							<String ID="STRING28" STYLEREFS="STYLE2" HEIGHT="84" WIDTH="134" HPOS="459" VPOS="1361" CONTENT="Nu" WC="0.35" LANG="dan"/>
							<SP ID="SP23" WIDTH="38" HPOS="593" VPOS="1361"/>
							<String ID="STRING29" STYLEREFS="STYLE2" HEIGHT="84" WIDTH="204" HPOS="631" VPOS="1361" CONTENT="burde" WC="0.7" LANG="dan"/>
							<SP ID="SP24" WIDTH="28" HPOS="835" VPOS="1361"/>
							<String ID="STRING30" STYLEREFS="STYLE2" HEIGHT="96" WIDTH="98" HPOS="863" VPOS="1363" CONTENT="jeg" WC="0.83" LANG="dan"/>
							<SP ID="SP25" WIDTH="30" HPOS="961" VPOS="1363"/>
							<String ID="STRING31" STYLEREFS="STYLE2" HEIGHT="76" WIDTH="108" HPOS="991" VPOS="1369" CONTENT="vel" WC="0.91" LANG="dan"/>
							<SP ID="SP26" WIDTH="30" HPOS="1099" VPOS="1369"/>
							<String ID="STRING32" STYLEREFS="STYLE2" HEIGHT="74" WIDTH="78" HPOS="1129" VPOS="1385" CONTENT="og" WC="0.68" LANG="dan"/>
							<SP ID="SP27" WIDTH="36" HPOS="1207" VPOS="1385"/>
							<String ID="STRING33" STYLEREFS="STYLE2" HEIGHT="96" WIDTH="502" HPOS="1243" VPOS="1365" CONTENT="igiennemløber" WC="0.78" LANG="dan"/>
							<SP ID="SP28" WIDTH="44" HPOS="1745" VPOS="1365"/>
							<String ID="STRING34" STYLEREFS="STYLE2" HEIGHT="76" WIDTH="74" HPOS="1789" VPOS="1371" CONTENT="de" WC="0.66" LANG="dan"/>
							<SP ID="SP29" WIDTH="46" HPOS="1863" VPOS="1371"/>
							<String ID="STRING35" STYLEREFS="STYLE2" HEIGHT="58" WIDTH="118" HPOS="1909" VPOS="1387" CONTENT="an«" WC="1" LANG="dan"/>
						</TextLine>
						<TextLine ID="LINE7" HEIGHT="98" WIDTH="1772" HPOS="259" VPOS="1485">
							<String ID="STRING36" STYLEREFS="STYLE2" HEIGHT="76" WIDTH="114" HPOS="259" VPOS="1495" CONTENT="dre" WC="0.62" LANG="dan"/>
							<SP ID="SP30" WIDTH="66" HPOS="373" VPOS="1495"/>
							<String ID="STRING37" STYLEREFS="STYLE2" HEIGHT="98" WIDTH="576" HPOS="439" VPOS="1485" CONTENT="Spillemaader," WC="0.72" LANG="dan"/>
							<SP ID="SP31" WIDTH="92" HPOS="1015" VPOS="1485"/>
							<String ID="STRING38" STYLEREFS="STYLE2" HEIGHT="92" WIDTH="132" HPOS="1107" VPOS="1485" CONTENT="som" WC="0.41" LANG="dan"/>
							<SP ID="SP32" WIDTH="54" HPOS="1239" VPOS="1485"/>
							<String ID="STRING39" STYLEREFS="STYLE2" HEIGHT="92" WIDTH="222" HPOS="1293" VPOS="1491" CONTENT="giøres" WC="0.74" LANG="dan"/>
							<SP ID="SP33" WIDTH="58" HPOS="1515" VPOS="1491"/>
							<String ID="STRING40" STYLEREFS="STYLE2" HEIGHT="94" WIDTH="78" HPOS="1573" VPOS="1487" CONTENT="af" WC="0.76" LANG="dan"/>
							<SP ID="SP34" WIDTH="60" HPOS="1651" VPOS="1487"/>
							<String ID="STRING41" STYLEREFS="STYLE2" HEIGHT="64" WIDTH="74" HPOS="1711" VPOS="1505" CONTENT="at" WC="0.86" LANG="dan"/>
							<SP ID="SP35" WIDTH="76" HPOS="1785" VPOS="1505"/>
							<String ID="STRING42" STYLEREFS="STYLE2" HEIGHT="86" WIDTH="170" HPOS="1861" VPOS="1497" CONTENT="legge" WC="0.88" LANG="nob"/>
						</TextLine>
						<TextLine ID="LINE8" HEIGHT="100" WIDTH="1764" HPOS="265" VPOS="1607">
							<String ID="STRING43" STYLEREFS="STYLE3" HEIGHT="50" WIDTH="64" HPOS="265" VPOS="1639" CONTENT="2." WC="1" LANG="dan"/>
							<SP ID="SP36" WIDTH="42" HPOS="329" VPOS="1639"/>
							<String ID="STRING44" STYLEREFS="STYLE4" HEIGHT="73" WIDTH="102" HPOS="371" VPOS="1629" CONTENT="·3..—" WC="0.74" LANG="dan"/>
							<SP ID="SP37" WIDTH="34" HPOS="473" VPOS="1629"/>
							<String ID="STRING45" STYLEREFS="STYLE2" HEIGHT="74" WIDTH="144" HPOS="507" VPOS="1613" CONTENT="eller" WC="0.87" LANG="dan"/>
							<SP ID="SP38" WIDTH="54" HPOS="651" VPOS="1613"/>
							<String ID="STRING46" STYLEREFS="STYLE2" HEIGHT="94" WIDTH="154" HPOS="705" VPOS="1613" CONTENT="flere" WC="0.62" LANG="dan"/>
							<SP ID="SP39" WIDTH="42" HPOS="859" VPOS="1613"/>
							<String ID="STRING47" STYLEREFS="STYLE2" HEIGHT="96" WIDTH="80" HPOS="901" VPOS="1607" CONTENT="af" WC="0.65" LANG="dan"/>
							<SP ID="SP40" WIDTH="44" HPOS="981" VPOS="1607"/>
							<String ID="STRING48" STYLEREFS="STYLE2" HEIGHT="98" WIDTH="146" HPOS="1025" VPOS="1609" CONTENT="disse" WC="0.78" LANG="dan"/>
							<SP ID="SP41" WIDTH="60" HPOS="1171" VPOS="1609"/>
							<String ID="STRING49" STYLEREFS="STYLE2" HEIGHT="98" WIDTH="336" HPOS="1231" VPOS="1609" CONTENT="sammen;" WC="0.83" LANG="dan"/>
							<SP ID="SP42" WIDTH="86" HPOS="1567" VPOS="1609"/>
							<String ID="STRING50" STYLEREFS="STYLE2" HEIGHT="58" WIDTH="148" HPOS="1653" VPOS="1633" CONTENT="men" WC="1" LANG="dan"/>
							<SP ID="SP43" WIDTH="66" HPOS="1801" VPOS="1633"/>
							<String ID="STRING51" STYLEREFS="STYLE2" HEIGHT="76" WIDTH="162" HPOS="1867" VPOS="1617" CONTENT="dette" WC="0.64" LANG="dan"/>
						</TextLine>
						<TextLine ID="LINE9" HEIGHT="102" WIDTH="1764" HPOS="265" VPOS="1727">
							<String ID="STRING52" STYLEREFS="STYLE2" HEIGHT="96" WIDTH="220" HPOS="265" VPOS="1733" CONTENT="holder" WC="0.73" LANG="dan"/>
							<SP ID="SP44" WIDTH="46" HPOS="485" VPOS="1733"/>
							<String ID="STRING53" STYLEREFS="STYLE2" HEIGHT="96" WIDTH="98" HPOS="531" VPOS="1731" CONTENT="jeg" WC="0.65" LANG="dan"/>
							<SP ID="SP45" WIDTH="46" HPOS="629" VPOS="1731"/>
							<String ID="STRING54" STYLEREFS="STYLE2" HEIGHT="102" WIDTH="412" HPOS="675" VPOS="1727" CONTENT="ufornøden;" WC="0.69" LANG="dan"/>
							<SP ID="SP46" WIDTH="80" HPOS="1087" VPOS="1727"/>
							<String ID="STRING55" STYLEREFS="STYLE2" HEIGHT="98" WIDTH="94" HPOS="1167" VPOS="1731" CONTENT="thi" WC="0.79" LANG="dan"/>
							<SP ID="SP47" WIDTH="64" HPOS="1261" VPOS="1731"/>
							<String ID="STRING56" STYLEREFS="STYLE2" HEIGHT="94" WIDTH="246" HPOS="1325" VPOS="1731" CONTENT="dersom" WC="0.54" LANG="dan"/>
							<SP ID="SP48" WIDTH="62" HPOS="1571" VPOS="1731"/>
							<String ID="STRING57" STYLEREFS="STYLE2" HEIGHT="58" WIDTH="162" HPOS="1633" VPOS="1753" CONTENT="man" WC="1" LANG="dan"/>
							<SP ID="SP49" WIDTH="68" HPOS="1795" VPOS="1753"/>
							<String ID="STRING58" STYLEREFS="STYLE2" HEIGHT="98" WIDTH="166" HPOS="1863" VPOS="1729" CONTENT="først" WC="0.48" LANG="dan"/>
						</TextLine>
						<TextLine ID="LINE10" HEIGHT="100" WIDTH="1738" HPOS="263" VPOS="1851">
							<String ID="STRING59" STYLEREFS="STYLE2" HEIGHT="90" WIDTH="238" HPOS="263" VPOS="1853" CONTENT="indseer" WC="0.76" LANG="dan"/>
							<SP ID="SP50" WIDTH="38" HPOS="501" VPOS="1853"/>
							<String ID="STRING60" STYLEREFS="STYLE2" HEIGHT="98" WIDTH="176" HPOS="539" VPOS="1851" CONTENT="hvad" WC="0.79" LANG="dan"/>
							<SP ID="SP51" WIDTH="34" HPOS="715" VPOS="1851"/>
							<String ID="STRING61" STYLEREFS="STYLE2" HEIGHT="94" WIDTH="154" HPOS="749" VPOS="1853" CONTENT="hver" WC="0.61" LANG="dan"/>
							<SP ID="SP52" WIDTH="38" HPOS="903" VPOS="1853"/>
							<String ID="STRING62" STYLEREFS="STYLE2" HEIGHT="58" WIDTH="64" HPOS="941" VPOS="1875" CONTENT="er" WC="0.79" LANG="dan"/>
							<SP ID="SP53" WIDTH="38" HPOS="1005" VPOS="1875"/>
							<String ID="STRING63" STYLEREFS="STYLE2" HEIGHT="98" WIDTH="168" HPOS="1043" VPOS="1853" CONTENT="især," WC="0.76" LANG="dan"/>
							<SP ID="SP54" WIDTH="54" HPOS="1211" VPOS="1853"/>
							<String ID="STRING64" STYLEREFS="STYLE2" HEIGHT="92" WIDTH="114" HPOS="1265" VPOS="1853" CONTENT="saa" WC="0.99" LANG="dan"/>
							<SP ID="SP55" WIDTH="34" HPOS="1379" VPOS="1853"/>
							<String ID="STRING65" STYLEREFS="STYLE2" HEIGHT="76" WIDTH="128" HPOS="1413" VPOS="1855" CONTENT="kan" WC="0.79" LANG="dan"/>
							<SP ID="SP56" WIDTH="48" HPOS="1541" VPOS="1855"/>
							<String ID="STRING66" STYLEREFS="STYLE2" HEIGHT="58" WIDTH="162" HPOS="1589" VPOS="1875" CONTENT="man" WC="1" LANG="dan"/>
							<SP ID="SP57" WIDTH="46" HPOS="1751" VPOS="1875"/>
							<String ID="STRING67" STYLEREFS="STYLE2" HEIGHT="72" WIDTH="78" HPOS="1797" VPOS="1875" CONTENT="og" WC="0.6" LANG="dan"/>
							<SP ID="SP58" WIDTH="54" HPOS="1875" VPOS="1875"/>
							<String ID="STRING68" STYLEREFS="STYLE2" HEIGHT="78" WIDTH="72" HPOS="1929" VPOS="1853" CONTENT="be" SUBS_TYPE="HypPart1" SUBS_CONTENT="begribe" WC="0.64" LANG="dan"/>
							<HYP CONTENT="-"/>
						</TextLine>
						<TextLine ID="LINE11" HEIGHT="100" WIDTH="1762" HPOS="261" VPOS="1973">
							<String ID="STRING69" STYLEREFS="STYLE2" HEIGHT="96" WIDTH="180" HPOS="261" VPOS="1977" CONTENT="gribe" SUBS_TYPE="HypPart2" SUBS_CONTENT="begribe" WC="0.44" LANG="dan"/>
							<SP ID="SP59" WIDTH="24" HPOS="441" VPOS="1977"/>
							<String ID="STRING70" STYLEREFS="STYLE2" HEIGHT="96" WIDTH="176" HPOS="465" VPOS="1977" CONTENT="hvad" WC="0.79" LANG="dan"/>
							<SP ID="SP60" WIDTH="26" HPOS="641" VPOS="1977"/>
							<String ID="STRING71" STYLEREFS="STYLE2" HEIGHT="72" WIDTH="72" HPOS="667" VPOS="1979" CONTENT="de" WC="0.63" LANG="dan"/>
							<SP ID="SP61" WIDTH="22" HPOS="739" VPOS="1979"/>
							<String ID="STRING72" STYLEREFS="STYLE2" HEIGHT="78" WIDTH="204" HPOS="761" VPOS="1973" CONTENT="bliver" WC="0.77" LANG="dan"/>
							<SP ID="SP62" WIDTH="36" HPOS="965" VPOS="1973"/>
							<String ID="STRING73" STYLEREFS="STYLE2" HEIGHT="94" WIDTH="96" HPOS="1001" VPOS="1975" CONTENT="til," WC="0.62" LANG="dan"/>
							<SP ID="SP63" WIDTH="22" HPOS="1097" VPOS="1975"/>
							<String ID="STRING74" STYLEREFS="STYLE2" HEIGHT="58" WIDTH="172" HPOS="1119" VPOS="1997" CONTENT="naar" WC="0.93" LANG="dan"/>
							<SP ID="SP64" WIDTH="22" HPOS="1291" VPOS="1997"/>
							<String ID="STRING75" STYLEREFS="STYLE2" HEIGHT="74" WIDTH="72" HPOS="1313" VPOS="1979" CONTENT="de" WC="0.67" LANG="dan"/>
							<SP ID="SP65" WIDTH="14" HPOS="1385" VPOS="1979"/>
							<String ID="STRING76" STYLEREFS="STYLE2" HEIGHT="78" WIDTH="286" HPOS="1399" VPOS="1975" CONTENT="kommer" WC="0.67" LANG="dan"/>
							<SP ID="SP66" WIDTH="28" HPOS="1685" VPOS="1975"/>
							<String ID="STRING77" STYLEREFS="STYLE2" HEIGHT="92" WIDTH="310" HPOS="1713" VPOS="1973" CONTENT="sammen." WC="0.94" LANG="dan"/>
						</TextLine>
					</TextBlock>
					<TextBlock xs:type="TextBlockType" ID="ZONE1136672" HEIGHT="1564" WIDTH="1774" HPOS="263" VPOS="2205" xlink:type="simple">
						<TextLine ID="LINE12" HEIGHT="98" WIDTH="1570" HPOS="459" VPOS="2205">
							<String ID="STRING78" STYLEREFS="STYLE2" HEIGHT="96" WIDTH="144" HPOS="459" VPOS="2207" CONTENT="Jeg" WC="0.98" LANG="dan"/>
							<SP ID="SP67" WIDTH="32" HPOS="603" VPOS="2207"/>
							<String ID="STRING79" STYLEREFS="STYLE2" HEIGHT="78" WIDTH="92" HPOS="635" VPOS="2207" CONTENT="vil" WC="0.88" LANG="dan"/>
							<SP ID="SP68" WIDTH="34" HPOS="727" VPOS="2207"/>
							<String ID="STRING80" STYLEREFS="STYLE2" HEIGHT="94" WIDTH="256" HPOS="761" VPOS="2205" CONTENT="snarere" WC="0.82" LANG="dan"/>
							<SP ID="SP69" WIDTH="28" HPOS="1017" VPOS="2205"/>
							<String ID="STRING81" STYLEREFS="STYLE2" HEIGHT="82" WIDTH="198" HPOS="1045" VPOS="2207" CONTENT="tænke" WC="0.9" LANG="dan"/>
							<SP ID="SP70" WIDTH="32" HPOS="1243" VPOS="2207"/>
							<String ID="STRING82" STYLEREFS="STYLE2" HEIGHT="64" WIDTH="72" HPOS="1275" VPOS="2223" CONTENT="at" WC="0.69" LANG="dan"/>
							<SP ID="SP71" WIDTH="74" HPOS="1347" VPOS="2223"/>
							<String ID="STRING83" STYLEREFS="STYLE2" HEIGHT="96" WIDTH="240" HPOS="1421" VPOS="2207" CONTENT="behage" WC="0.82" LANG="dan"/>
							<SP ID="SP72" WIDTH="56" HPOS="1661" VPOS="2207"/>
							<String ID="STRING84" STYLEREFS="STYLE2" HEIGHT="96" WIDTH="312" HPOS="1717" VPOS="2205" CONTENT="Læseren," WC="0.82" LANG="dan"/>
						</TextLine>
						<TextLine ID="LINE13" HEIGHT="98" WIDTH="1764" HPOS="265" VPOS="2327">
							<String ID="STRING85" STYLEREFS="STYLE2" HEIGHT="58" WIDTH="112" HPOS="265" VPOS="2353" CONTENT="om" WC="0.68" LANG="dan"/>
							<SP ID="SP73" WIDTH="36" HPOS="377" VPOS="2353"/>
							<String ID="STRING86" STYLEREFS="STYLE2" HEIGHT="94" WIDTH="98" HPOS="413" VPOS="2331" CONTENT="jeg" WC="0.65" LANG="dan"/>
							<SP ID="SP74" WIDTH="40" HPOS="511" VPOS="2331"/>
							<String ID="STRING87" STYLEREFS="STYLE2" HEIGHT="96" WIDTH="256" HPOS="551" VPOS="2329" CONTENT="ligesom" WC="0.73" LANG="dan"/>
							<SP ID="SP75" WIDTH="44" HPOS="807" VPOS="2329"/>
							<String ID="STRING88" STYLEREFS="STYLE2" HEIGHT="56" WIDTH="94" HPOS="851" VPOS="2349" CONTENT="nu" WC="0.7" LANG="dan"/>
							<SP ID="SP76" WIDTH="32" HPOS="945" VPOS="2349"/>
							<String ID="STRING89" STYLEREFS="STYLE2" HEIGHT="60" WIDTH="64" HPOS="977" VPOS="2349" CONTENT="er" WC="0.79" LANG="dan"/>
							<SP ID="SP77" WIDTH="30" HPOS="1041" VPOS="2349"/>
							<String ID="STRING90" STYLEREFS="STYLE2" HEIGHT="94" WIDTH="146" HPOS="1071" VPOS="2329" CONTENT="ffeet" WC="0.69" LANG="dan"/>
							<SP ID="SP78" WIDTH="54" HPOS="1217" VPOS="2329"/>
							<String ID="STRING91" STYLEREFS="STYLE2" HEIGHT="74" WIDTH="142" HPOS="1271" VPOS="2335" CONTENT="med" WC="0.76" LANG="dan"/>
							<SP ID="SP79" WIDTH="54" HPOS="1413" VPOS="2335"/>
							<String ID="STRING92" STYLEREFS="STYLE2" HEIGHT="88" WIDTH="182" HPOS="1467" VPOS="2329" CONTENT="Tal«" WC="0.83" LANG="dan"/>
							<SP ID="SP80" WIDTH="38" HPOS="1649" VPOS="2329"/>
							<String ID="STRING93" STYLEREFS="STYLE2" HEIGHT="96" WIDTH="342" HPOS="1687" VPOS="2327" CONTENT="Lotteriet," WC="0.74" LANG="dan"/>
						</TextLine>
						<TextLine ID="LINE14" HEIGHT="98" WIDTH="1772" HPOS="263" VPOS="2449">
							<String ID="STRING94" STYLEREFS="STYLE2" HEIGHT="76" WIDTH="174" HPOS="263" VPOS="2457" CONTENT="vilde" WC="0.73" LANG="dan"/>
							<SP ID="SP81" WIDTH="72" HPOS="437" VPOS="2457"/>
							<String ID="STRING95" STYLEREFS="STYLE2" HEIGHT="96" WIDTH="358" HPOS="509" VPOS="2451" CONTENT="undersøge" WC="0.72" LANG="dan"/>
							<SP ID="SP82" WIDTH="72" HPOS="867" VPOS="2451"/>
							<String ID="STRING96" STYLEREFS="STYLE2" HEIGHT="72" WIDTH="104" HPOS="939" VPOS="2457" CONTENT="det" WC="0.78" LANG="dan"/>
							<SP ID="SP83" WIDTH="66" HPOS="1043" VPOS="2457"/>
							<String ID="STRING97" STYLEREFS="STYLE2" HEIGHT="96" WIDTH="368" HPOS="1109" VPOS="2449" CONTENT="Kongelige" WC="0.79" LANG="dan"/>
							<SP ID="SP84" WIDTH="56" HPOS="1477" VPOS="2449"/>
							<String ID="STRING98" STYLEREFS="STYLE2" HEIGHT="94" WIDTH="502" HPOS="1533" VPOS="2451" CONTENT="allernaadigste" WC="0.8" LANG="dan"/>
						</TextLine>
						<TextLine ID="LINE15" HEIGHT="114" WIDTH="1736" HPOS="265" VPOS="2559">
							<String ID="STRING99" STYLEREFS="STYLE2" HEIGHT="96" WIDTH="454" HPOS="265" VPOS="2577" CONTENT="privilegerede" WC="0.75" LANG="dan"/>
							<SP ID="SP85" WIDTH="32" HPOS="719" VPOS="2577"/>
							<String ID="STRING100" STYLEREFS="STYLE5" HEIGHT="109" WIDTH="900" HPOS="751" VPOS="2559" CONTENT="KierkenhavnjkejLorterie;" WC="0.8" LANG="dan"/>
							<SP ID="SP86" WIDTH="-308" HPOS="1651" VPOS="2559"/>
							<String ID="STRING101" STYLEREFS="STYLE2" HEIGHT="96" WIDTH="308" HPOS="1343" VPOS="2571" CONTENT="Lotterie;" WC="0.69" LANG="deu"/>
							<SP ID="SP87" WIDTH="50" HPOS="1651" VPOS="2571"/>
							<String ID="STRING102" STYLEREFS="STYLE2" HEIGHT="60" WIDTH="148" HPOS="1701" VPOS="2591" CONTENT="men" WC="0.87" LANG="dan"/>
							<SP ID="SP88" WIDTH="32" HPOS="1849" VPOS="2591"/>
							<String ID="STRING103" STYLEREFS="STYLE2" HEIGHT="76" WIDTH="120" HPOS="1881" VPOS="2575" CONTENT="den" SUBS_TYPE="HypPart1" SUBS_CONTENT="denne" WC="0.98" LANG="dan"/>
							<HYP CONTENT="-"/>
						</TextLine>
						<TextLine ID="LINE16" HEIGHT="104" WIDTH="1762" HPOS="271" VPOS="2689">
							<String ID="STRING104" STYLEREFS="STYLE2" HEIGHT="58" WIDTH="78" HPOS="271" VPOS="2721" CONTENT="ne" SUBS_TYPE="HypPart2" SUBS_CONTENT="denne" WC="1" LANG="dan"/>
							<SP ID="SP89" WIDTH="40" HPOS="349" VPOS="2721"/>
							<String ID="STRING105" STYLEREFS="STYLE2" HEIGHT="74" WIDTH="180" HPOS="389" VPOS="2719" CONTENT="gang" WC="0.89" LANG="dan"/>
							<SP ID="SP90" WIDTH="52" HPOS="569" VPOS="2719"/>
							<String ID="STRING106" STYLEREFS="STYLE2" HEIGHT="56" WIDTH="64" HPOS="621" VPOS="2719" CONTENT="er" WC="0.78" LANG="dan"/>
							<SP ID="SP91" WIDTH="46" HPOS="685" VPOS="2719"/>
							<String ID="STRING107" STYLEREFS="STYLE2" HEIGHT="74" WIDTH="162" HPOS="731" VPOS="2701" CONTENT="dette" WC="0.78" LANG="dan"/>
							<SP ID="SP92" WIDTH="46" HPOS="893" VPOS="2701"/>
							<String ID="STRING108" STYLEREFS="STYLE2" HEIGHT="94" WIDTH="102" HPOS="939" VPOS="2693" CONTENT="for" WC="0.4" LANG="dan"/>
							<SP ID="SP93" WIDTH="52" HPOS="1041" VPOS="2693"/>
							<String ID="STRING109" STYLEREFS="STYLE2" HEIGHT="100" WIDTH="372" HPOS="1093" VPOS="2689" CONTENT="vidtløftig," WC="0.75" LANG="dan"/>
							<SP ID="SP94" WIDTH="94" HPOS="1465" VPOS="2689"/>
							<String ID="STRING110" STYLEREFS="STYLE2" HEIGHT="96" WIDTH="96" HPOS="1559" VPOS="2693" CONTENT="jeg" WC="0.7" LANG="dan"/>
							<SP ID="SP95" WIDTH="50" HPOS="1655" VPOS="2693"/>
							<String ID="STRING111" STYLEREFS="STYLE2" HEIGHT="78" WIDTH="92" HPOS="1705" VPOS="2695" CONTENT="vil" WC="0.82" LANG="dan"/>
							<SP ID="SP96" WIDTH="50" HPOS="1797" VPOS="2695"/>
							<String ID="STRING112" STYLEREFS="STYLE2" HEIGHT="72" WIDTH="186" HPOS="1847" VPOS="2699" CONTENT="alene" WC="1" LANG="dan"/>
						</TextLine>
						<TextLine ID="LINE17" HEIGHT="104" WIDTH="1766" HPOS="267" VPOS="2815">
							<String ID="STRING113" STYLEREFS="STYLE2" HEIGHT="94" WIDTH="162" HPOS="267" VPOS="2825" CONTENT="sige," WC="0.68" LANG="dan"/>
							<SP ID="SP97" WIDTH="56" HPOS="429" VPOS="2825"/>
							<String ID="STRING114" STYLEREFS="STYLE2" HEIGHT="62" WIDTH="74" HPOS="485" VPOS="2837" CONTENT="at" WC="0.69" LANG="dan"/>
							<SP ID="SP98" WIDTH="50" HPOS="559" VPOS="2837"/>
							<String ID="STRING115" STYLEREFS="STYLE2" HEIGHT="58" WIDTH="174" HPOS="609" VPOS="2841" CONTENT="naar" WC="0.81" LANG="dan"/>
							<SP ID="SP99" WIDTH="46" HPOS="783" VPOS="2841"/>
							<String ID="STRING116" STYLEREFS="STYLE2" HEIGHT="58" WIDTH="162" HPOS="829" VPOS="2839" CONTENT="man" WC="0.89" LANG="dan"/>
							<SP ID="SP100" WIDTH="44" HPOS="991" VPOS="2839"/>
							<String ID="STRING117" STYLEREFS="STYLE2" HEIGHT="74" WIDTH="92" HPOS="1035" VPOS="2821" CONTENT="vil" WC="0.73" LANG="dan"/>
							<SP ID="SP101" WIDTH="30" HPOS="1127" VPOS="2821"/>
							<String ID="STRING118" STYLEREFS="STYLE2" HEIGHT="96" WIDTH="468" HPOS="1157" VPOS="2815" CONTENT="sammenligne" WC="0.86" LANG="dan"/>
							<SP ID="SP102" WIDTH="48" HPOS="1625" VPOS="2815"/>
							<String ID="STRING119" STYLEREFS="STYLE2" HEIGHT="92" WIDTH="180" HPOS="1673" VPOS="2821" CONTENT="dem," WC="0.82" LANG="dan"/>
							<SP ID="SP103" WIDTH="46" HPOS="1853" VPOS="2821"/>
							<String ID="STRING120" STYLEREFS="STYLE2" HEIGHT="82" WIDTH="134" HPOS="1899" VPOS="2815" CONTENT="kan" WC="1" LANG="dan"/>
						</TextLine>
						<TextLine ID="LINE18" HEIGHT="101" WIDTH="1745" HPOS="263" VPOS="2936">
							<String ID="STRING121" STYLEREFS="STYLE2" HEIGHT="56" WIDTH="164" HPOS="263" VPOS="2967" CONTENT="man" WC="0.86" LANG="dan"/>
							<SP ID="SP104" WIDTH="50" HPOS="427" VPOS="2967"/>
							<String ID="STRING122" STYLEREFS="STYLE2" HEIGHT="78" WIDTH="146" HPOS="477" VPOS="2959" CONTENT="tage" WC="0.84" LANG="dan"/>
							<SP ID="SP105" WIDTH="50" HPOS="623" VPOS="2959"/>
							<String ID="STRING123" STYLEREFS="STYLE2" HEIGHT="88" WIDTH="180" HPOS="673" VPOS="2941" CONTENT="Tal«" WC="0.83" LANG="dan"/>
							<SP ID="SP106" WIDTH="38" HPOS="853" VPOS="2941"/>
							<String ID="STRING124" STYLEREFS="STYLE2" HEIGHT="84" WIDTH="334" HPOS="891" VPOS="2937" CONTENT="Lotteriets" WC="0.66" LANG="dan"/>
							<SP ID="SP107" WIDTH="60" HPOS="1225" VPOS="2937"/>
							<String ID="STRING125" STYLEREFS="STYLE2" HEIGHT="96" WIDTH="194" HPOS="1285" VPOS="2939" CONTENT="beste," WC="0.73" LANG="deu"/>
							<SP ID="SP108" WIDTH="58" HPOS="1479" VPOS="2939"/>
							<String ID="STRING126" STYLEREFS="STYLE2" HEIGHT="72" WIDTH="80" HPOS="1537" VPOS="2961" CONTENT="og" WC="0.43" LANG="dan"/>
							<SP ID="SP109" WIDTH="70" HPOS="1617" VPOS="2961"/>
							<String ID="STRING127" STYLEREFS="STYLE2" HEIGHT="74" WIDTH="102" HPOS="1687" VPOS="2943" CONTENT="det" WC="0.6" LANG="dan"/>
							<SP ID="SP110" WIDTH="70" HPOS="1789" VPOS="2943"/>
							<String ID="STRING128" STYLEREFS="STYLE6" HEIGHT="85" WIDTH="149" HPOS="1859" VPOS="2936" CONTENT="Kin" SUBS_TYPE="HypPart1" SUBS_CONTENT="Kinbenhavnike" WC="0.78" LANG="dan"/>
							<HYP CONTENT="-"/>
						</TextLine>
						<TextLine ID="LINE19" HEIGHT="103" WIDTH="1768" HPOS="267" VPOS="3058">
							<String ID="STRING129" STYLEREFS="STYLE5" HEIGHT="103" WIDTH="403" HPOS="267" VPOS="3058" CONTENT="benhavnike" SUBS_TYPE="HypPart2" SUBS_CONTENT="Kinbenhavnike" WC="0.82" LANG="dan"/>
							<SP ID="SP111" WIDTH="63" HPOS="670" VPOS="3058"/>
							<String ID="STRING130" STYLEREFS="STYLE2" HEIGHT="82" WIDTH="306" HPOS="733" VPOS="3061" CONTENT="Lotteries" WC="0.83" LANG="dan"/>
							<SP ID="SP112" WIDTH="44" HPOS="1039" VPOS="3061"/>
							<String ID="STRING131" STYLEREFS="STYLE2" HEIGHT="96" WIDTH="252" HPOS="1083" VPOS="3063" CONTENT="fletteste" WC="0.63" LANG="dan"/>
							<SP ID="SP113" WIDTH="40" HPOS="1335" VPOS="3063"/>
							<String ID="STRING132" STYLEREFS="STYLE2" HEIGHT="94" WIDTH="526" HPOS="1375" VPOS="3061" CONTENT="Spillemaade," WC="0.8" LANG="dan"/>
							<SP ID="SP114" WIDTH="52" HPOS="1901" VPOS="3061"/>
							<String ID="STRING133" STYLEREFS="STYLE2" HEIGHT="72" WIDTH="82" HPOS="1953" VPOS="3083" CONTENT="og" WC="0.29" LANG="dan"/>
						</TextLine>
						<TextLine ID="LINE20" HEIGHT="104" WIDTH="1768" HPOS="267" VPOS="3181">
							<String ID="STRING134" STYLEREFS="STYLE2" HEIGHT="92" WIDTH="172" HPOS="267" VPOS="3193" CONTENT="legge" WC="0.81" LANG="deu"/>
							<SP ID="SP115" WIDTH="54" HPOS="439" VPOS="3193"/>
							<String ID="STRING135" STYLEREFS="STYLE2" HEIGHT="88" WIDTH="332" HPOS="493" VPOS="3189" CONTENT="hinanden" WC="0.81" LANG="dan"/>
							<SP ID="SP116" WIDTH="52" HPOS="825" VPOS="3189"/>
							<String ID="STRING136" STYLEREFS="STYLE2" HEIGHT="74" WIDTH="134" HPOS="877" VPOS="3205" CONTENT="paa" WC="0.9" LANG="dan"/>
							<SP ID="SP117" WIDTH="40" HPOS="1011" VPOS="3205"/>
							<String ID="STRING137" STYLEREFS="STYLE2" HEIGHT="96" WIDTH="278" HPOS="1051" VPOS="3183" CONTENT="Siden," WC="0.79" LANG="dan"/>
							<SP ID="SP118" WIDTH="50" HPOS="1329" VPOS="3183"/>
							<String ID="STRING138" STYLEREFS="STYLE2" HEIGHT="98" WIDTH="218" HPOS="1379" VPOS="3181" CONTENT="derfra" WC="0.72" LANG="dan"/>
							<SP ID="SP119" WIDTH="48" HPOS="1597" VPOS="3181"/>
							<String ID="STRING139" STYLEREFS="STYLE2" HEIGHT="80" WIDTH="182" HPOS="1645" VPOS="3183" CONTENT="løber" WC="0.78" LANG="dan"/>
							<SP ID="SP120" WIDTH="50" HPOS="1827" VPOS="3183"/>
							<String ID="STRING140" STYLEREFS="STYLE2" HEIGHT="98" WIDTH="158" HPOS="1877" VPOS="3183" CONTENT="hver" WC="0.55" LANG="dan"/>
						</TextLine>
						<TextLine ID="LINE21" HEIGHT="102" WIDTH="1762" HPOS="271" VPOS="3305">
							<String ID="STRING141" STYLEREFS="STYLE2" HEIGHT="82" WIDTH="74" HPOS="271" VPOS="3313" CONTENT="til" WC="0.71" LANG="dan"/>
							<SP ID="SP121" WIDTH="38" HPOS="345" VPOS="3313"/>
							<String ID="STRING142" STYLEREFS="STYLE2" HEIGHT="92" WIDTH="94" HPOS="383" VPOS="3315" CONTENT="sin" WC="0.59" LANG="dan"/>
							<SP ID="SP122" WIDTH="26" HPOS="477" VPOS="3315"/>
							<String ID="STRING143" STYLEREFS="STYLE2" HEIGHT="82" WIDTH="192" HPOS="503" VPOS="3309" CONTENT="Side" WC="0.57" LANG="dan"/>
							<SP ID="SP123" WIDTH="34" HPOS="695" VPOS="3309"/>
							<String ID="STRING144" STYLEREFS="STYLE4" HEIGHT="93" WIDTH="112" HPOS="729" VPOS="3305" CONTENT="faa" WC="0.85" LANG="dan"/>
							<SP ID="SP124" WIDTH="40" HPOS="841" VPOS="3305"/>
							<String ID="STRING145" STYLEREFS="STYLE2" HEIGHT="96" WIDTH="182" HPOS="881" VPOS="3305" CONTENT="stærk" WC="0.75" LANG="dan"/>
							<SP ID="SP125" WIDTH="34" HPOS="1063" VPOS="3305"/>
							<String ID="STRING146" STYLEREFS="STYLE2" HEIGHT="74" WIDTH="72" HPOS="1097" VPOS="3311" CONTENT="de" WC="0.75" LANG="dan"/>
							<SP ID="SP126" WIDTH="32" HPOS="1169" VPOS="3311"/>
							<String ID="STRING147" STYLEREFS="STYLE2" HEIGHT="98" WIDTH="168" HPOS="1201" VPOS="3305" CONTENT="kan," WC="1" LANG="dan"/>
							<SP ID="SP127" WIDTH="56" HPOS="1369" VPOS="3305"/>
							<String ID="STRING148" STYLEREFS="STYLE2" HEIGHT="98" WIDTH="608" HPOS="1425" VPOS="3305" CONTENT="detKiøbenhavn«" WC="0.79" LANG="dan"/>
						</TextLine>
						<TextLine ID="LINE22" HEIGHT="106" WIDTH="1738" HPOS="267" VPOS="3425">
							<String ID="STRING149" STYLEREFS="STYLE2" HEIGHT="96" WIDTH="86" HPOS="267" VPOS="3435" CONTENT="ffe" WC="0.48" LANG="dan"/>
							<SP ID="SP128" WIDTH="48" HPOS="353" VPOS="3435"/>
							<String ID="STRING150" STYLEREFS="STYLE2" HEIGHT="78" WIDTH="74" HPOS="401" VPOS="3435" CONTENT="til" WC="0.55" LANG="dan"/>
							<SP ID="SP129" WIDTH="46" HPOS="475" VPOS="3435"/>
							<String ID="STRING151" STYLEREFS="STYLE2" HEIGHT="66" WIDTH="74" HPOS="521" VPOS="3447" CONTENT="at" WC="0.88" LANG="dan"/>
							<SP ID="SP130" WIDTH="46" HPOS="595" VPOS="3447"/>
							<String ID="STRING152" STYLEREFS="STYLE2" HEIGHT="80" WIDTH="168" HPOS="641" VPOS="3431" CONTENT="blive" WC="0.83" LANG="dan"/>
							<SP ID="SP131" WIDTH="44" HPOS="809" VPOS="3431"/>
							<String ID="STRING153" STYLEREFS="STYLE2" HEIGHT="98" WIDTH="186" HPOS="853" VPOS="3427" CONTENT="stedse" WC="0.64" LANG="dan"/>
							<SP ID="SP132" WIDTH="58" HPOS="1039" VPOS="3427"/>
							<String ID="STRING154" STYLEREFS="STYLE2" HEIGHT="82" WIDTH="186" HPOS="1097" VPOS="3427" CONTENT="bedre" WC="0.61" LANG="dan"/>
							<SP ID="SP133" WIDTH="52" HPOS="1283" VPOS="3427"/>
							<String ID="STRING155" STYLEREFS="STYLE2" HEIGHT="74" WIDTH="80" HPOS="1335" VPOS="3449" CONTENT="og" WC="0.67" LANG="dan"/>
							<SP ID="SP134" WIDTH="50" HPOS="1415" VPOS="3449"/>
							<String ID="STRING156" STYLEREFS="STYLE2" HEIGHT="96" WIDTH="228" HPOS="1465" VPOS="3427" CONTENT="bedre," WC="0.7" LANG="dan"/>
							<SP ID="SP135" WIDTH="46" HPOS="1693" VPOS="3427"/>
							<String ID="STRING157" STYLEREFS="STYLE2" HEIGHT="74" WIDTH="78" HPOS="1739" VPOS="3451" CONTENT="og" WC="0.91" LANG="dan"/>
							<SP ID="SP136" WIDTH="48" HPOS="1817" VPOS="3451"/>
							<String ID="STRING158" STYLEREFS="STYLE2" HEIGHT="90" WIDTH="140" HPOS="1865" VPOS="3425" CONTENT="Tal" SUBS_TYPE="HypPart1" SUBS_CONTENT="TalLotteriet" WC="0.78" LANG="dan"/>
							<HYP CONTENT="-"/>
						</TextLine>
						<TextLine ID="LINE23" HEIGHT="100" WIDTH="1762" HPOS="269" VPOS="3549">
							<String ID="STRING159" STYLEREFS="STYLE2" HEIGHT="90" WIDTH="300" HPOS="269" VPOS="3555" CONTENT="Lotteriet" SUBS_TYPE="HypPart2" SUBS_CONTENT="TalLotteriet" WC="0.6" LANG="dan"/>
							<SP ID="SP137" WIDTH="54" HPOS="569" VPOS="3555"/>
							<String ID="STRING160" STYLEREFS="STYLE2" HEIGHT="78" WIDTH="222" HPOS="623" VPOS="3557" CONTENT="endnu" WC="0.78" LANG="dan"/>
							<SP ID="SP138" WIDTH="52" HPOS="845" VPOS="3557"/>
							<String ID="STRING161" STYLEREFS="STYLE2" HEIGHT="92" WIDTH="272" HPOS="897" VPOS="3557" CONTENT="længere" WC="0.83" LANG="dan"/>
							<SP ID="SP139" WIDTH="54" HPOS="1169" VPOS="3557"/>
							<String ID="STRING162" STYLEREFS="STYLE2" HEIGHT="82" WIDTH="150" HPOS="1223" VPOS="3549" CONTENT="bort" WC="0.44" LANG="dan"/>
							<SP ID="SP140" WIDTH="42" HPOS="1373" VPOS="3549"/>
							<String ID="STRING163" STYLEREFS="STYLE2" HEIGHT="84" WIDTH="72" HPOS="1415" VPOS="3553" CONTENT="til" WC="0.76" LANG="dan"/>
							<SP ID="SP141" WIDTH="38" HPOS="1487" VPOS="3553"/>
							<String ID="STRING164" STYLEREFS="STYLE2" HEIGHT="66" WIDTH="72" HPOS="1525" VPOS="3567" CONTENT="at" WC="0.77" LANG="dan"/>
							<SP ID="SP142" WIDTH="36" HPOS="1597" VPOS="3567"/>
							<String ID="STRING165" STYLEREFS="STYLE2" HEIGHT="80" WIDTH="164" HPOS="1633" VPOS="3553" CONTENT="blive" WC="0.8" LANG="dan"/>
							<SP ID="SP143" WIDTH="26" HPOS="1797" VPOS="3553"/>
							<String ID="STRING166" STYLEREFS="STYLE2" HEIGHT="64" WIDTH="208" HPOS="1823" VPOS="3571" CONTENT="værre" WC="0.75" LANG="dan"/>
						</TextLine>
						<TextLine ID="LINE24" HEIGHT="98" WIDTH="870" HPOS="1065" VPOS="3671">
							<String ID="STRING167" STYLEREFS="STYLE2" HEIGHT="90" WIDTH="90" HPOS="1065" VPOS="3671" CONTENT="B" WC="0.45" LANG="dan"/>
							<SP ID="SP144" WIDTH="54" HPOS="1155" VPOS="3671"/>
							<String ID="STRING168" STYLEREFS="STYLE7" HEIGHT="68" WIDTH="32" HPOS="1209" VPOS="3699" CONTENT="5" WC="1" LANG="dan"/>
							<SP ID="SP145" WIDTH="614" HPOS="1241" VPOS="3699"/>
							<String ID="STRING169" STYLEREFS="STYLE2" HEIGHT="74" WIDTH="80" HPOS="1855" VPOS="3695" CONTENT="og" WC="0.29" LANG="dan"/>
						</TextLine>
					</TextBlock>
				</ComposedBlock>
			</PrintSpace>
		</Page>
	</Layout>
</alto>
