2802 4671
1723 553 31 62 i
1787 550 31 68 l

151 740 73 80 til
255 741 73 94 sit
347 736 185 100 Folk,
563 758 75 75 og
673 741 91 92 jeg
1003 748 93 72 ve!
1137 739 153 91 ikke,
1323 762 165 58 naar
1519 743 95 93 jeg
1647 740 185 95 siger,

149 892 69 62 at
245 882 113 71 den
393 870 171 93 Tids
597 870 230 99 Punct
861 896 60 56 er
955 870 100 95 for
1089 872 375 99 Haanden,
1495 893 68 62 ar
1599 875 231 96 enhver

139 1000 334 101 3retskaffen
496 1024 77 76 og
604 1022 127 62 troe
752 1003 353 96 Undersaat
1142 1009 117 78 bor
1294 1008 213 94 opofre
1532 1017 89 71 alt
1654 1008 175 97 hvad

146 1145 101 73 der
273 1108 207 119 saaer
516 1141 20 75 i
564 1147 158 69 dens
758 1138 212 96 Magt
1002 1161 79 75 og
1116 1138 278 97 Formue
1432 1146 68 75 til
1528 1163 68 59 at
1628 1143 171 94 befor-

143 1277 105 71 dre
277 1279 113 68 den
419 1268 149 96 beste
601 1266 273 99 Konges
909 1270 381 101 Hensigter,
1340 1273 124 92 som
1515 1297 103 59 ene
1650 1299 178 72 gaae

143 1408 84 72 Ud
275 1419 132 74 paa
447 1415 72 63 at
561 1397 286 96 befordre
895 1406 76 88 sit
999 1401 230 99 Folkes
1263 1406 429 101 Lyksalighed;
1745 1431 81 75 og

144 1533 171 87 hvad
350 1532 119 76 kan
504 1549 161 61 være
702 1540 199 74 lettere
933 1556 80 74 og
1052 1538 241 80 mindre
1328 1537 211 102 følelig
1572 1539 99 95 for
1702 1555 121 85 os,

144 1672 116 68 end
302 1680 70 64 at
416 1663 66 80 vi
526 1662 396 95 efterkomme
974 1679 98 69 det
1127 1666 369 100 foran-førte
1524 1671 301 103 Forflag,

145 1814 105 57 vm
283 1803 95 69 det
405 1793 196 92 skulde
639 1793 241 83 komme
913 1802 217 90 dertil,
1175 1807 87 74 da
1303 1803 65 78 vi
1415 1812 223 76 derved
1675 1813 151 81 intet

141 1930 186 75 andet
357 1927 230 92 mister,
619 1932 116 74 end
769 1934 98 75 det
895 1930 68 80 vi
994 1929 119 81 kan
1143 1942 341 94 undvære;
1515 1939 88 96 thi
1625 1942 169 87 Bru-

140 2079 111 73 gen
300 2079 61 59 er
402 2057 77 94 af
514 2078 71 58 en
634 2057 107 94 saa
782 2063 175 95 ringe
986 2061 431 100 Betydning,
1456 2085 73 68 at
1560 2081 117 76 den
1710 2079 109 94 her

141 2190 119 80 ikke
291 2191 115 81 bor
437 2195 239 76 komme
708 2198 18 74 i
763 2192 476 101 Betragtning,
1258 2206 84 71 da
1380 2203 280 83 derimod
1694 2205 103 98 for-

139 2323 361 96 haabentlig
549 2344 133 74 paa
729 2348 281 80 eengang
1051 2330 289 93 erstattes
1389 2352 73 62 en
1497 2337 319 101 Mangel,

138 2455 127 93 som
299 2479 62 57 er
384 2458 263 81 Skaten
682 2461 105 91 saa
825 2463 637 99 magtpaaliggende,
1513 2495 77 73 og
1629 2480 16 72 i
1667 2451 115 126 saa-

129 2583 139 86 dem
302 2591 353 97 Henseende
682 2593 197 94 skulde
914 2598 93 93 jeg
1034 2598 119 77 ikke
1178 2615 137 80 troe
1386 2616 71 64 at
1490 2611 115 73 den
1632 2610 183 97 Ind«

140 2726 356 91 vendning,
544 2740 70 63 at
649 2723 259 84 Sølvet
952 2750 134 71 paa
1134 2751 277 77 eengang
1460 2739 160 81 vilde
1652 2765 164 76 gaae

135 2860 91 74 ud
263 2853 73 93 af
365 2852 271 101 Landet,
681 2855 125 95 som
847 2857 201 92 altsaa
1095 2882 123 61 var
1253 2876 399 92 udtømmet,
1706 2879 108 81 om

131 3006 72 58 en
238 2982 173 100 Krig
452 2984 192 96 skulde
693 2993 314 93 overfalde
1049 3006 133 85 det,
1231 3002 88 78 vil
1367 3003 162 82 blive
1577 3012 77 88 af
1695 3023 117 75 den

131 3107 406 112 Vigtighed-»
572 3124 125 91 som
730 3134 111 71 den
890 3141 113 67 ved
1054 3128 187 99 første
1272 3132 291 99 Indfald
1612 3146 199 88 kunde

131 3249 199 97 syUes.
481 3251 127 97 Thi
640 3256 226 98 enhver
896 3282 184 62 maae
1119 3266 310 100 fornuftig
1456 3278 223 97 tænke,
1736 3306 73 60 at

129 3408 71 58 en
235 3384 229 85 Stats
503 3389 399 103 Forbedring
953 3403 179 91 sigter
1165 3401 201 82 baade
1403 3406 69 78 til
1505 3419 111 73 den
1647 3436 129 62 nær-

125 3534 282 70 værende
451 3547 75 77 og
583 3529 432 85 tilkommende
1064 3532 131 93 Tid
