2882 4624
955 559 110 95 18

1019 742 266 84 Giøres
1345 736 136 93 mig
1519 739 242 92 derpaa
1805 736 210 80 videre
2057 742 120 76 den
2209 736 378 99 Indsigelse.

819 867 159 86 See
993 862 271 90 Tanker
1301 876 151 62 over
1485 861 101 74 det
1615 861 177 76 alene
1823 858 449 98 privilegerede
2291 857 297 84 Lotterie!

816 989 98 84 At
932 991 120 76 ved
1102 988 122 74 den
1242 974 258 99 Afdrag
1522 975 78 96 af
1636 1001 106 54 r--.
1774 999 116 76 pro
1908 980 212 82 Cento
2158 978 80 97 af
2254 979 336 84 Lotteriers

816 1107 410 91 Gevinster,
1282 1106 142 74 eller
1460 1099 130 98 hele
1626 1097 360 101 Summa,
2030 1124 64 58 er
2126 1110 314 91 opdraget
2474 1103 114 94 faa

816 1237 148 74 eller
1014 1227 118 91 faa
1188 1244 240 74 mange
1492 1221 334 96 hundrede
1870 1220 226 100 fattige
2152 1248 79 74 og
2272 1223 312 96 faderlsfr

815 1349 248 86 Born.
1173 1344 96 86 At
1301 1348 22 78 i
1357 1370 110 72 30,
1511 1343 150 84 Aar
1699 1345 128 78 kan
1875 1344 232 94 samles
2139 1370 74 54 en
2253 1347 328 98 bestandig

819 1475 200 102 Fond
1055 1472 72 80 til
1163 1468 118 94 faa
1333 1487 242 76 mange
1627 1467 326 90 hundrede
1999 1466 258 84 Børns
2305 1465 246 94 Opdra-

813 1597 178 96 gelse.
1099 1592 98 86 At
1231 1594 20 78 i
1279 1586 446 100 paafølgende
1765 1611 108 70 5o.
1893 1588 146 82 Aar
2073 1588 126 80 kan
2235 1588 234 93 samles
2505 1611 76 54 en

816 1717 240 98 Fond,
1124 1712 432 98 tilstrekkelig,
1640 1713 124 76 alle
1817 1709 459 97 Nesidentsms
2325 1709 259 98 Fattige

810 1857 76 66 at
924 1838 422 98 underholde.
1462 1833 122 96 Og
1618 1847 74 64 at
1728 1835 110 78 der
1874 1834 216 78 endda
2138 1835 284 77 desuden
2456 1831 126 80 kan

806 1963 260 98 afgives
1106 1958 310 96 anseelige
1458 1955 354 82 Summer
1848 1954 74 78 til
1978 1958 206 76 andre
2220 1949 362 100 Stiftelser,

804 2107 83 78 og
936 2085 321 82 Statens
1318 2079 413 94 nødvendige
1782 2073 507 99 Indretninger.
2436 2075 145 86 Da

805 2207 268 94 svares:
1155 2202 96 80 At
1299 2198 116 96 saa
1491 2213 208 82 meget
1753 2197 130 82 kan
1935 2196 100 98 jeg
2077 2204 176 74 alene
2308 2198 266 96 til-saae

809 2327 98 86 At
941 2325 78 96 af
1047 2324 368 96 bestandige
1443 2343 80 74 og
1575 2321 502 82 continuerende
2121 2320 292 82 Lotterier
2449 2319 128 80 kan

805 2451 247 93 muelig
1089 2446 129 80 ikke
1255 2452 243 88 drages
1533 2443 187 82 bedre
1757 2443 297 100 Fordeel.
2157 2444 137 100 For
2333 2443 241 92 Resten

804 2571 134 84 kan
972 2575 68 76 al
1084 2576 120 74 den
1246 2573 356 93 opregnede
1636 2565 256 101 Nytte,
1942 2588 80 74 og
2062 2570 74 76 de
2166 2569 118 77 ved
2316 2561 226 84 Lotteri-

802 2703 108 72 ers
954 2689 266 97 Afdrag
1254 2688 344 100 bestridede
1652 2693 250 93 nyttige
1950 2688 490 98 Indretninger
2470 2681 100 96 for

804 2815 319 97 Staten,
1170 2816 22 78 i
1226 2814 194 94 ingen
1464 2813 268 82 Maade
1766 2828 184 65 enten
1984 2818 166 74 døve
2184 2814 142 73 eller
2360 2805 212 80 blinde

801 2941 162 94 mig.
1113 2934 182 88 Den
1345 2934 286 95 Skade,
1705 2933 134 94 som
1883 2930 148 98 disse
2077 2932 494 76 continuerende

801 3059 308 84 Lotterier
1143 3054 342 102 anstifter,
1539 3061 122 74 ved
1695 3069 74 66 at
1819 3051 294 97 forderve
2171 3048 396 83 Nationens

801 3179 524 97 Tænkemaade,
1409 3177 264 94 svækker
1721 3181 164 76 dens
1933 3170 508 101 Arbejdsomhed
2487 3193 80 74 og

799 3301 471 99 Tarvelighed,
1304 3320 80 76 og
1423 3303 235 76 derved
1697 3297 227 98 hindre
1960 3314 80 76 og
2068 3298 284 94 omstøde
2371 3293 161 84 Sta-

796 3435 150 70 tens
966 3420 360 100 Velfærd,
1380 3442 64 58 er
1482 3423 190 92 langt
1704 3421 242 94 større,
2002 3438 82 72 og
2118 3416 128 82 kan
2284 3417 124 80 ikke
2426 3435 134 60 nær

792 3547 266 90 opveies
1088 3550 148 76 med
1288 3550 66 76 al
1388 3548 122 76 den
1556 3547 360 92 opregnede
1970 3538 234 100 Nytte.
2340 3535 220 98 Hvad

792 3663 131 82 kan
956 3671 103 76 det
1098 3682 217 84 nytte;
1370 3666 93 86 At
1496 3661 103 100 jeg
1632 3677 277 86 opretter
1954 3664 205 98 større
2208 3660 233 99 Fonds
2474 3679 85 76 og

2263 3777 194 102 Stif-

521 4153 200 123 n-
