2854 4628
804 601 308 61 1=3--
1824 605 90 68 23

249 761 290 96 nemlig:
599 775 112 78 8;.
749 762 306 96 Udtræk,
1117 784 218 72 5995.
1379 759 270 100 Amber,
1711 787 316 68 11747^.

247 880 258 90 Terner
549 903 78 74 og
697 900 370 75 2;;;^;.
1111 880 432 86 O.vaterner.
1707 883 318 98 Uhørlige

247 1002 466 102 Proportion!
785 1001 352 99 Afskyelige
1189 1005 422 96 Kunstgreb!
1701 1013 120 74 ved
1885 1009 140 79 ind»

249 1126 242 81 viklede
539 1127 164 96 store
745 1123 356 84 Summer
1151 1122 80 98 af
1275 1124 176 99 Tal,
1525 1143 72 64 at
1641 1141 146 82 tage
1823 1129 174 100 Pub-

248 1250 202 77 licum
506 1253 122 76 ved
666 1247 270 94 Næsen.
1044 1248 180 86 Den
1254 1248 480 101 Indvending,
1790 1267 74 64 at
1918 1257 108 76 der

244 1366 132 86 kan
412 1369 172 80 blive
620 1389 240 74 mange
890 1371 150 95 flere
1074 1370 398 95 Gevinster,
1516 1377 120 74 ved
1674 1377 108 74 det
1834 1393 162 60 man-

242 1512 74 74 ge
356 1491 178 92 setter
592 1493 112 78 ind
752 1511 138 76 paa
926 1508 58 64 et
1034 1512 80 74 og
1160 1498 102 74 det
1314 1490 286 101 samme,
1654 1495 160 96 siger
1870 1497 158 79 intet

242 1618 202 75 andet
498 1621 122 72 end
670 1617 290 91 alleneste
1010 1632 72 62 at
1128 1614 446 98 Kunstgrebet
1622 1637 64 58 er
1744 1621 100 74 vel
1886 1617 110 83 ind-

258 1736 215 99 viklet,
510 1733 103 100 for
646 1735 307 86 desbedre
992 1754 71 64 at
1088 1734 325 98 forblinde
1446 1757 151 64 vort
1622 1737 297 104 Begreb.

457 1971 196 82 Man
695 1973 128 78 kan
863 1978 142 74 med
1039 1978 130 88 god
1201 1970 128 94 føie
1367 1972 182 81 kalde
1591 1977 102 76 det
1731 1989 58 64 et
1837 1971 138 90 Tal

235 2088 306 99 Lotterie;
623 2097 102 72 det
779 2113 64 58 er
877 2093 128 95 just
1037 2098 72 72 de
1143 2096 164 90 store
1337 2092 138 90 Tal
1531 2117 80 74 og
1661 2095 356 82 Summer

233 2210 138 94 som
441 2211 310 96 forvilder
813 2231 122 61 vor
989 2212 302 98 Indsigt.
1445 2215 114 86 En
1617 2219 398 96 ubegribelig

236 2334 332 84 Summa
628 2335 130 80 kan
812 2340 260 90 udsiges
1130 2346 146 72 med
1316 2336 152 94 faae
1500 2339 184 84 Ord.
1790 2339 66 98 I
1892 2347 160 73 alle.

238 2454 262 97 Sprog
552 2457 178 94 giver
798 2455 280 84 Ordene
1124 2466 388 88 nogenledes
1568 2477 58 62 er
1674 2459 272 86 Billede
1996 2464 22 76 i

236 2580 276 80 Sindet
553 2573 145 100 Paa
750 2577 300 97 Tingene
1108 2580 242 98 hvortil
1400 2588 74 75 de
1516 2585 226 94 sigter,
1814 2603 146 58 men
1996 2586 22 76 i

236 2698 144 88 Tal
424 2699 80 96 af
532 2705 162 92 store
716 2701 352 82 Summer
1100 2702 192 96 synes
1338 2722 184 61 enten
1542 2701 224 84 Ordet
1798 2701 190 96 ufuld-

234 2822 303 81 kommen
612 2823 71 80 til
732 2841 73 60 at
860 2820 289 98 afffildre
1198 2826 93 90 sin
1350 2840 155 64 rette
1568 2825 447 97 Betydning,

235 2950 148 75 eller
441 2959 226 66 rettere
729 2943 344 99 Begrebet
1121 2944 102 94 for
1265 2946 184 96 fvagt
1507 2949 72 78 til
1601 2969 72 60 at
1705 2949 180 94 giøre
1925 2951 90 97 sig

239 3086 80 56 en
359 3061 446 96 fuldkommen
849 3069 414 97 Forestilling
1299 3090 106 60 øm
1453 3077 140 74 dets
1633 3087 158 62 rette
1845 3071 170 98 For*

233 3190 218 92 stand.
559 3187 154 84 Om
775 3211 208 75 nogen
1037 3212 266 60 nævner
1365 3218 56 52 x.
1489 3219 62 48 2.
1609 3217 58 66 ;.
1713 3197 144 74 eller
1909 3217 108 55 10.

225 3308 135 81 kan
419 3309 99 96 jeg
569 3314 175 95 srax
795 3313 181 96 giøre
1031 3312 299 84 Billedet
1385 3316 17 74 i
1435 3315 173 78 mine
1639 3311 269 90 Tanker
1949 3312 77 96 af

227 3429 243 103 ligesaa
528 3455 242 76 mange
818 3438 316 94 adskillige
1180 3432 248 97 Deele,
1486 3441 162 74 dette
1684 3455 202 74 gaaer
1934 3455 78 77 og

220 3556 106 76 vel
366 3575 90 58 an
492 3563 144 74 med
696 3583 154 70 20.,
904 3558 290 80 kommer
1230 3562 102 74 det
1372 3558 72 78 ril
1490 3583 152 50 100.
1692 3557 322 96 begynder

220 3674 376 101 Mængden
648 3693 72 68 at
786 3683 172 95 legge
1010 3682 92 98 sig
1140 3680 22 78 i
1198 3678 296 101 Dynge,
1534 3675 104 102 for
1680 3695 70 64 ar
1788 3677 228 97 bringe

1050 3800 90 88 B
1190 3826 52 70 4
1744 3799 174 86 Uni-
