2905 4710
277 777 308 94 Skaren,
609 775 132 82 kan
783 777 398 92 ingenlunde
1203 775 252 82 komme
1491 779 18 76 i
1531 777 502 100 Consideration

287 905 176 74 imod
527 907 120 72 den
705 899 516 94 høistbetydelige
1283 921 80 74 og
1411 899 330 96 ubodelige
1787 899 250 84 Skade

289 1023 80 92 af
401 1021 566 90 Tænkemaadens
1001 1019 458 98 Fordervelse,
1511 1021 190 94 Flids
1753 1045 76 74 og
1861 1023 146 88 Tar-

287 1147 324 92 veligheds
647 1143 176 98 Fald
865 1163 78 74 og
977 1139 582 104 Landflygtighed,
1611 1167 80 74 og
1729 1145 314 82 Statens

287 1273 256 72 dermed
573 1263 400 96 forknyttede
1007 1265 200 84 Ruin
1259 1287 80 74 og
1387 1263 440 100 Ødeleggelse.
1929 1265 116 98 Ja

287 1395 68 72 al
389 1395 118 74 den
543 1387 370 96 Vinding,
971 1383 134 94 som
1137 1407 80 60 en
1251 1393 142 74 eller
1435 1393 216 74 anden
1687 1387 196 84 Stat
1923 1395 120 76 ved

283 1517 162 74 dette
477 1509 404 98 spitsfindige
925 1505 204 84 Kneb
1175 1529 78 76 og
1307 1509 218 98 Klygt
1571 1519 84 84 (et
1679 1509 367 102 Paafund

287 1629 78 96 af
391 1639 120 74 den
547 1629 272 98 Jødiske
861 1631 304 100 Cabale,
1219 1655 148 58 men
1403 1633 494 98 høistuværdigr
1929 1657 84 58 no-

289 1757 300 96 gensinde
627 1769 72 64 at
725 1755 176 94 finde
933 1753 296 98 Indpas
1267 1757 22 78 i
1325 1771 192 80 noget
1555 1755 460 84 Stats-Kabi-

291 1877 132 96 net)
457 1879 120 90 har
613 1875 236 80 kunder
869 1883 202 92 drage
1101 1875 106 96 fra
1225 1877 382 96 Fremmede
1631 1899 78 74 og
1735 1877 312 98 Naboer,

285 1997 130 78 kan
451 1997 18 76 i
499 1999 194 90 ingen
725 1997 262 80 Maade
1019 1999 210 82 ersette
1261 2005 102 72 der
1391 1995 196 98 Tab,
1641 1999 134 92 som
1799 1999 246 96 samme

285 2119 122 96 har
433 2121 114 78 lidt
575 2123 118 76 ved
715 2115 570 90 Tænkemaadens
1327 2121 432 98 Fordervelse.
1867 2123 176 84 Ved

281 2241 178 96 sidste
517 2241 122 96 har
691 2245 72 76 de
823 2235 184 100 efter'
1047 2257 96 64 ret
1207 2241 402 100 Beregning
1661 2249 380 96 nødvendig

277 2377 288 66 maattet
603 2363 150 80 tabe
785 2383 212 78 mere,
1051 2369 120 78 end
1207 2369 76 76 de
1311 2365 122 98 har
1479 2373 250 76 vundet
1785 2377 258 78 veddet

283 2479 216 100 første.

481 2601 126 98 Og
653 2601 166 98 frem
865 2603 104 98 for
1019 2609 230 94 øvrige
1301 2627 98 60 ere
1449 2613 74 78 de
1587 2607 266 100 Fyrster
1897 2619 146 78 med

285 2727 434 94 Raadgivere
767 2731 242 94 mindst
1059 2745 74 64 at
1167 2730 344 96 undskylde
1625 2733 150 98 hvis
1827 2733 218 86 Lande

287 2849 264 96 ganske,
623 2853 142 76 eller
805 2847 102 96 for
949 2855 220 92 største
1223 2851 278 100 Delen,
1567 2877 96 58 ere
1697 2857 350 100 særffildte,

285 2993 82 72 og
419 2971 136 94 som
605 2969 124 82 ikke
785 2971 124 96 har
961 2995 242 72 mange
1269 2973 186 94 smaa
1517 2975 298 100 Stater,
1897 2987 148 76 eller

287 3095 446 96 Rigsstæder,
787 3097 70 76 ril
897 3091 332 104 Naboer;
1275 3097 136 98 Thi
1451 3103 108 76 der
1595 3099 246 98 kunde,
1893 3101 152 100 helst

287 3237 174 60 naar
497 3223 72 72 de
603 3215 124 82 ikke
757 3217 122 92 selv
919 3237 130 78 gav
1083 3217 488 100 Indbyggerne
1623 3221 252 98 Smag
1907 3245 140 78 paa

285 3333 344 104 Lotterier,
683 3345 118 74 ved
839 3343 290 94 tilbørlig
1165 3341 394 102 Agtsomhed
1610 3346 228 93 lettelig
1881 3343 134 100 fore-

285 3459 296 96 bygges,
631 3477 72 62 at
735 3463 194 94 ingen
967 3461 272 98 anseelig
1279 3463 330 100 Vinding
1675 3463 216 102 derfra
1925 3475 90 78 ud-

283 3581 98 96 gik
425 3583 70 82 til
529 3579 346 100 fremmede
911 3581 328 88 Lotterier.

1765 3835 176 86 Men
