2899 4653
1401 537 66 72 Es

979 553 116 94 28

855 765 76 58 en
997 731 470 110 Forbrydelse,
1551 753 78 76 og
1673 731 112 92 faa
1855 735 252 94 stridige
2169 741 152 76 mod
2387 737 216 102 Folke«

857 869 292 88 Retten,
1201 857 134 92 som
1379 859 74 72 de
1485 851 256 100 virkelig
1773 877 116 58 ere.
1993 859 250 96 Havde
2275 865 74 76 de
2385 861 222 92 indseer

855 985 430 84 Lotteriernes
1321 973 176 96 fulde
1545 999 76 72 og
1673 979 140 80 vidt
1863 981 322 96 udstrakte
2243 983 336 96 Skadelig-

857 1109 158 94 hed,
1089 1103 170 90 samt
1311 1105 122 74 den
1507 1105 226 80 derved
1805 1101 302 98 hæftende
2183 1105 422 100 Forbrydelse

857 1229 180 78 imod
1069 1219 670 98 Naboe-Staterne,
1799 1231 86 74 da
1943 1227 204 94 havde
2197 1233 162 90 den,
2423 1227 70 94 ja
2531 1241 76 66 de

823 1371 114 68 .en
989 1346 254 94 saadan
1291 1343 474 94 fornærmende
1815 1347 190 86 Stat
2065 1349 540 98 paagrændsende

861 1469 290 84 Naboer
1187 1467 230 96 fundet
1455 1471 88 94 sig
1575 1469 200 96 heilig
1807 1467 296 100 beføjede,
2141 1495 170 58 naar
2345 1479 116 76 den
2483 1479 118 74 ved

857 1597 318 90 mindelig
1211 1591 606 96 Mellemhandling
1847 1593 126 78 ikke
2017 1599 168 76 vilde
2221 1591 240 98 afstaae
2495 1593 108 96 fra

857 1735 60 62 et
939 1723 144 74 dem
1117 1715 112 92 saa
1269 1711 468 98 fornærmeligt
1777 1713 364 104 Paaftmd,
2193 1733 72 66 at
2299 1721 308 76 declarere

859 1841 158 94 ham
1055 1839 224 96 Krig,
1339 1839 190 78 indtil
1567 1837 134 94 han
1743 1833 194 96 fandt
1983 1841 88 92 sig
2123 1839 20 76 i
2191 1843 178 76 deres
2405 1837 202 96 billige

855 1961 388 100 Paastand.
1369 1959 212 96 Langt
1629 1957 108 96 fra
1785 1975 72 64 at
1907 1965 72 74 de
2027 1961 166 96 fleste
2227 1959 248 98 Krige,
2525 1981 78 74 og

853 2105 84 72 og
969 2083 238 92 muelig
1241 2081 194 82 ikkun
1480 2083 224 95 ganske
1749 2079 154 96 faae
1957 2101 98 58 ere
2099 2079 168 96 førte
2315 2105 128 74 paa
2487 2081 112 94 saa

849 2207 222 94 gyldig
1107 2205 304 94 Grund,
1481 2225 80 74 og
1599 2201 80 96 af
1709 2203 114 94 saa
1867 2203 210 96 billige
2115 2203 338 96 Aarsag-er.

1059 2327 288 96 2.)Har
1403 2331 72 74 de
1529 2323 168 96 feilet
1741 2331 260 78 derudi:
2069 2327 96 82 Ar
2207 2331 170 76 iden
2415 2325 190 82 Sked

851 2457 74 76 de
955 2451 240 96 ffulde,
1249 2447 136 94 som
1421 2455 182 74 deres
1647 2449 138 96 Agr
1823 2473 78 72 og
1939 2451 122 96 har
2107 2467 226 76 været,
2409 2453 196 88 vælge

851 2581 104 72 det
989 2575 294 90 mindre,
1359 2573 122 96 har
1529 2585 76 68 de
1651 2575 350 94 (mueligen
2053 2579 72 72 de
2175 2575 164 92 fleste
2377 2575 116 74 ved
2527 2589 76 64 en

845 2699 634 92 mdWtmanglende
1559 2701 144 74 eller
1735 2695 692 96 daarliggodgiørende
2457 2691 146 80 Mi«

853 2823 232 94 nisters
1125 2817 442 94 Tilraadelse,
1615 2823 86 76 da
1743 2817 132 94 han
1911 2823 228 72 derved
2171 2815 196 94 fandt
2389 2813 182 96 Lejlig-

853 2941 118 100 hed
1001 2961 72 58 ar
1105 2945 180 90 giøre
1335 2943 88 90 sig
1463 2961 236 72 mange
1737 2937 406 94 forbundne,
2191 2943 120 72 ved
2359 2951 72 62 at
2457 2941 112 86 pla-

849 3083 132 62 cere
997 3071 122 72 end
1137 3063 318 90 Mængde
1478 3058 380 96 Mennesker
1885 3061 70 76 til
1975 3057 456 96 Directeurer,
2453 3055 146 98 In«

851 3185 382 96 specteurer,
1311 3181 222 84 Over«
1581 3201 80 74 og
1707 3183 220 80 Under
1951 3181 520 94 «Collecteurer,
2521 3197 84 76 og

847 3311 190 80 dertil
1073 3307 86 96 fik
1193 3323 58 62 et
1277 3303 346 98 Overffud
1669 3299 108 96 fra
1827 3301 296 82 Lotterier
2171 3319 72 64 ar
2277 3301 328 98 disponere

847 3431 182 98 over)
1059 3429 260 92 virkelig
1359 3431 188 90 valgt
1603 3435 104 70 det
1743 3429 200 96 større
1977 3425 244 98 Onde;
2289 3423 138 98 Thi
2461 3421 142 90 Ta«

847 3549 104 80 bel
983 3549 78 92 af
1091 3559 120 72 den
1249 3551 366 96 Summa,
1667 3547 132 94 som
1833 3547 302 98 virkelig,
2209 3553 74 74 de
2313 3545 286 80 indkom«

847 3691 78 60 ne
961 3671 356 98 Gevinster
1367 3671 394 98 fradragne,
1840 3669 290 96 saaledes
2183 3675 290 92 udgaaer
2523 3661 88 104 af

2309 3789 164 86 Sla
