2861 4638
237 723 184 97 stemt
477 720 266 84 Udtræk
799 745 112 60 24.
953 719 354 97 Skilling,
1376 730 269 86 Paa-eet
1569 738 76 62 en
1693 717 216 84 Ambe
1943 733 64 70 8.

237 844 356 96 Skilling,
649 865 136 75 paa
817 865 74 54 en
933 841 218 90 Terne
1191 873 66 63 4.
1295 842 312 94 Skilling
1639 861 78 76 og
1763 863 136 74 paa
1931 865 78 58 en

235 967 372 81 Qvaterne
661 992 60 54 2.
765 965 334 98 Skilling.
1235 964 176 82 Men
1465 964 66 96 I
1587 986 62 56 er
1687 965 162 78 alrid
1881 985 94 56 un-

235 1090 309 96 derkastet
589 1092 165 94 store
805 1089 427 98 Farligheder
1285 1108 109 58 om
1437 1086 69 96 I
1539 1088 247 77 vinder.
1917 1079 103 98 As

238 1218 98 74 alt
384 1216 162 82 dette
586 1210 140 94 som
774 1231 64 58 er
882 1207 230 102 forherr
1170 1207 174 95 sagt,
1416 1208 122 96 har
1576 1228 162 60 man
1774 1207 240 78 kunder

232 1331 159 100 see,-·-
424 1332 164 98 hvor
628 1334 168 80 liden
836 1331 416 98 Rimelighed
1302 1336 108 74 der
1446 1350 64 62 er
1546 1350 136 78 paa
1702 1327 276 94 Spiller-

238 1466 122 68 nes
408 1452 210 84 Side.
750 1453 170 98 Hvo
968 1457 168 80 vilde
1188 1459 86 71 da
1326 1450 166 92 sætte
1542 1452 18 78 i
1608 1468 58 64 et
1708 1449 306 100 Lotterie,

240 1577 167 95 hvor
446 1574 71 98 I
578 1576 123 98 har
760 1575 353 82 Millioner
1164 1572 75 96 af
1294 1574 487 96 Runeligheder
1834 1577 181 76 imod

243 1702 178 90 eder,
469 1720 82 72 og
591 1716 106 62 om
735 1705 124 76 end
889 1696 540 99 Slumpelykken
1477 1694 78 98 af
1583 1694 398 99 Egensindig-

243 1819 116 97 hed
391 1818 170 82 vilde
601 1818 200 95 bevise
839 1837 72 64 at
951 1825 102 78 der
1087 1839 64 64 er
1191 1820 270 96 mueligt
1493 1836 72 64 at
1597 1820 228 93 vinde,
1897 1813 116 98 saa

239 1939 126 97 har
411 1938 70 100 I
527 1948 124 88 dog
701 1963 194 74 rugen
943 1939 284 100 Vished
1283 1958 184 62 enten
1527 1941 278 96 moralsk
1861 1945 148 76 eller

233 2064 281 94 physiff,
587 2078 71 64 at
683 2062 71 95 I
793 2063 131 78 kan
959 2061 151 94 faae
1149 2069 185 72 eders
1375 2062 311 94 Gevinst.

440 2180 174 104 Paa
648 2188 102 76 der
786 2203 166 60 man
992 2191 170 72 uden
1204 2204 218 74 megen
1444 2184 220 96 Umag
1694 2181 132 82 kan
1856 2177 154 100 faar

236 2320 74 64 at
346 2306 192 94 vide,
586 2304 166 96 hvor
784 2323 242 76 mange
1044 2305 292 95 Amber,
1384 2302 256 90 Terner
1680 2325 79 74 og

504 2430 110 74 der
660 2424 254 81 komme
962 2425 78 96 af
1066 2449 76 56 en
1200 2426 188 82 Deel
1434 2422 348 99 Numere,
1840 2425 168 96 hvor

237 2568 242 74 mange
518 2552 105 74 der
659 2568 78 73 og
777 2567 106 76 er,
930 2545 119 94 saa
1079 2548 458 94 multiplicerer
1593 2569 164 59 man
1790 2545 227 90 Tallet

239 2666 80 98 af
333 2676 74 72 de
429 2668 308 84 Numere
769 2689 162 58 man
967 2665 94 82 vil
1089 2685 166 77 tage,
1293 2674 142 74 med
1473 2690 110 58 een
1615 2671 254 78 mindre
1891 2675 122 74 end

235 2789 228 91 Tallet
495 2812 108 74 er,
655 2812 82 73 og
771 2805 180 80 tager
987 2789 338 100 halvdelen
1359 2788 78 98 af
1461 2790 520 81 derudkommen-

233 2921 118 87 de,
421 2903 115 101 faa
591 2906 122 102 har
767 2927 164 64 man
991 2911 350 82 Amberne.
1491 2910 202 98 Disse
1759 2909 252 86 Amber

232 3036 464 96 multiplicerer
748 3051 162 62 man
966 3039 144 74 med
1176 3061 62 51 2.
1296 3036 254 80 mindre
1622 3041 122 73 end
1790 3029 226 92 Tallet

234 3175 138 81 paa
406 3166 74 74 de
512 3152 310 88 Numere
856 3177 164 58 man
1064 3155 122 98 har
1224 3172 208 80 tager,
1482 3178 80 74 og
1596 3172 180 79 rager
1818 3159 196 78 tredie

236 3281 274 97 Parten
546 3278 80 94 af
654 3284 104 74 der
788 3277 496 93 udkommende,
1322 3274 114 92 faa
1474 3278 124 98 har
1640 3299 162 58 man
1842 3277 138 90 Tal-

236 3409 82 76 let
344 3426 140 72 paa
534 3398 364 92 Ternerne.
1018 3397 208 97 Disse
1258 3396 256 88 Terner
1548 3399 462 92 multiplicerer

235 3545 162 61 man
435 3528 146 76 med
619 3542 94 62 tre
743 3523 256 78 mindre
1033 3527 128 74 end
1173 3519 224 89 Tallet
1419 3542 136 74 paa
1595 3528 74 74 de
1705 3519 310 86 Numere

233 3665 164 67 man
437 3644 126 104 har
593 3661 220 85 rager,
883 3667 82 74 og
1017 3659 182 82 rager
1229 3646 378 96 fierdedelen
1643 3641 80 100 af
1745 3651 102 72 der
1887 3651 90 76 ud-

1719 3765 176 84 kom-
