2882 4624
1027 438 90 70 Z2
2277 478 6 10 ■

926 595 314 92 complet,
1282 603 82 75 og
1419 584 327 110 Lige-meget
1794 580 212 94 indsat
2044 605 136 74 paa
2226 582 152 98 hver
2408 581 278 99 Udtræk,

926 714 243 95 Ambe,
1240 707 225 90 Terne
1499 725 80 72 og
1614 701 383 84 Qvaterne.
2104 707 131 85 De
2264 708 131 78 kan
2424 709 235 77 indven-

927 846 98 90 de,
1067 854 72 62 at
1179 828 298 83 Lotteriet
1529 845 64 58 er
1631 825 124 80 ikke
1787 826 286 92 stråledes
2115 833 322 90 indrettet,
2479 847 70 62 at
2593 835 102 73 det
2795 842 22 47 e

936 984 64 58 er
1046 975 210 76 nogen
1308 949 212 99 Følge
1552 965 70 62 at
1654 955 100 76 det
1790 952 20 78 i
1846 974 206 73 nogen
2082 951 78 96 af
2190 956 130 94 sine
2354 952 188 85 Dele
2570 953 124 95 stal

938 1100 171 62 være
1156 1080 317 90 complet;
1542 1079 105 74 der
1700 1073 129 79 kan
1874 1096 233 75 mange
2148 1079 137 89 sette
2320 1098 137 72 paa
2494 1095 89 60 eet
2614 1100 79 72 og

937 1212 106 74 det
1093 1200 246 95 samme
1387 1197 284 94 Udtræk,
1729 1218 138 76 paa
1909 1219 104 58 een
2061 1217 76 76 og
2185 1198 238 94 samme
2459 1200 236 96 Ambe,

939 1350 83 72 og
1069 1327 293 92 ligeledes
1419 1326 143 73 med
1607 1317 221 90 Terne
1875 1342 79 74 og
2003 1321 399 96 Qvaterne;
2495 1343 77 74 og
2615 1344 83 56 en

894 1454 176 92 'stor
1126 1445 192 88 Deel
1368 1438 82 100 as
1486 1448 74 76 de
1604 1445 222 93 øvrige
1876 1442 198 83 bliver
2106 1451 106 76 der
2248 1445 210 96 aldrig
2490 1445 92 92 sat
2618 1464 76 62 en

949 1572 316 95 Skilling
1307 1588 158 78 paa.

1148 1807 202 98 Item
1384 1820 74 66 ar
1488 1806 98 93 jeg
1622 1831 144 74 pag.
1804 1826 112 70 14.
1950 1802 120 97 har
2108 1803 162 99 sagt,
2302 1816 70 66 at
2404 1819 160 62 man
2600 1815 78 61 vo-

950 1954 113 60 ver
1118 1957 175 72 400.
1342 1936 157 74 mod
1536 1949 151 76 een,
1756 1948 79 74 og
1896 1956 149 70 pag.
2098 1939 405 80 18.11748.
2540 1925 169 78 imod

951 2080 152 76 een,
1179 2057 132 78 kan
1363 2060 74 74 de
1469 2055 100 77 vel
1599 2053 180 94 giøre
1809 2050 464 96 Jndvendiger
2305 2051 212 90 imod,
2563 2042 118 94 saa-

950 2181 174 94 seen:
1205 2177 223 86 Dette
1483 2176 201 79 bliver
1721 2176 165 94 tgien
1923 2189 267 76 oprettet
2225 2174 121 76 den
2383 2167 331 98 Lykkelige,
2806 2242 12 5 .

954 2304 138 96 som
1132 2299 186 98 faaer
1356 2298 406 94 Gevinsten,
1814 2302 102 74 det
1952 2317 64 56 er
2062 2291 246 95 derfore
2340 2308 60 63 et
2430 2291 280 93 Lotterie,

961 2450 138 74 paa
1147 2427 104 80 det
1307 2430 188 90 nogle
1531 2424 124 95 ffal
1687 2420 150 81 tabe
1873 2440 78 74 og
1985 2423 204 76 andre
2225 2416 162 96 iglen
2427 2415 120 94 stal
2577 2414 104 76 vin-

961 2558 111 92 de;
1133 2567 129 64 var
1313 2547 293 94 Gevinst
1643 2567 83 72 og
1773 2540 160 90 Tab
1993 2541 118 94 lige
2159 2541 18 78 i
2225 2540 327 98 Forhold,
2605 2532 110 96 saa

958 2688 126 66 var
1124 2680 102 73 det
1280 2673 192 93 ingen
1506 2670 186 93 Spil
1738 2672 150 74 eller
1928 2662 264 84 Lotterie
2236 2684 184 58 mere.
2554 2659 164 81 Men

956 2791 381 101 foranførte
1388 2792 297 96 besvarer
1732 2791 121 96 jeg,
1926 2803 73 65 at
2048 2788 505 94 endffiøm-man
2590 2787 103 73 der-

957 2918 82 96 af
1085 2922 130 81 kan
1267 2921 186 100 (Tutte
1507 2931 72 63 at
1645 2921 104 72 det
1799 2936 64 56 er
1909 2913 270 94 rimeligt
2223 2928 70 60 ar
2325 2906 238 86 Endeel
2595 2905 124 77 kan

960 3060 152 78 tage
1154 3063 138 74 paa
1330 3062 108 60 een
1482 3060 78 69 og
1603 3043 121 74 den
1783 3036 247 94 samme
2069 3033 375 92 Nummer,
2493 3023 233 99 Ambe,

962 3164 262 97 Terne,
1277 3160 493 100 endes-samme
1408 3186 82 74 og
1522 3162 248 93 samme
1818 3160 130 94 just
1976 3157 250 80 komme
2272 3162 130 89 ud,
2474 3173 76 70 og
2602 3157 102 79 der-

959 3294 122 74 ved
1161 3309 138 76 paa
1371 3310 264 72 engang
1683 3285 132 80 kan
1881 3284 262 80 ruinere
2207 3282 128 94 hele
2413 3274 322 83 Lotteriets

963 3410 223 98 Fond-
1305 3411 221 87 Dette
1561 3411 165 94 siger
1753 3409 101 93 jeg
1885 3409 325 94 omstøder
2253 3404 123 80 ikke
2411 3403 23 78 i
2479 3396 261 96 rinaeste

964 3530 272 85 Maade
1278 3556 216 76 nogen
1552 3531 80 98 af
1688 3537 76 78 de
1802 3529 540 103 Proportioner,
2394 3530 98 93 jeg
2522 3519 220 99 forhen

2528 3645 123 100 har
