2845 4710
856 573 562 56 0=5—
1780 570 102 96 15

242 748 85 98 af
376 746 329 98 særdeles,
750 750 71 96 ja
872 747 345 96 fremmede
1256 747 373 102 Personer,
1698 748 135 92 som
1874 748 115 96 her-

241 880 122 74 ved
399 872 200 94 udsue
633 878 74 76 de
743 870 228 99 fattige
1003 873 498 96 Jndvaaneres
1523 870 200 86 Blod
1753 892 78 74 og
1849 870 140 96 For-

241 1016 188 78 mue,
479 992 104 98 for
623 1012 72 64 at
729 994 230 98 spække
993 1001 184 74 deres
1215 1017 152 74 egen
1413 995 262 99 Pung;
1735 994 92 96 thi
1857 1014 138 74 uag-

237 1132 88 66 tet
361 1122 122 76 alle
541 1122 74 76 de
673 1115 150 93 disse
861 1117 524 100 Forsigtigheder
1419 1140 164 56 man
1639 1120 122 94 har
1801 1118 224 92 brugt,

237 1244 122 78 ved
395 1250 74 70 at
501 1238 262 98 indføre
797 1244 20 75 i
853 1245 72 76 de
971 1239 394 98 forestrevne
1415 1239 352 95 Vilkaar,
1821 1254 72 62 at
1927 1240 66 78 in-

239 1384 123 76 gen
401 1370 173 74 uden
597 1358 769 101 DansteUndersaatter
1399 1363 213 81 kunde
1645 1360 383 96 tageAcrKr

238 1488 178 94 deri,
468 1488 192 96 hvem
694 1486 124 94 seer
848 1491 130 90 dog
1010 1485 126 80 ikke
1170 1485 166 96 hvor
1374 1491 106 75 lær
1514 1492 102 74 det
1646 1506 64 58 er
1750 1500 72 64 at
1858 1490 138 72 und-

240 1610 142 96 vige
422 1614 164 76 dette
622 1610 366 86 Vilkaar?
1054 1607 124 96 Og
1236 1607 248 92 dersom
1534 1606 100 98 jeg
1668 1628 62 60 er
1770 1610 100 74 vel
1895 1624 144 59 net-«

242 1736 336 100 derrettet,
608 1738 88 76 da
738 1732 124 98 har
902 1749 202 80 man,
1138 1747 228 80 uagtet
1406 1737 100 75 det
1528 1726 502 100 Avertissement

238 1852 136 94 som
406 1852 68 98 I
520 1854 124 98 har
682 1854 116 92 seer
832 1857 20 76 i
894 1851 354 96 Aviserne,
1300 1853 194 78 ikkun
1530 1856 172 76 lader
1744 1850 168 80 blive
1946 1870 80 58 en

238 1988 205 82 meget
474 1974 173 80 liden
680 1974 189 84 Deel
906 1971 81 96 af
1020 1973 149 98 disse
1212 1973 223 82 Actier
1488 1976 111 92 her
1652 1976 21 76 i
1721 1971 319 103 Kjeden-·

511 2102 74 74 de
621 2100 232 89 øvrige
883 2115 136 74 ere,
1079 2093 134 84 som
1251 2117 164 58 man
1447 2096 200 96 siger,
1709 2094 206 92 sendte
1951 2096 76 78 til

235 2216 260 84 Altona
523 2212 104 96 for
667 2222 108 74 der
819 2229 72 66 at
941 2211 328 104 afsættes;
1333 2236 148 61 men
1517 2220 74 76 de
1633 2236 96 60 ere
1777 2216 168 80 virke
1957 2218 36 78 li-

233 2360 124 74 gen
393 2338 296 80 tilbudne
729 2335 418 83 Kiøbmænd
1185 2339 20 74 i
1253 2335 406 99 Hamborg,
1717 2338 240 98 hvilke,
2005 2342 24 78 i

237 2458 142 98 fald
415 2466 72 74 de
525 2460 168 96 have
713 2458 206 90 Tillid
957 2463 72 74 til
1053 2457 616 96 Entrepreneuren,
1725 2462 146 76 ville
1901 2462 128 80 ikke

235 2582 358 98 forsømme
643 2598 72 62 ar
763 2582 256 93 benytte
1081 2581 93 94 sig
1213 2577 81 94 af
1323 2587 204 74 denne
1563 2602 124 74 nye
1719 2578 315 102 Lejlighed

238 2708 72 80 til
342 2722 72 64 at
464 2702 290 98 udpresse
786 2713 108 66 os.
1032 2699 160 86 Det
1242 2719 126 62 var
1420 2722 74 60 ar
1540 2704 224 98 ønjke,
1842 2706 192 94 sagde

234 2830 146 80 min
430 2826 178 86 Ven
682 2828 250 93 videre,
988 2839 72 64 ar
1094 2827 122 76 alle
1258 2821 304 81 Lotterier
1594 2828 176 78 bleve
1804 2826 210 100 afstaf-

234 2948 136 96 fede
232 2947 181 110 fede
506 2948 94 96 thi
638 2954 102 74 det
796 2967 66 60 er
910 2945 206 98 klart,
1186 2961 72 64 ar
1314 2951 72 74 de
1444 2950 122 76 alle
1612 2966 162 64 maa
1808 2948 228 94 ansees

230 3072 138 94 som
422 3070 268 86 Skatte
760 3074 108 77 der
934 3073 236 92 lægges
1215 3074 143 90 Han
1404 3067 344 103 Almuen;
1852 3092 176 64 nuae

230 3198 356 92 Regenten
636 3192 124 92 selv
824 3207 278 80 opretter
1156 3199 185 90 dem,
1424 3196 88 74 da
1562 3210 182 80 tager
1792 3196 242 98 enhver

233 3334 104 68 tro
379 3314 374 96 Undersaat
791 3319 144 76 med
977 3315 376 96 Fornøjelse
1371 3313 190 85 Deel
1593 3320 166 96 deri,
1805 3316 228 100 efterdi

233 3442 138 100 han
409 3462 68 60 er
533 3439 384 94 overbeviist
967 3459 146 74 om,
1181 3455 70 60 ar
1309 3436 268 99 Folkets
1623 3438 222 102 Fader
1897 3442 130 82 ikke

231 3572 378 92 paalægger
643 3564 130 94 sine
813 3559 224 86 Børn
1077 3561 246 100 Skar,
1363 3567 174 74 uden
1579 3558 104 98 for
1717 3578 72 64 at
1819 3556 178 100 befor-

231 3694 114 80 dre
383 3696 188 78 deres
609 3684 496 101 Velgaaende,
1165 3707 80 74 og
1299 3685 252 99 saasom
1585 3682 146 102 disse
1785 3684 240 100 Penge

1783 3806 150 88 lobe
