3001 4624
580 380 694 59 WWWWWW8MWWMMM

1584 419 98 69 23

94 595 78 64 ne
204 573 178 98 Sag
436 569 114 101 har
602 560 214 100 tilforn
876 576 196 64 været
1128 562 20 78 i
1218 561 454 106 Betænkning
1726 569 76 100 af

95 720 196 86 lærde
332 733 74 74 og
446 706 236 96 duelige
724 702 282 94 Mænd,
1040 720 148 63 men
1224 721 72 64 at
1316 703 142 102 disse
1480 707 128 82 ikke
1632 709 162 96 have

98 873 185 62 vover
316 865 69 66 at
428 848 171 98 giøre
638 840 437 102 Forandring.
1178 841 231 86 Dette
1442 845 353 98 Menneske

97 991 258 80 kan-—
433 1037 50 49 „
537 982 370 102 Præsterne
975 978 206 84 burde
1253 981 166 96 have
1490 988 307 96 saaende

91 1128 129 83 Løn
349 1125 128 82 Nu
516 1141 187 77 voxer
879 1116 240 86 Landet
1149 1116 416 101 Præsternes
1603 1123 173 99 Ind-

90 1242 261 132 komserh
389 1285 80 71 op
521 1258 74 98 af
633 1262 304 96 Jorden,
995 1264 72 78 de
1103 1260 234 81 lønnes
1371 1271 172 78 uden
1583 1283 212 78 nogen

87 1401 154 98 føler
285 1409 118 76 det.
505 1398 162 86 Det
705 1398 126 80 kan
863 1396 130 98 han
1039 1398 20 78 i
1123 1398 266 87 Øjeblik
1433 1401 178 98 giøre
1661 1425 138 74 paa

89 1536 835 103 fordeelagtigereMaader.
1025 1536 69 98 I
1135 1536 493 103 Kiøbstæderne
1657 1545 140 78 løn*

92 1693 118 78 nes
256 1689 74 74 de
364 1675 100 98 for
506 1684 118 76 den
658 1678 216 94 største
898 1672 188 88 Deel
1118 1678 308 97 ligeledes.
1530 1679 142 100 Jeg
1694 1681 76 80 be-

88 1819 208 96 griber
314 1817 126 80 ikke
470 1816 176 98 hvad
678 1814 240 96 herpaa
942 1812 126 82 kan
1098 1834 166 63 være
1288 1837 76 62 at
1402 1821 146 96 fige.
1618 1817 180 84 Men

94 2009 50 46 „
200 1955 370 98 Præsterne
664 1950 202 80 burde
934 1948 164 96 have
1187 1957 299 113 saaende
1564 1955 216 102 Løn,,

94 2101 172 74 uden
294 2107 70 64 at
404 2088 272 82 betænke
710 2104 74 62 at
844 2092 166 76 dette
1062 2088 164 83 vilde
1270 2115 200 74 neppe
1520 2099 140 80 lade
1704 2097 94 96 sig

94 2231 174 96 giøre
314 2231 172 78 uden
530 2242 74 62 at
642 2232 108 76 der
788 2240 254 66 maatte
1086 2227 348 96 opkomme
1470 2251 76 60 en
1576 2229 229 98 Lighed

93 2381 24 80 i
157 2367 466 100 Indkomster,
707 2361 163 91 stim-
905 2370 122 74 alle
1081 2360 250 99 ersarné
1397 2391 82 74 og
1539 2367 270 100 kyndige

93 2507 456 82 Statsmænd
613 2522 160 60 maa
807 2498 176 96 ansee
1021 2506 136 90 som
1203 2501 464 104 usordeelagtig
1693 2505 114 96 for

97 2641 564 98 Vindstibelighed
691 2662 78 76 og
805 2638 568 105 Stræbsomhed,
1427 2643 382 102 fordringen

97 2783 126 80 kan
251 2791 86 78 da
355 2779 146 98 saae
519 2796 188 80 noget
731 2780 224 98 bedre,
1011 2780 186 100 ingen
1228 2779 330 110 forfyttes
1585 2785 70 82 til
1691 2807 84 58 no-

97 2935 106 82 get
227 2921 225 96 bedre,
507 2926 120 74 alle
651 2918 118 98 har
801 2918 218 100 Haab
1059 2922 66 80 ril
1159 2939 58 64 er
1247 2945 77 76 og
1373 2931 104 78 der
1511 2921 285 102 samme,

96 3081 82 74 vg
202 3065 122 78 den
352 3057 156 99 beste
534 3056 124 82 ikke
692 3058 184 84 bedre
894 3058 216 100 Haab
1136 3067 118 78 end
1300 3071 122 76 alle
1458 3071 74 76 de
1586 3071 222 76 andre.

94 3197 216 84 Vilde
360 3197 248 94 saadan
680 3196 530 102 Søvnagtighed
1252 3223 82 78 og
1396 3205 386 98 Ustræbsom-

92 3333 252 98 somhed
390 3333 164 83 blive
598 3336 208 98 nyttig
835 3331 103 100 for
972 3336 326 87 Staten?
1380 3341 178 84 Men
1602 3351 110 76 der
1740 3363 64 58 er

98 3493 204 78 meer,
350 3471 142 97 som
710 3476 448 87 Statsmand
1220 3479 274 98 hverken
1530 3483 118 96 har
1682 3485 130 94 læst

1558 3623 146 78 eller
