2992 4624
1164 463 91 49 IO

1053 618 285 93 Klogere
1369 602 371 79 raifoncrer
1767 612 81 56 en
1879 590 215 76 anden
2122 573 358 105 Forfatter.
2549 617 55 49 „
2640 565 134 84 De

1082 806 25 45 ,
1160 751 247 92 usunde
1433 741 268 80 Stater
1743 739 160 69 maa
1945 719 327 95 helbredes
2326 706 256 99 ligesom
2635 703 143 97 syge

1160 888 328 94 Legemer;
1554 864 345 102 pludselige
1946 851 493 107 Forandringer
2494 864 101 60 ere
2647 839 106 97 far-

1052 1080 55 45 „
1161 1026 154 95 lige,
1371 1037 80 74 og
1487 1006 305 95 Udfaldet
1831 1010 207 80 meget
2081 992 185 93 uvist.
2370 982 188 83 Altid
2605 1002 163 57 maa

1062 1216 53 43 „
1177 1162 224 91 Lægen
1434 1168 167 62 være
1626 1136 375 100 uforfærdet
2045 1150 150 58 men
2247 1129 231 89 fielden
2525 1119 260 94 dristig;

1057 1352 51 47 „
1163 1299 67 80 vi
1246 1312 158 61 maa
1428 1289 261 79 beredes
1722 1297 84 73 og
1834 1278 202 85 ledes,
2065 1264 126 87 ikke
2480 1265 145 75 eller
2664 1255 99 81 dri-

1056 1492 55 45 „
1161 1445 121 70 ves
1325 1429 71 82 til
1431 1420 355 94 Sundhed
1814 1410 168 107 (*)„.
2110 1404 242 96 Ingen
2396 1400 130 79 kan
2585 1415 207 60 tneere

1056 1587 125 71 end
1233 1571 100 92 jeg
1426 1559 179 95 ønffe
1681 1560 76 73 de
1821 1543 414 100 fordervelige
2319 1536 141 99 hele
2515 1534 276 98 Prisers

1056 1700 446 99 Nedfættelfe;
1552 1695 189 94 ingen
1796 1686 189 95 tillige
2022 1699 169 61 meer
2256 1681 123 78 end
2424 1674 102 96 jeg
2610 1672 185 93 suste

1061 1854 145 74 lette
1263 1830 411 100 Kronprifer.
1825 1823 241 97 Ingen
2121 1837 171 62 meer
2337 1822 127 75 end
2514 1812 102 96 jeg
2675 1830 93 60 sn-

1061 1982 124 97 ffer
1271 1976 334 96 Kongens
1696 1960 275 99 prifelige
2056 1954 364 106 Hensigter
2506 1946 291 99 opfyldte

1067 2124 149 79 med
1262 2123 108 77 det
1406 2100 337 102 afskyelige
1800 2096 303 84 Bonden
2120 2088 375 88 Slaveries
2538 2088 233 92 Udryd-

1061 2250 173 94 helfe.
1339 2245 181 86 Men
1559 2258 169 61 naar
1783 2254 161 59 man
1977 2228 125 78 ikke
2145 2228 223 78 drives
2403 2221 83 96 af
2508 2222 174 97 Had
2721 2241 81 75 og

1065 2388 230 89 Avind
1361 2381 184 77 imod
1617 2365 634 103 Jordegodseierne,
2305 2362 130 78 kan
2470 2381 161 58 man
2671 2358 130 79 ikke

1069 2544 173 63 være
1278 2515 249 95 tilfreds
1566 2515 148 81 med
1746 2513 185 75 deres
1945 2497 439 98 Ødelæggelse
2404 2519 111 61 om
2540 2504 111 75 der
2678 2503 122 78 end

1071 2662 153 84 kom
1257 2653 125 81 nok
1414 2647 112 107 saa
1563 2661 207 79 meget
1801 2656 115 81 got
1945 2636 201 94 deraf.
2246 2635 138 86 De
2413 2636 169 95 have
2621 2635 179 83 kisbt

1075 2798 192 77 bona
1307 2791 188 87 fide,
1545 2791 78 75 de
1659 2783 168 93 have
1857 2775 96 95 fat
1981 2785 186 73 deres
2200 2796 151 75 egne
2367 2773 240 96 Penge
2639 2772 158 97 deri,

1072 2952 168 67 man
1262 2927 130 79 kan
1446 2928 206 87 endog
1678 2916 129 80 ikke
1836 2913 305 96 fortænke
2178 2921 192 86 dem,
2426 2931 111 58 om
2580 2917 75 75 de
2676 2911 124 93 har

1075 3069 181 80 villet
1289 3060 361 99 profilere.
1759 3052 341 93 Godferne
2131 3071 65 58 er
2225 3048 67 95 jo
2327 3071 91 58 nu
2457 3057 185 74 deres
2673 3048 99 79 vir-

1075 3209 188 92 kelige
1305 3198 448 85 Eiendomme.
1859 3191 142 101 Jeg
2048 3188 171 81 vilde
2271 3185 166 93 have
2478 3185 217 97 snstet
2728 3201 73 64 at

2622 3326 80 81 de

1170 3516 99 88 (*)
1316 3516 129 68 Gcc
1476 3508 375 86 Prisstriftet:
1897 3506 140 61 Om
2063 3503 174 60 Mod
2276 3519 83 60 og
2397 3501 404 77 Smdighedi

1216 3635 211 84 Forsøg
1438 3636 355 78 afdeffisimc
1810 3624 373 80 Videnskaber
2214 3634 33 62 8
2270 3622 239 81 Stykke.
2538 3622 261 78 S.2Z8.
