2746 4432
1022 344 78 62 iS

935 529 171 64 være
1135 511 417 83 udtømmet,
1611 500 201 95 bragt
1847 500 21 78 i
1903 498 277 83 Stand.
2285 494 353 100 Forholder

936 602 545 111 detsigfaaledes,
1536 598 253 96 giørjeg
1812 618 81 74 og
1914 595 255 96 enhver,
2198 593 132 86 som
2370 596 118 93 har
2504 595 136 89 fadt

937 708 162 111 Prn
1127 702 66 80 til
1219 700 258 99 Papier
1511 699 174 78 imod
1705 695 358 96 philop.,
2099 692 536 96 hamaabenbar,

935 806 71 93 ja
1037 804 215 96 største
1283 795 197 96 Uret,
1552 816 78 74 og
1665 794 121 93 har
1842 788 255 97 Aarsag
2144 807 70 62 at
2279 793 155 77 bede
2487 789 159 96 ham

938 900 273 97 hjertelig
1262 917 109 58 om
1414 889 377 102 Forladelfe.
1914 888 179 80 Men
2128 888 101 95 jeg
2290 908 79 74 og
2416 889 233 93 enhver

939 1000 135 93 som
1095 998 119 94 har
1259 994 211 94 drister
1513 1000 79 68 os
1625 990 69 78 til
1735 983 287 99 offentlig
2055 1002 73 62 at
2155 988 285 94 modfige
2467 987 181 94 ham,

934 1098 168 93 samt
1128 1110 236 76 mange
1402 1111 188 79 1000
1624 1084 378 94 Retsindige
2026 1088 144 75 med
2192 1095 107 81 os,
2350 1084 136 90 som
2536 1080 86 94 hø-

933 1215 102 60 rer
1067 1214 86 72 og
1180 1176 161 102 Er
1379 1186 174 90 hans
1575 1183 250 95 hellige,
1883 1202 146 57 men
2062 1172 404 103 grundfalske
2565 1200 78 72 og

938 1295 70 80 til
1039 1291 255 92 Rigers
1326 1304 78 74 og
1465 1279 351 81 Startens
1853 1276 199 81 Ruin
2126 1299 78 72 og
2245 1274 411 102 Fordervelfe

936 1392 321 95 sigtende,
1312 1375 315 101 Project,
1658 1395 97 56 ere
1784 1371 325 96 forvrffede
2142 1395 175 73 om,.
2342 1374 283 97 Himme-

939 1494 101 75 len
1070 1482 119 95 skee
1231 1481 203 80 2Ere!
1487 1487 73 64 at
1587 1470 65 80 vi
1679 1469 119 96 har
1831 1468 177 84 Gud
2039 1469 133 91 som
2227 1477 103 72 der
2375 1469 279 94 affeende

942 1581 195 95 Øie,
1194 1597 81 74 og
1308 1567 588 103 philopacreias
1928 1587 152 74 egen
2136 1564 516 99 Samvittighed

941 1681 54 98 (i
1025 1675 136 96 fald
1191 1681 106 74 der
1323 1692 62 58 er
1407 1671 182 90 nogle
1610 1664 287 81 Rudera
1925 1669 140 72 eller
2085 1664 262 92 mindste
2361 1662 292 94 Stump

942 1775 80 96 as
1041 1779 177 91 hans
1261 1762 529 94 Samvittighed
1829 1766 215 73 endnu
2083 1758 283 96 tilbage,
2419 1767 103 76 det
2555 1760 99 94 jeg

938 1882 133 84 dog
1090 1883 209 80 troer;
1364 1863 95 96 thi
1498 1881 63 58 er
1604 1864 123 76 den
1756 1862 137 90 end,
1910 1852 557 99 brændemærket,
2518 1855 139 89 kom

945 1993 79 58 en
1039 1967 259 93 Apostel
1315 1960 121 96 har
1453 1959 175 94 sagt,
1659 1961 153 75 veed
1825 1954 99 95 jeg
1947 1959 161 91 dog,
2157 1958 119 75 den
2295 1972 63 60 er
2379 1959 215 75 endnu
2609 1950 51 80 ei

948 2059 528 104 opbrændt)paa
1496 2074 120 61 vor
1636 2052 212 98 Side,
1882 2052 130 92 som
2032 2052 324 92 bevidner,
2386 2067 72 62 at
2474 2049 178 96 hvad

945 2163 136 96 som
1101 2162 118 92 hav
1241 2161 282 90 bevæger
1544 2153 157 89 ham
1721 2151 68 80 til
1807 2166 70 64 ar
1894 2145 299 98 forfatte,
2229 2169 80 75 og
2321 2150 18 76 i
2356 2148 297 95 Pennen

946 2255 312 97 udtrykke
1287 2255 97 89 sin
1397 2248 375 96 Kierlighed
1795 2248 69 80 ril
1881 2246 527 101 Fædernelander
2443 2250 209 74 under

946 2367 107 74 det
1096 2373 147 61 rare
1286 2349 221 83 Navn
1574 2346 619 98 philopatreias,
2272 2345 385 93 ingenlunde

945 2455 327 96 forholder
1305 2453 89 91 sig
1424 2445 164 93 sa
1569 2446 21 76 i
1619 2440 389 99 Sandhed,
2075 2462 149 59 men
2251 2455 205 83 meget
2485 2456 171 62 mere

946 2562 128 75 den
1104 2554 196 76 blotte
1330 2535 356 103 Ondstab,
1740 2538 390 100 Fiendffab,
2180 2537 172 100 Had
2380 2559 78 74 og
2470 2535 162 81 Mis-

943 2650 256 92 undelse
1239 2652 156 73 mod
1447 2641 514 96 Gejstligheden;
2022 2637 161 83 Det
2221 2653 60 62 et
2336 2632 329 96 foeleflart

946 2747 78 94 af
1045 2753 109 73 der
1181 2749 159 92 heele
1387 2720 263 112 Skrift.
1771 2737 221 99 Hvad
2029 2733 299 99 Fortræd
2373 2738 77 76 de
2483 2731 177 80 kiære

944 2844 167 99 Folk
1150 2844 121 94 har
1296 2840 171 96 giort
1504 2839 199 94 ham,
1760 2839 173 94 siden
1960 2833 133 94 han
2120 2852 65 61 er
2216 2835 147 80 dem
2390 2826 113 95 faa
2542 2826 89 82 bit-

943 2947 181 93 terlig
1151 2940 271 97 fiendst,
1475 2940 157 78 veed
1657 2936 101 95 jeg
1785 2934 119 98 vist
1945 2929 145 82 ikke.

1145 3134 100 85 Ar
1279 3137 132 89 han
1431 3131 86 82 vil
1534 3130 155 94 stille
1704 3127 409 100 Præsterne,
2131 3124 117 93 saa
2279 3126 98 80 vel
2403 3127 114 76 ved
2552 3124 71 80 de-

942 3245 112 72 res
1093 3232 513 100 Præstegaards
1625 3228 283 98 Avling,
1937 3224 135 90 som
2091 3216 243 96 Tiende
2351 3244 75 71 og
2455 3227 161 64 Men-

940 3332 507 97 tal-Gaarden,
1478 3326 195 85 rober
1690 3310 231 113 ligefaa
1938 3326 231 98 tydelig
2186 3317 471 106 hansMisum

2409 3411 152 95 deffe
