2904 4621
1081 439 90 63 42

986 606 219 92 plaget
1234 596 145 77 med
1402 607 233 78 mange
1664 581 538 103 Herregaarder,
2260 593 80 77 og
2382 571 293 82 Vaarne-

986 692 398 98 Rettighed;
1430 687 105 98 gid
1560 694 105 76 der
1694 706 82 75 og
1806 680 212 94 aldrig
2038 675 78 95 af
2124 671 145 99 disse
2281 665 430 112 Blodne

990 820 82 73 og
1100 790 247 100 flaviffe
1386 785 380 100 Trældom,
1832 778 389 97 nogensinde
2264 781 251 70 maatte
2548 764 161 83 blive

994 893 313 96 besværer.

1138 1088 139 99 For
1308 1085 251 94 Resten
1606 1086 155 74 verd
1812 1075 288 94 enhver,
2139 1067 151 95 som
2344 1064 125 95 har
2500 1080 215 76 nogen

987 1181 368 98 Kundskabs
1390 1204 115 68 pm
1538 1186 77 73 de
1642 1171 458 97 norffeKald,
2152 1183 114 78 ar,
2324 1162 137 93 som
2484 1165 77 75 de
2591 1159 122 93 har

990 1289 129 89 fine
1148 1275 472 105 Herligheder,
1678 1273 125 91 har
1836 1276 75 75 de
1952 1266 191 96 ogsaa
2181 1265 132 94 sne
2336 1264 165 91 store
2515 1256 170 94 Byr-

984 1391 115 73 der
1122 1402 80 75 og
1235 1366 576 103 Besværligheder.
1912 1367 137 80 De
2096 1362 333 93 allerfleste
2467 1357 124 96 har
2620 1372 69 60 re-

988 1476 321 100 siderende
1342 1474 367 91 Capellan,
1754 1463 147 93 som
1942 1466 203 86 nyder
2180 1456 79 92 af
2285 1457 400 94 Sognepræ-

984 1583 137 89 sten
1160 1602 31 43 i
1202 1600 99 48 oo
1332 1600 43 45 a
1450 1595 141 67 130
1640 1566 203 80 Rdlr.
1895 1559 140 93 fom
2092 1556 207 93 natlig
2347 1554 180 92 Løn,
2581 1545 104 97 for-

990 1680 177 74 uden
1198 1692 79 58 en
1310 1669 267 91 Mensal
1608 1666 259 85 Gaard
1892 1672 77 64 at
2007 1655 120 77 boe
2162 1672 179 72 paa,
2393 1647 170 91 samt
2590 1652 129 73 2de

996 1767 369 97 Offerdage
1410 1762 79 95 af
1538 1759 469 96 Menigheden.
2121 1746 136 84 De
2326 1747 397 76 ovenmeldre

1002 1893 143 53 100
1188 1867 209 81 Rdlr.
1454 1882 163 60 maa
1678 1865 129 86 dog
1863 1848 534 94 Sognepræsten
2442 1837 77 95 af
2553 1840 144 80 Kal-

996 1973 149 75 dets
1173 1962 434 96 Indkomster
1628 1961 287 90 udrede;
1990 1966 81 75 og
2110 1949 215 74 endda
2342 1937 387 80 underriden

1004 2065 197 92 taale,
1236 2077 71 62 at
1329 2060 176 92 hans
1533 2058 382 87 Capellan,
1974 2065 111 58 om
2131 2042 136 93 han
2284 2059 63 58 er
2362 2033 79 95 af
2454 2053 61 62 et
2543 2051 187 62 maa-·

1231 2158 310 92 Gemyt,
1617 2153 354 91 insinuerer
1999 2145 94 92 sig
2131 2140 126 95 hos
2285 2132 448 98 Menigheden

1003 2257 259 96 paa-sin
1163 2258 100 93 sin
1295 2251 528 99 Sognepræstes
1853 2240 336 95 Regning.
2289 2231 124 98 Og
2457 2238 130 87 dog
2621 2227 86 80 bli-

1008 2383 115 63 ver
1006 2364 291 82 Der-dele
1332 2350 539 84 etNeGeflarium
1906 2338 217 100 qvid,
2176 2353 75 60 en
2291 2324 412 95 Nødvendig-

1012 2467 161 91 hed,
1215 2455 136 91 som
1398 2448 55 78 ei
1496 2452 99 74 vel
1663 2444 132 79 kan
1855 2440 166 79 blive
2094 2433 413 88 anderledes,
2599 2419 106 97 fl>r-

1008 2557 261 91 medelst
1309 2557 76 75 de
1398 2563 239 76 mange
1669 2546 249 90 Anee
1944 2555 81 73 og
2041 2536 186 89 lange
2245 2520 370 95 Kirkeveie,
2645 2526 90 74 da

1012 2667 111 75 det
1163 2654 142 80 blev
1344 2668 79 59 en
1449 2640 450 97 Sognepræst
1944 2628 353 94 umueligt,
2349 2624 24 77 i
2435 2620 186 97 Høst
2653 2638 80 74 og

1009 2731 264 136 Haar,
1330 2767 81 78 og
1453 2742 20 78 i
1503 2747 78 73 de
1609 2739 176 76 korte
1819 2731 470 90 Vinterdage,
2369 2725 204 75 allene
2613 2713 123 93 selv

1012 2872 79 66 at
1119 2849 264 99 forrette
1411 2849 108 75 det
1556 2834 411 93 altsammen.

1221 3043 116 88 En
1373 3036 228 98 Præst
1629 3035 24 77 i
1693 3015 470 100 Dannemark
2191 3013 317 100 anskaffer
2541 3017 201 74 allene

1013 3151 28 79 i
1067 3141 384 99 Krigstider
1494 3155 79 58 en
1615 3129 318 91 Soldat,
2015 3140 82 75 og
2151 3116 382 94 Stykhest;
2605 3115 107 73 der-

1013 3249 184 77 imod
1232 3258 161 59 maa
1440 3254 79 59 en
1539 3228 228 99 Præst
1779 3244 138 73 paa
1951 3215 285 90 Landeti
2271 3214 272 92 Norge,
2579 3205 163 96 hvor

1015 3344 154 86 lidet
1197 3337 190 87 Kald
1414 3330 137 108 han
1581 3330 122 78 end
1725 3323 164 96 har,
1949 3319 242 81 udrede
2211 3317 206 90 endog
2445 3310 21 78 i
2497 3303 217 101 Freds-

2449 3403 196 93 tider,
