2978 4624
1129 624 145 77 eller
1308 604 195 88 tænkt
1550 619 173 78 paa..
1751 637 114 16 —
1938 588 165 95 hvor
2158 577 131 99 ofte
2359 572 209 99 skulde
2638 577 205 76 denne

1133 755 139 86 gøn
1308 740 388 104 forbedres?
1752 731 104 85 Er
1890 736 106 76 det
2028 723 128 81 ikke
2184 715 156 99 efter
2369 721 67 76 al
2470 709 322 97 Erfaring
2822 708 23 78 i

1139 889 333 87 Verden,
1517 892 77 64 at
1631 871 361 98 Pengenes
2027 858 323 94 Værdie,
2391 858 23 77 i
2440 850 298 102 Forhold
2777 847 69 79 til

1131 1027 214 85 Vare
1404 1040 81 73 og
1535 1009 326 92 Arbeide,
1905 1000 372 97 forringes,
2333 1008 73 66 at
2462 1012 142 51 100
2641 985 191 83 Rdlr-

1136 1184 127 63 var
1292 1159 103 97 for
1436 1176 140 87 100
1607 1147 148 83 Aar
1773 1146 174 92 siden
1980 1152 211 82 meget
2212 1151 171 63 mere
2432 1136 123 77 end
2588 1146 131 74 nu,
2774 1141 81 77 og

1142 1318 77 69 at
1258 1309 77 74 de
1384 1310 111 62 om
1542 1306 139 56 ioo
1762 1279 145 84 Aar
1946 1274 129 81 ikke
2096 1273 165 81 blive
2315 1239 280 119 dersom
2456 1265 139 95 fom
2626 1272 79 75 de
2762 1279 95 61 ere

1143 1463 115 58 nu.
1358 1432 144 96 Jeg
1540 1425 162 79 taler
1735 1438 90 60 nu
1858 1422 179 77 uden
2085 1405 287 103 Hensigt
2412 1407 71 80 til
2532 1423 159 62 vore
2722 1399 139 96 hoie

1143 1571 269 103 Prifer,
1505 1568 173 78 uden
1757 1553 290 113 Hensigt
2101 1548 75 80 til
2227 1565 155 61 vore
2443 1537 423 97 oeconomiste

1145 1717 372 81 Uordener;
1569 1697 93 96 thi
1705 1694 333 84 Verdens
2093 1685 289 99 Historie
2429 1685 181 78 lærer
2649 1689 83 70 os
2793 1690 75 66 at

1148 1861 107 76 det
1285 1847 128 79 kan
1441 1840 126 95 stee
1602 1833 77 95 af
1716 1838 205 75 andre
1953 1823 370 94 Aarfager,
2398 1817 81 95 af
2515 1816 331 98 Opfinde!-

1152 1984 229 95 delfer,
1466 1968 425 105 Forandring
1946 1964 23 75 i
2023 1958 432 89 Levemaade,
2537 1953 74 92 ja
2672 1971 83 75 og
2804 1946 79 99 af

1154 2112 399 110 Hændelfer.
1674 2104 181 81 Men
1916 2086 147 106 dise
2112 2091 387 84 Betientere
2554 2087 123 95 stal
2718 2089 153 85 altid

1155 2261 219 80 kunne
1391 2255 149 76 leve.
1642 2239 192 82 Man
1856 2232 278 83 betænke
2166 2230 192 97 hvem
2404 2236 108 73 det
2549 2247 111 76 er,
2714 2224 156 98 fom,

1160 2376 116 112 saa
1311 2397 197 85 længe
1541 2399 161 62 man
1737 2375 129 81 kan
1903 2369 231 99 huste,
2175 2366 167 95 have
2381 2364 271 96 begieret
2691 2370 157 76 aller-

1162 2527 301 94 naadigst
1497 2518 232 91 Tillæg
1747 2515 21 78 i
1791 2518 185 78 deres
2001 2509 180 97 Løn,
2235 2527 84 74 og
2357 2505 102 94 jeg
2491 2524 65 59 er
2599 2502 111 80 vis
2743 2523 131 74 paa

1164 2684 79 64 at
1274 2685 165 59 man
1464 2666 89 75 da
1586 2655 91 78 vi!
1711 2654 176 93 finde
1924 2663 73 66 at
2027 2652 112 75 det
2178 2663 69 60 er
2275 2650 190 91 dem,
2533 2640 138 93 fom
2717 2640 158 96 have

1166 2805 301 97 staaende
1504 2794 107 81 vis
1652 2791 183 93 Lou,
1892 2808 79 73 og
2006 2783 103 93 for
2142 2782 201 98 hvilke
2392 2790 127 77 den
2558 2801 67 60 er
2664 2779 213 82 bleven

1167 2945 263 92 regleret
1458 2940 196 87 længe
1674 2925 236 96 tilforn.
2012 2921 149 86 Da
2186 2928 126 77 den
2328 2921 144 81 blev
2504 2916 226 100 fastfat
2762 2934 118 65 var

1169 3087 131 79 Hen
1321 3079 129 93 stor
1471 3068 169 97 nok,
1685 3085 149 61 men
1853 3062 129 81 ikke
2003 3080 203 62 meere
2229 3067 125 77 den
2383 3058 217 96 Gang
2619 3064 87 77 da
2725 3078 157 60 man

1173 3216 221 96 givrde
1441 3200 260 123 saadan
1753 3200 401 97 Ansøgning.
2275 3198 227 84 Dette
2553 3197 123 96 har
2729 3214 155 62 man

1173 3352 136 83 ikke
1344 3348 199 95 nødig
1576 3359 77 66 at
1693 3338 212 100 frygte
1937 3336 144 99 for,
2136 3356 171 62 naar
2347 3337 318 97 Jordens
2699 3335 162 82 Grø-

1180 3499 81 79 de
1340 3508 83 77 og
1510 3481 293 102 frivillige
1854 3479 245 85 Gaver
2182 3476 337 107 bestemme
2612 3476 275 84 Lønnen.

2616 3616 182 87 Den
