3036 4624
1723 425 50 72 9

177 585 344 86 indvender
561 577 174 84 imod
793 579 90 98 fig
945 575 120 96 selv
1101 593 72 66 at
1233 577 308 98 adskillige
1611 577 224 98 Jorde-

185 721 308 102 godseiere
535 717 158 82 vilde
747 717 162 82 blive
957 723 256 92 ødelagt
1259 725 122 76 ved
1443 715 394 96 Kornpriser-

181 873 112 70 nes
347 855 414 96 Nedsættelse.
889 857 122 98 Og
1091 859 120 94 har
1267 855 134 88 De
1481 857 388 98 nogensinde

175 997 302 98 Naadige
511 995 246 100 Herre!
813 997 152 98 hørt
1013 1015 60 64 et
1127 995 476 100 forskrækkelige
1645 995 224 84 Svar

175 1141 114 78 end
341 1141 206 78 dette:
613 1125 132 96 En
809 1125 132 110 flet
1003 1123 454 114 Feldffiær,
1555 1123 167 109 som
1795 1125 74 88 ti

167 1263 382 114 ashugger
619 1277 80 84 et
741 1269 162 94 lille
945 1269 188 98 Lem
1187 1271 126 104 for
1365 1281 88 80 at
1483 1275 222 84 redde
1737 1271 132 88 det

169 1407 156 108 hele
361 1407 342 114 Legeme.
817 1421 138 86 Ner
999 1431 120 76 den
1181 1419 408 102 Allerhøjeste
1631 1421 236 80 bevare

169 1573 80 70 os
299 1561 104 100 fra
445 1565 322 94 saadanne
821 1567 766 100 Stars-Operateurer.
1691 1565 144 86 Lem-

169 1723 212 60 merne
411 1707 20 78 i
461 1703 274 86 Staten
771 1709 220 96 hænge
1035 1713 98 76 vel
1191 1709 288 92 jammen
1517 1705 135 102 som
1693 1703 146 84 Lem-

171 1861 220 62 merne
437 1867 134 72 paa
617 1861 152 64 vort
817 1847 272 96 Legeme.
1193 1847 176 80 Men
1417 1853 72 76 de
1535 1849 214 92 hænge
1783 1865 80 74 og

175 1977 286 92 sammen
495 2001 132 74 paa
679 2003 76 58 en
811 1989 212 74 anden
1083 1985 280 80 Maade.
1465 1983 174 100 Ikke
1663 1987 206 78 allené

175 2115 160 94 have
373 2123 76 76 de
489 2125 122 74 alle
643 2135 60 64 et
733 2119 290 98 Forhold
1055 2121 64 78 til
1155 2119 322 98 Hinanden
1509 2119 362 98 formedelst

167 2259 104 76 der
297 2253 204 100 heele,
555 2275 148 62 men
733 2263 74 78 de
853 2259 186 92 flutte
1087 2257 18 80 i
1131 2257 364 98 hinanden,
1563 2265 120 74 den
1727 2277 140 58 eene

169 2389 280 98 bevæger
503 2401 122 76 den
677 2401 260 90 anden,
1003 2403 72 76 de
1119 2415 96 60 ere
1265 2395 248 98 ligesom
1553 2395 266 82 lænkede
1853 2397 18 76 i

167 2525 344 98 hinanden.
613 2531 152 82 Vel
809 2531 126 82 kan
977 2551 58 62 er
1087 2531 150 86 Leed
1293 2529 80 100 af
1413 2539 202 78 denne
1655 2533 212 82 Kiede

163 2665 318 98 udvides,
535 2667 452 102 indskrænkes,
1043 2693 148 60 men
1231 2671 282 82 brækkes
1547 2693 158 58 maa
1735 2677 126 78 den

161 2803 142 82 ikke.
399 2803 160 86 Vee
593 2815 120 76 den
741 2809 446 84 Statsmand
1219 2831 80 78 og
1329 2809 158 86 Vee
1535 2817 104 78 det
1681 2811 178 98 Rige

161 2941 136 92 som
337 2945 274 98 bestyres
653 2945 76 98 af
799 2949 246 92 saadan
1099 2971 74 60 en
1205 2949 486 98 Statsmand,
1749 2957 110 80 der

161 3097 170 64 troer
377 3099 70 64 ar
497 3085 128 94 han
655 3085 122 82 kan
821 3087 196 98 skiære
1065 3113 80 74 og
1209 3087 268 100 afffiære
1519 3089 20 80 i
1583 3087 280 86 Staten

159 3241 166 60 naar
355 3221 132 94 han
517 3225 220 98 lyster,
805 3225 134 94 som
999 3229 238 98 bruger
1299 3227 164 86 Love
1511 3249 78 76 og
1635 3221 192 100 Befa-

161 3357 234 98 linger,
467 3361 304 100 Paabud
831 3387 78 76 og
949 3367 318 98 Forbud,
1337 3365 136 96 som
1529 3387 76 58 en
1663 3365 158 100 Feld-

159 3491 160 102 skiær
349 3501 92 96 sin
463 3497 204 86 Knrv.
769 3503 174 100 Han
983 3527 64 60 er
1081 3513 88 76 da
1199 3527 76 60 en
1309 3509 110 94 flet
1437 3505 412 98 Statslæge.

925 3647 66 86 A
1047 3671 38 74 z
1585 3643 174 88 Klo-
