3023 4624
1693 443 75 50 11

188 600 78 78 de
290 590 124 84 ikke
448 591 208 94 havde
688 595 192 69 været
904 577 110 96 saa
1036 574 230 101 hidsige
1298 599 222 74 paaar
1550 582 204 103 kiøbe,
1800 615 78 75 og

195 737 224 79 derved
457 727 170 82 kiobt
662 720 111 96 siaa
809 725 192 92 dyrt,
1055 732 74 66 at
1170 718 187 97 ingen
1412 719 209 91 havde
1666 725 211 103 kiøbt,

193 868 125 94 som
344 864 217 100 skulde
583 862 275 96 forrente
887 855 101 100 for
1027 875 219 79 meger.
1355 855 175 85 Men
1557 882 91 65 nu
1685 885 65 60 er
1777 871 107 77 det

184 1006 182 96 giort.
464 1001 134 86 De
636 1022 98 60 ere
780 1007 124 88 dog
938 996 478 97 Regieringens
1464 998 302 87 Sønner
1802 1025 84 77 og

188 1142 277 82 Landets
480 1139 231 85 Børn.
816 1137 235 97 Meget
1081 1134 248 83 mindre
1358 1135 125 83 kan
1515 1156 160 63 man
1707 1141 178 96 ønske

193 1286 183 76 deres
425 1273 467 96 Ødelæggelse,
975 1292 170 60 naar
1195 1294 162 63 man
1423 1276 120 96 har
1607 1276 280 101 Begreb

186 1432 108 58 vm
330 1412 172 97 hvad
536 1412 266 96 Ulykker
834 1407 186 99 deraf
1060 1412 86 82 vil
1184 1408 184 105 følge.
1472 1414 206 101 Disse
1710 1417 147 113 Jor-

171 1532 422 122 Idcgodsejere
614 1552 121 80 kan
780 1551 129 82 ikke
943 1554 336 95 ødelegges
1319 1557 172 77 uden
1537 1570 72 68 at
1658 1563 73 76 de
1761 1536 127 117 skal

185 1692 314 93 ødelægge
557 1709 232 77 mange
857 1695 202 79 andre
1111 1688 417 102 Meunesser,
1617 1716 77 77 og
1747 1693 144 101 disse

184 1826 160 94 igien
378 1831 174 92 flere,
610 1846 78 76 og
716 1834 120 73 alle
866 1825 146 99 disse
1046 1828 124 82 kan
1198 1829 122 80 ikke
1336 1834 360 95 ødelægges
1714 1841 174 76 uden

190 1978 73 64 ar
294 1962 131 94 hele
454 1961 239 82 Landet
724 1960 121 97 stal
880 1963 147 81 tabe
1060 1964 251 99 Credit,
1344 1967 133 97 Liv,
1522 1992 79 74 og
1634 1971 253 87 Aande.

189 2098 94 84 At
313 2099 234 96 enhver
581 2096 472 103 Aordegoseier
1089 2100 203 105 tabte,
1315 2122 190 78 noget
1531 2104 361 106 formedelst

188 2254 76 62 en
288 2242 140 73 eller
460 2241 212 75 anden
700 2237 216 96 nyttig
936 2235 420 102 Forandring
1394 2242 330 97 ogLettesse
1750 2249 20 76 i
1790 2255 76 75 de-

180 2382 105 70 res
336 2372 367 98 Brødres,
778 2371 319 101 Borgers
1142 2396 79 77 og
1250 2377 341 101 Bondes,
1658 2383 205 82 Kaar

181 2518 102 76 det
329 2528 62 61 er
433 2528 186 79 noget
641 2518 222 91 andet,
919 2519 166 76 dette
1117 2516 124 81 bor
1281 2527 100 90 de,
1439 2540 80 74 og
1553 2518 100 97 jeg
1687 2541 64 58 er
1769 2519 100 98 for-

180 2648 176 92 sikret
400 2669 106 58 om
560 2650 166 78 mine
778 2649 222 96 dansse
1046 2652 446 90 Landsmænd
1544 2674 72 65 at
1660 2667 74 78 de
1784 2660 106 82 vil.

180 2781 343 102 Retssasne
554 2783 345 103 Patrioter
938 2787 207 85 iblant
1192 2807 79 68 os
1304 2795 165 96 have
1512 2818 79 76 og
1618 2805 273 81 allerede

183 2928 120 76 talt
343 2924 20 79 i
413 2931 196 74 denne
649 2924 204 90 Tone.
955 2929 136 87 De
1137 2932 162 98 have
1339 2935 166 81 ivret
1549 2938 92 97 sig
1707 2939 180 85 imod

178 3062 448 101 Misbrugene
662 3084 132 76 paa
820 3067 272 101 Landet,
1150 3092 146 61 men
1318 3081 74 78 de
1414 3076 162 90 have
1596 3083 122 76 talt
1742 3086 150 76 med

174 3200 279 99 Indsigt
512 3223 75 75 og
646 3200 341 101 Forstand.
1116 3210 273 101 Oeder,
1456 3212 291 101 Dysse!,
1806 3239 77 67 og

171 3338 346 100 Forvalter
551 3341 254 83 Baden
839 3347 18 74 i
889 3345 174 98 hans
1107 3350 252 92 smukke
1405 3350 236 91 Skrift
1741 3345 136 94 font

166 3474 100 100 for
296 3479 172 98 nylig
498 3497 64 63 er
610 3480 286 83 kommer
946 3492 132 94 ud,
1134 3495 200 80 melde
1358 3491 158 75 intet
1574 3505 110 60 om
1732 3487 144 97 flige

1580 3620 189 101 Feld-
1822 3653 10 17 •
