3077 4637
262 692 69 67 p
386 668 1436 98 •iH^4^4*^f-*4,4,^,4>4^*'t^-i'^4“^,4;-4»*4--
1875 697 66 70 3

262 762 46 38 o
386 682 740 66 osszssosousscksHssssssssthp;»cpl:'7»-Z»«-:::4«.z.·
1894 769 43 39 0

648 1447 380 98 Mennesker
1060 1470 80 76 og
1168 1456 200 78 denne
1380 1446 188 100 Jord
1586 1471 96 62 ere
1710 1459 210 78 danne-

256 1528 172 117 AI
456 1529 112 96 &
644 1553 76 76 de
744 1545 154 96 efter
936 1569 108 59 een
1076 1548 238 96 Plan,
1370 1570 78 72 og
1476 1554 200 77 denne
1718 1551 236 96 Jords

262 1627 180 106 /mi
476 1645 104 116 y
643 1642 272 97 physiske
958 1646 412 96 Indretning
1424 1664 64 58 er
1532 1644 282 93 saaledes
1856 1647 78 96 af-

328 1724 222 63 ^
642 1741 202 98 passet
876 1737 152 97 efter
1062 1752 190 70 vores
1278 1742 298 95 moralsse
1626 1743 324 100 Tilstand,

248 1856 112 84 at,
414 1859 168 62 naar
606 1835 106 96 hin
748 1857 122 62 var
896 1841 20 76 i
930 1842 262 96 mindste
1212 1822 748 129 Maadesuldkomnere^

248 1936 110 96 saa
384 1941 166 82 vilde
590 1941 106 78 det
738 1955 166 62 være
936 1954 58 64 et
1030 1930 248 92 Beviis
1320 1956 173 76 paa,
1548 1957 74 60 ar
1672 1939 254 82 Skabe-

247 2056 114 58 ren
395 2051 244 66 maatte
671 2037 236 76 aldeles
937 2033 124 83 ikke
1097 2036 162 94 have
1291 2032 210 84 kiendr
1529 2040 76 77 de
1647 2037 306 98 moralsse

247 2126 356 105 Væsener,
659 2129 134 94 som
823 2133 128 94 han
989 2134 116 96 har
1140 2128 289 99 beskikket
1453 2132 70 80 til
1551 2131 400 98 Jndvaane«

249 2248 70 60 re
351 2232 22 77 i
409 2239 196 74 denne
619 2227 306 86 Verden.
1039 2228 110 98 Jo
1185 2230 214 88 nøiere
1437 2250 160 61 man
1623 2233 330 96 betragter

251 2334 202 76 denne
467 2329 324 82 Verdens
823 2323 456 101 Indretning,
1331 2327 70 85 io
1423 2348 166 60 mere
1621 2325 332 100 bekræftes

253 2428 202 77 denne
475 2424 722 95 Overeensstemmelse,
1231 2444 78 74 og
1331 2426 64 88 jo
1413 2446 168 58 mere
1613 2445 158 62 maa
1789 2447 164 66 man

255 2520 164 80 blive
449 2520 543 97 overbeviis-om,
851 2539 141 77 om,
1049 2536 70 62 at
1149 2518 366 82 Skaberen
1541 2527 120 88 har
1691 2545 132 70 paa
1851 2527 106 78 der

254 2617 322 98 tydeligste
622 2613 316 98 forudseet
974 2614 470 112 Menneskenes
1474 2619 300 96 moralsse
1814 2617 112 92 Til-

252 2716 226 95 stand,
534 2715 338 98 hvorledes
906 2719 120 74 den
1082 2714 162 78 vilde
1280 2710 308 103 forfalde,
1644 2739 80 74 og
1756 2715 176 100 deref-

252 2830 92 60 ter
372 2813 142 80 med
556 2811 288 92 uendelig
884 2807 336 87 Viisdom
1284 2812 296 83 indretter
1614 2807 338 104 Tingenes

256 2894 154 108 heeie
434 2907 258 86 Orden.
794 2905 224 86 Dette
1042 2906 170 96 kan,
1264 2908 136 94 som
1418 2914 118 76 den
1568 2913 354 98 uimodsige-

254 3006 162 96 ligste
446 3005 388 96 Sandhed,
886 3003 128 81 ikke
1034 3004 120 82 nok
1172 3006 392 101 igienrages,
1594 3029 72 62 at
1692 3017 104 74 det
1810 3031 112 62 mo-

252 3102 186 97 ralsse
452 3103 202 82 Onde
688 3105 120 92 har
824 3099 364 99 frembragt
1212 3106 326 92 uendelige
1574 3109 332 82 Uordener
1930 3109 24 82 L

253 3196 322 103 Verden,
631 3221 78 76 og
743 3199 160 96 havt
923 3197 240 101 Følger
1193 3208 120 76 ved
1341 3200 200 98 hvilke
1575 3205 344 96 Mennesse-

255 3298 282 94 ligheden
565 3319 156 60 maa
751 3295 262 99 ssiælve,
1049 3320 80 72 og
1155 3298 132 94 som
1315 3302 174 94 giore
1511 3308 118 75 den
1647 3305 128 90 hele
1793 3303 130 82 Na-

257 3412 108 62 tur
395 3397 70 78 til
501 3401 116 74 den
633 3391 522 103 forssrækkeligste
1171 3396 406 92 Skueplads
1595 3399 78 96 as
1687 3403 264 82 Uorden

257 3512 82 74 og
379 3489 404 100 Elendighed.
901 3491 176 83 Men
1127 3494 326 98 betragter
1515 3516 162 63 man
1738 3498 217 104 nøiere-

253 3592 128 99 ale
255 3592 122 79 alle
405 3589 144 102 disse
575 3589 330 100 ulyksalige
945 3589 282 103 Følger,
1277 3590 112 98 saa
1417 3592 206 100 finder
1645 3615 158 60 man
1821 3603 128 90 dog

1029 3688 70 86 A
1149 3714 46 58 *
1639 3693 214 98 ingen«
