2969 4530
189 716 65 60 er
287 692 267 99 betroet,
613 695 119 102 har
765 706 119 74 ved
925 700 163 82 liden
1121 699 403 97 Besoldning
1551 701 205 78 under
1783 693 221 100 Taget

186 804 142 74 eller
366 818 130 74 paa
548 813 56 62 et
658 797 126 83 kolt
812 796 178 100 Loft,
1058 803 118 94 lige
1210 799 112 94 faa
1366 818 204 78 meget
1626 815 70 64 at
1738 799 266 94 beregne

186 920 80 74 og
294 898 184 96 skrive
506 897 68 80 til
604 897 328 99 Kongens
964 899 362 98 Interesse,
1378 900 130 94 som
1536 919 198 76 neppe
1774 903 230 77 tvende

184 997 531 83 Skriver-Karle
754 1020 135 76 paa
916 1018 59 62 et
1004 1000 289 83 Comoir.

381 1096 190 83 Man
613 1097 166 92 læser
827 1102 218 97 daglig
1107 1101 238 98 haarde
1393 1100 246 96 Udtryk
1667 1105 172 80 imod
1881 1105 122 78 den

181 1196 248 98 Tydsse
457 1197 394 100 Hverving,
903 1202 98 94 jeg
1045 1199 120 94 felv
1209 1199 128 94 som
1377 1202 278 100 Patriot
1701 1203 120 98 har
1886 1221 91 59 en-

181 1298 159 96 sket,
401 1317 71 60 at
509 1297 315 98 Pengene
856 1317 246 64 maatte
1137 1301 161 82 blive
1331 1305 17 79 i
1383 1308 237 76 Landet
1671 1323 77 74 og
1791 1317 69 64 at
1901 1309 105 77 det

180 1398 346 97 Overssud
558 1397 82 94 af
670 1398 548 101 voreKiobstæds
1258 1401 256 101 Born,
1570 1402 130 94 som
1730 1419 182 62 enten
1932 1426 74 76 ey

184 1498 122 98 har
324 1496 178 99 Lyst,
544 1505 142 72 eller
702 1497 188 87 Evne
908 1502 70 78 til
994 1519 72 62 at
1096 1505 264 94 studere,
1384 1510 140 74 eller
1566 1510 142 73 lære
1738 1501 274 98 Handel

186 1622 81 74 og
298 1596 435 101 Profession,
778 1618 243 64 maatte
1056 1605 215 78 drives
1302 1602 79 94 af
1412 1608 117 76 den
1550 1605 172 79 Ære
1754 1619 71 62 at
1864 1621 147 81 tage

187 1698 522 97 Krugstieneste;
763 1722 88 56 nu
871 1700 120 90 har
1011 1704 116 79 den
1147 1703 200 94 tydsse
1365 1704 348 97 Hverving
1743 1705 264 99 ophørt,

183 1820 96 60 nu
321 1798 118 100 har
473 1803 64 76 vi
565 1816 278 79 opnaaet
879 1818 148 62 vort
1054 1799 219 97 Ønske
1351 1826 128 74 nu,
1511 1800 102 96 for
1637 1825 68 60 at
1735 1829 246 76 opmun-

187 1916 91 62 tre
313 1910 75 66 os
409 1950 21 44 ,
491 1897 199 94 sætter
723 1889 283 107 Kongen
1051 1901 507 99 Betjeningerne
1591 1908 67 76 til
1689 1907 199 100 Priis
1909 1903 101 97 for

182 2006 76 74 de
304 1998 356 93 Militaire,
726 2001 130 91 som
910 2004 128 94 sine
1084 2001 278 82 Landets
1410 2004 238 84 Born.
1754 2007 130 84 Nu
1944 2026 66 60 er

180 2104 102 76 det
322 2114 166 66 atter
522 2103 178 94 galt,
756 2122 90 58 nu
886 2102 88 78 vil
1020 2100 190 95 ingen
1260 2101 80 95 af
1370 2104 142 98 disse
1550 2109 192 94 ledige
1788 2107 194 95 Krop-

180 2218 77 76 pe
300 2197 491 97 væreSoldat,
854 2200 189 96 ingen
1090 2207 87 76 vil
1238 2205 155 78 tiene
1446 2204 559 98 Fædrenelandet,

181 2316 94 60 nu
307 2299 200 79 raabe
537 2297 144 98 disse
715 2299 306 97 Elendige
1069 2321 134 74 paa
1245 2303 432 102 Forræderie,
1735 2329 80 76 og
1847 2325 160 79 troe,

181 2416 74 64 at
281 2404 116 76 ved
441 2405 198 74 denne
671 2397 230 87 Ordre
933 2402 198 81 bliver
1165 2401 342 84 Nationen
1543 2402 280 101 foragtet
1837 2425 22 80 ;
1915 2428 96 58 nu

181 2514 177 66 truer
391 2497 145 98 disse
565 2500 243 94 æreløse
863 2496 329 86 Skrivere
1207 2521 73 62 rc.
1323 2508 141 74 med
1521 2500 493 104 Desperation;

180 2620 92 60 nu
302 2598 88 80 vil
422 2602 72 77 de
528 2597 120 80 nok
670 2599 180 98 heller
884 2618 168 61 være
1070 2599 498 98 Skoepudsere,
1600 2604 420 83 Skrivererc.

182 2706 118 74 end
342 2696 362 97 Student,
766 2700 270 84 Soldat
1078 2709 140 72 eller
1264 2700 470 103 Profeffionist.
1840 2705 174 85 Ved

182 2808 101 74 det
332 2798 227 100 Første
602 2801 155 81 tiene
788 2808 71 74 de
899 2800 144 80 dem
1072 2803 119 92 selv
1234 2825 77 74 og
1362 2804 117 96 har
1522 2810 205 76 dovne
1768 2805 247 97 Dage;

181 2906 118 74 ved
333 2906 102 76 det
467 2903 180 96 sidste
677 2923 158 59 maa
873 2922 160 59 man
1069 2903 280 96 arbeyde
1377 2900 100 98 for
1539 2924 70 62 at
1641 2909 162 78 blive
1843 2905 176 100 habil

183 3000 206 80 baade
415 2998 186 97 Dag
633 3023 78 74 og
743 3002 176 82 Nat.

329 3100 201 97 Disse
565 3106 297 94 unyttige
881 3100 371 99 Skrivere,
1297 3101 131 91 som
1469 3098 193 98 forat
1695 3105 319 96 besmykke

182 3204 180 76 deres
380 3200 178 97 Sag
576 3202 181 94 ønske
828 3202 98 94 jeg
946 3218 170 65 troer
1152 3201 320 100 afHierte
1488 3256 24 44 ,
1568 3224 72 63 at
1672 3213 72 74 de
1770 3211 218 78 Under-

180 3296 366 101 Officerer,
590 3299 132 92 som
754 3302 216 96 stikker
1004 3308 142 75 dem
1164 3303 112 94 saa
1294 3304 178 96 stærk
1490 3308 18 76 i
1528 3306 242 97 Øyne,
1804 3328 184 60 maat-

182 3416 57 64 te
270 3400 159 82 blive
458 3399 357 99 Officerer;
870 3402 67 98 I
974 3400 327 87 Daarer!
1354 3406 159 98 hvor
1554 3428 235 75 mange
1836 3405 151 99 Offi-

183 3520 160 62 cerer
373 3520 348 63 avancerer
777 3508 106 74 der
919 3522 106 58 om
1055 3503 256 96 Aaret,
1369 3526 78 72 og
1481 3526 62 58 er
1575 3512 108 76 der
1723 3507 126 80 ikke
1879 3515 110 74 des-

181 3606 168 76 uden
373 3600 346 95 Cadetter,
753 3602 234 96 hvilke,
1017 3598 134 95 som
1173 3601 202 101 billigt
1403 3624 88 78 er,
1525 3606 118 81 bor
1679 3605 238 92 besætte
1939 3616 80 76 de

183 3714 269 68 vacante
469 3699 301 102 Pladser.
871 3700 237 98 Ingen
1143 3705 217 80 Under
1375 3702 283 100 Officeer
1689 3707 125 80 kan
1833 3707 179 96 spare

184 3796 110 90 saa
324 3819 202 78 meget
542 3817 106 80 at,
684 3800 130 100 han

190 3896 156 98 have
378 3906 116 78 den
530 3899 192 100 forste
738 3900 390 102 Equipage,
1188 3909 184 93 langt
1406 3908 248 84 mindre
1692 3909 172 98 siden
1908 3931 106 73 op-
