2963 4555
1037 590 358 97 ingensteds
1423 604 58 66 et
1511 583 380 100 overflødigt
1917 584 252 96 Onde,
2201 581 136 96 som
2353 587 172 78 uden
2545 580 162 98 Hen-

1031 688 123 93 sigt
1185 687 117 94 har
1337 690 165 92 giort
1533 681 421 96 Menneskene
1999 680 355 96 ulyksalige.
2467 679 165 85 Det
2671 696 65 60 er

1032 789 96 74 alt
1158 777 280 94 saaledes
1474 784 334 89 indrettet,
1874 794 74 62 ar
1988 784 104 74 der
2134 778 130 80 ikke
2296 779 126 80 kan
2456 773 280 99 formere

1026 878 94 97 sig
1156 879 22 78 i
1210 883 106 78 der
1350 880 368 95 uendelige;
1772 883 100 72 det
1900 894 62 58 er
1990 874 386 92 altsammen
2394 873 176 79 kuns
2594 872 110 82 An-

1026 976 259 95 stalter,
1338 980 145 76 med
1518 984 119 72 den
1670 973 217 94 største
1916 970 335 84 Viisdom
2268 977 307 89 udvalgte
2592 970 109 82 An-

1025 1072 250 97 stalter,
1329 1069 134 93 som
1497 1092 156 59 maa
1685 1071 178 92 holde
1897 1071 104 77 det
2032 1066 302 93 moralske
2363 1067 328 95 Modvæg-

1023 1183 144 80 ten;
1219 1187 80 76 og
1331 1187 158 59 man
1519 1168 208 94 finder
1741 1165 358 95 ingensteds
2133 1183 170 62 mere
2325 1171 122 76 end
2477 1172 108 74 der
2627 1166 70 76 be-

1025 1260 209 97 høves
1277 1261 69 79 til
1371 1270 203 72 denne
1601 1262 299 97 Hensigt.
2005 1258 253 85 Baade
2291 1265 103 74 der
2420 1261 305 110 moralske

1005 1357 94 93 og
1124 1357 270 94 physiske
1436 1358 204 82 Onde
1668 1359 180 94 stiger
1886 1375 80 75 og
1994 1354 202 96 falder
2216 1361 144 74 med
2390 1355 332 92 hinanden

1012 1454 24 74 i
1064 1471 58 62 et
1150 1451 462 97 uforanderligt
1642 1455 112 94 lige
1796 1451 304 96 Forhold.
2204 1451 248 84 Vedet
2484 1454 232 96 Onde,

1010 1546 139 94 som
1183 1550 356 80 overveiede
1566 1556 117 74 den
1712 1548 299 96 moralffe
2048 1548 337 97 Tilstands
2418 1549 293 99 Forhold

1009 1646 162 77 idet
1219 1645 200 97 heele,
1473 1646 162 80 vilde
1679 1646 426 96 dengandffe
2147 1644 438 97 Naturgaae
2643 1648 72 80 ril

1007 1746 340 92 Grunde;
1413 1738 172 86 Ved
1621 1762 76 59 en
1733 1743 16 76 i
1775 1741 262 97 Ligning
2071 1748 142 75 med
2249 1745 122 78 den
2408 1743 305 97 moralske

1007 1828 301 103 Bistand
1344 1840 92 78 alt
1465 1836 99 92 for
1615 1832 441 97 fuldkommen
2091 1838 241 82 Natur
2380 1839 162 81 vilde
2587 1846 125 78 den

1002 1932 232 95 ligesaa
1266 1933 146 81 lidet
1436 1934 212 82 kunde
1694 1937 266 94 bestaae.
2076 1934 322 82 Naturen
2442 1935 130 81 kan
2616 1942 64 76 al-

1002 2029 146 94 drig
1178 2029 164 79 blive
1370 2028 442 96 fuldkomnere
1840 2038 120 76 end
1980 2028 468 101 Menneskenes
2465 2038 214 90 moral-

1000 2122 555 103 ikeTilsander,«
1118 2123 295 98 Tilstand
1435 2148 100 78 er,
1591 2149 80 76 og
1710 2135 119 78 den
1855 2147 158 63 maa
2044 2128 143 82 ikke.

1199 2317 132 84 Lad
1361 2332 80 68 os
1475 2320 164 96 kaste
1663 2337 60 66 et
1753 2325 196 93 eneste
1979 2322 218 86 Blink
2215 2347 134 74 paa
2377 2323 332 103 Europas

990 2422 430 76 nærværende
1449 2414 319 98 Tilstand.
1870 2421 190 81 Uden
2079 2420 201 88 Tvivl
2314 2425 122 94 har
2482 2426 190 82 Euro-

996 2530 96 72 pa
1138 2517 214 74 endnu
1390 2511 127 81 ikke
1580 2531 198 64 været
1822 2515 22 78 i
1884 2535 78 61 en
2018 2516 248 90 saadan
2310 2521 258 97 Crisis,
2622 2540 80 64 at

958 2614 358 75 .Naturen
1342 2610 22 76 i
1396 2614 120 74 alle
1544 2614 162 75 dens
1734 2611 230 82 Grene
1994 2612 186 96 synes
2194 2637 134 72 paa
2344 2639 110 58 een
2482 2620 219 96 Gang

987 2716 82 66 at
1105 2699 218 98 aftage
1351 2726 80 74 og
1451 2708 148 76 tabe
1617 2706 128 91 sine
1767 2706 308 94 Kræfter.
2129 2708 296 99 Agrene,
2469 2714 230 98 Berg«

987 2797 356 97 værkerne,
1413 2796 368 101 Skovene,
1847 2801 346 100 Ovcegec,
2264 2805 430 97 Menneskene

989 2890 163 99 selv,
1203 2897 158 78 intet
1385 2894 190 98 synes
1619 2900 264 93 længere
1911 2898 432 99 tilstrækkeligt
2387 2907 69 80 til
2485 2914 74 74 de
2587 2910 73 80 be-

986 2988 294 98 høvende
1308 2985 624 105 Nødcørftigheder;
1984 2994 228 99 Alting
2234 3015 176 66 truer
2444 3012 244 76 meden

984 3087 366 95 almindelig
1386 3086 356 84 Bankerot
1770 3091 22 80 i
1820 3091 360 97 Naturen,
2236 3117 82 74 og
2350 3107 126 74 alle
2512 3100 142 100 Fyr-

982 3184 244 94 sternes
1246 3183 378 81 Cabinetter
1652 3183 246 96 foreene
1924 3190 91 92 sig
2034 3196 143 76 med
2200 3189 456 103 Videnskaber-

981 3288 124 69 nes
1136 3274 356 97 Selskaber
1579 3278 104 98 for
1701 3299 74 66 at
1811 3281 338 101 forebygge
2177 3292 74 77 de
2283 3287 222 103 farlige
2525 3296 132 98 Føl-

983 3392 108 72 ger
1107 3373 194 94 deraf.
1399 3374 188 82 Man
1625 3379 198 94 byder
1871 3377 274 99 Premie
2185 3405 152 62 over
2377 3375 304 117 Premie,

983 3460 103 104 for
1119 3489 69 64 at
1221 3472 285 97 opvække
1537 3494 121 75 nye
1689 3471 455 107 Opfindelser;
2197 3481 143 86 Alle
2365 3493 73 78 de
2467 3490 183 98 Hæn-

2438 3591 142 95 der,
