2951 4562
1810 1098 77 92 H,
1912 1092 99 96 for
2032 1094 271 101 hvilken,
2344 1103 143 77 med
2512 1120 237 76 mange

915 1199 204 74 andre
1183 1196 146 94 flere
1393 1199 160 89 gode
1615 1187 528 107 Indretninger,
2215 1201 66 76 vi
2319 1221 94 58 ere
2465 1198 284 98 Kongen

915 1301 124 70 den
1091 1294 442 96 uudsigeligste
1573 1291 152 88 Tak
1749 1293 306 99 skyldige,
2117 1298 122 99 har
2281 1299 278 96 begyndt
2601 1306 146 76 med

915 1391 361 98 Chicaner,
1333 1412 79 74 og
1459 1395 87 78 vil
1593 1393 121 80 nok
1753 1402 193 74 endes
1989 1404 141 75 med
2187 1397 429 102 Pasqviller;
2671 1422 75 58 en

912 1491 286 100 Frji-ed,
1256 1496 120 74 ved
1416 1492 152 98 hvis
1608 1493 266 98 Fordele
1896 1498 64 78 vi
2004 1498 280 97 Danske
2318 1499 240 82 Mænd
2596 1500 156 78 kun«

914 1599 74 76 de
1028 1587 122 96 vise
1208 1602 194 68 vores
1466 1590 312 91 Tankers
1832 1594 334 98 Hoyhed,
2244 1619 76 76 og
2380 1617 70 62 at
2510 1602 64 78 vi
2624 1606 122 76 ved

912 1693 244 96 tømme
1200 1692 206 80 kunde
1466 1696 150 95 stige
1674 1695 72 78 til
1804 1700 118 76 den
1986 1696 638 98 Fuldkommenhed,
2678 1718 72 62 at

919 1797 206 76 andre
1166 1790 333 84 Nationer
1539 1809 248 62 manne
1822 1792 169 98 folge
2025 1809 236 80 vores,
2315 1819 80 74 og
2437 1799 126 79 ikke
2599 1798 154 94 efter

911 1898 288 93 gammel
1241 1890 364 82 Sædvane
1647 1895 62 76 vi
1753 1897 182 77 deres
1975 1892 342 99 Exempel;
2375 1897 208 96 havde
2621 1900 128 80 ikke

913 2017 78 56 en
1027 1991 434 100 Philodanus
1505 1997 144 74 med
1685 2000 180 88 nogle
1907 1992 118 96 faa
2061 2001 204 76 andre
2319 2001 216 76 reddet
2595 1998 126 82 Na-

915 2097 257 78 tionens
1211 2092 213 94 Wre,
1483 2088 114 95 saa
1639 2112 245 62 manne
1939 2096 65 76 vi
2045 2101 143 76 med
2247 2093 241 84 Skam
2539 2096 205 94 erfare

914 2199 124 76 den
1078 2191 390 99 SAndhed,
1524 2189 132 94 fom
1718 2190 416 99 Forfatteren
2186 2191 78 94 af
2310 2201 74 76 de
2436 2193 314 101 Russiske

914 2291 242 86 Breve
1194 2294 20 78 i
1250 2292 96 92 fin
1374 2290 266 100 Fortale
1664 2287 334 103 forekaster
2040 2306 120 83 os,
2214 2315 168 60 naar
2410 2295 132 99 han
2560 2298 186 96 siger,

918 2411 73 62 at
1034 2390 549 98 Skriveftihedm
1610 2411 69 74 ey
1710 2393 195 77 tiener
1932 2404 79 66 os
2056 2400 195 89 uden,
2306 2391 99 96 for
2450 2394 111 94 fan
2582 2398 161 90 vidt,

917 2509 78 64 at
1035 2495 120 78 den
1193 2488 174 96 forer
1407 2502 80 69 os
1529 2495 80 88 af
1637 2511 76 58 en
1755 2489 354 101 Labyrinth
2151 2497 18 76 i
2205 2515 72 58 en
2319 2499 234 77 anden.

1123 2589 252 103 Havde
1411 2592 66 81 vi
1513 2587 102 100 for
1657 2595 156 93 lang
1861 2586 156 94 Bid
2067 2596 170 96 siden
2291 2593 138 96 sogt
2467 2612 68 64 at
2587 2590 162 100 reyfe

919 2701 79 70 vs
1037 2687 77 96 af
1167 2690 271 86 Støvet
1457 2744 23 43 ,
1553 2713 79 76 og
1679 2707 69 64 at
1811 2688 241 100 forjage
2117 2698 119 75 den
2297 2693 283 95 Mening
2601 2746 21 44 ,
2681 2710 69 62 at

920 2793 230 95 allting
1188 2810 248 64 manne
1480 2793 164 80 blive
1680 2795 120 75 ved
1846 2794 102 78 det
2002 2799 252 89 gamle,
2328 2815 82 74 og
2462 2796 280 78 derimod

920 2893 218 96 stræbt
1174 2890 152 96 efter
1370 2896 122 77 den
1516 2891 190 94 tønde
1746 2891 214 95 LEre;
2014 2890 112 92 tøa
2168 2893 210 96 havde
2434 2896 66 76 vi
2534 2914 72 70 ey
2636 2910 90 60 nø-

918 2993 110 96 dig
1074 3009 70 62 at
1182 2980 82 106 fee
1300 2992 222 97 vittige
1540 2992 450 94 Udlændinger
2012 2990 192 98 herske
2246 3009 148 62 over
2430 3004 78 66 vs
2528 3008 22 80 ;
2596 3014 148 56 men
2914 3021 11 94 j

917 3097 172 94 siden
1127 3094 68 78 vi
1233 3094 206 80 alltiid
1497 3093 122 98 har
1662 3089 211 100 hængt
1927 3096 118 78 ved
2085 3096 100 75 det
2225 3097 252 91 gamle,
2568 3092 157 98 hvor-

919 3197 122 74 ved
1081 3190 113 91 saa
1233 3212 286 74 mangen
1557 3215 74 56 en
1673 3211 134 76 pga
1869 3194 74 78 de
2003 3193 268 94 øvriges
2325 3191 422 97 Bekostning

919 3293 122 96 har
1081 3287 248 96 funden
1377 3296 96 94 sin
1529 3291 356 96 Regning,
1943 3312 78 74 og
2085 3293 212 96 aldrig
2339 3310 268 78 umaget
2666 3302 101 68 oss

917 3411 73 62 at
1031 3395 143 74 lære
1215 3410 71 62 at
1329 3392 211 83 kiende
1579 3397 117 76 den
1737 3389 187 95 tønde
1945 3392 215 95 2Ere,
2219 3413 145 60 men
2405 3392 185 81 ikkun
2608 3390 137 98 sagt

912 3511 74 60 at
1044 3489 250 82 tilkiobe
1352 3502 80 70 os
1488 3493 304 92 latterlige
1858 3488 426 101 Earacterer;
2362 3491 112 92 tøa
2534 3512 64 60 er
2648 3498 98 74 det

912 3591 346 95 raadeligst
1300 3608 70 62 at
1412 3598 194 91 lægge
1654 3589 338 98 Haanden
2046 3612 134 74 paa
2240 3591 358 95 Munden,
2666 3612 78 74 og

914 3693 145 82 med
1102 3687 287 96 forenede
1426 3692 347 95 borgerlige
1812 3686 289 96 Kræfter
2122 3693 219 90 stræbe
2384 3711 69 63 at
2488 3692 227 98 indhen-

911 3801 58 64 te
979 3773 112 96 det
1127 3788 340 102 Forsømte
1523 3791 562 99 ogarbeydepaa
2127 3799 144 90 det,
2319 3793 132 94 som
2491 3812 62 60 er
2575 3802 168 68 roes-

2471 3892 274 98 værdigt
