2930 4529
1035 539 97 60 12

1027 726 204 90 endog
1289 720 104 95 for
1455 725 104 76 der
1623 725 266 93 stiaalne
1929 722 310 97 Betræk,
2295 725 132 88 som
2487 746 60 58 er
2597 748 128 74 paa

1024 842 176 86 haus
1244 840 272 93 Vogn,
1562 847 184 91 langt
1790 864 198 58 meere
2012 843 98 94 for
2142 851 100 74 der
2283 841 435 103 Tyve-Floyel

1020 960 138 92 som
1202 957 310 80 bedækker
1558 961 156 92 ham
1760 958 166 94 selv,
1970 978 78 77 og
2092 967 212 70 endnu
2354 988 182 69 1090
2566 986 122 70 gan-

1026 1100 74 76 ge
1142 1098 196 61 meere
1382 1075 104 96 for
1534 1075 206 96 hans.
1758 1076 282 100 Person,
2084 1077 132 90 som
2258 1101 62 58 er
2378 1102 72 56 en
2492 1080 190 86 Sam-

1019 1198 414 94 mensetning
1475 1193 80 96 af
1584 1193 633 106 Religions-Forag;
2247 1221 78 72 og
2352 1202 350 94 Menneskes

1271 1358 128 17 —
1453 1317 160 86 Der
1661 1324 246 74 ottende
1947 1316 178 85 Bud
2175 1319 180 96 holde
2389 1326 70 74 de
2485 1342 190 74 nogen-

1017 1446 170 78 ledes
1227 1434 154 97 efter
1421 1437 498 97 Bogstaverne;
1965 1438 90 97 thi
2083 1527 8 4 .
2121 1447 100 72 det
2275 1463 64 60 ex
2405 1442 120 94 just
2587 1442 114 80 ikke

1018 1560 282 88 enhvers
1340 1557 332 98 Leylighed
1732 1576 72 62 at
1856 1562 176 92 miste
2094 1561 126 92 sine
2296 1559 270 100 Fingre;
2628 1582 76 74 og

1026 1682 340 94 hvorledes
1430 1681 178 96 ffulle
1660 1686 74 76 de
1792 1684 174 88 siden
2026 1679 206 84 kunde
2286 1683 188 94 ssrive
2526 1680 178 98 falste

1012 1802 300 100 Hænder
1354 1823 78 74 og
1474 1800 632 85 Banco-Seddeler.
2224 1801 164 88 Der
2426 1822 156 62 vare
2608 1808 96 80 vel

1013 1928 186 88 nogle
1245 1926 172 87 fleere
1463 1921 132 92 som
1637 1926 178 74 torde
1855 1938 204 77 vove,
2101 1937 70 62 ar
2225 1919 232 99 sværge
2516 1919 185 99 falsk-—,·

1009 2040 154 96 hvis
1207 2046 102 78 der
1349 2057 122 64 var
1513 2059 108 60 om
1665 2044 116 78 den
1821 2042 242 94 venstre
2099 2039 258 98 Haand
2403 2056 70 66 at
2495 2044 204 92 giere;

1007 2182 146 60 men
1197 2180 92 59 nu
1333 2179 62 60 er
1439 2163 70 76 ril
1547 2163 108 77 ald
1709 2158 228 94 Ulykke
1995 2156 324 99 Straffen
2373 2166 134 90 lagr
2565 2182 132 74 paa

1008 2286 122 76 den
1174 2278 198 96 høyre
1412 2275 280 100 Haand.
1722 2320 130 12 —
1874 2274 158 90 Det
2058 2281 126 86 9de
2210 2297 78 76 og
2328 2284 164 74 rode
2514 2280 180 84 Bud

1006 2402 396 95 overstryger
1438 2419 158 58 man
1638 2404 144 74 med
1826 2418 74 60 en
1942 2397 406 100 Hare-Fvd,
2410 2422 154 60 man
2604 2400 62 96 fo-

1008 2522 246 96 regiver
1274 2570 22 45 ,
1336 2533 72 64 ar
1452 2523 76 74 de
1568 2537 96 60 ere
1720 2514 240 94 opsatte
2000 2539 24 58 r
2066 2539 74 58 en
2194 2525 292 91 aandelig
2532 2522 130 98 For-

1005 2644 230 88 stand,
1283 2658 80 75 og
1419 2655 68 62 at
1547 2657 156 61 man
1783 2634 132 94 som
1974 2627 728 121 kjedeligesDeennejkee
2325 2639 362 101 Menneffer

1001 2758 126 88 ikke
1169 2756 122 82 kan
1333 2755 156 94 fatte
1517 2763 156 79 dem.
1783 2756 350 87 Saaledes
2167 2761 200 92 ssulde
2399 2758 256 84 Kjøben-

997 2880 226 98 havns
1259 2878 166 99 Folk
1463 2879 178 94 giere
1685 2884 118 76 ved
1841 2884 118 76 alle
2005 2879 218 94 Bud,
2267 2879 104 90 faa
2419 2880 236 96 behøve-

990 3010 80 74 de
1112 3006 72 74 de
1228 2998 124 81 ikke
1396 3021 72 58 ac
1513 2997 276 98 forsaae
1832 3022 80 74 og
1968 2996 168 101 folge
2186 3005 176 91 dem,
2420 3006 122 90 dog
2608 3006 72 76 de

992 3122 174 96 folge
1204 3126 142 76 dem
1394 3121 182 96 heller
1618 3120 136 82 ikke.
1858 3122 168 80 Men
2068 3143 88 58 nu
2216 3123 90 80 vil
2360 3122 96 96 jeg
2518 3124 132 94 begi-

988 3232 249 102 ve'mig
1280 3236 106 97 fra
1430 3245 182 76 deres
1654 3238 302 98 Religion
2002 3243 68 78 til
2114 3247 178 74 deres
2336 3237 106 95 saa
2474 3240 202 84 kaldte

987 3360 166 94 hoye
1191 3356 492 98 Videnskaber,
1745 3354 242 102 hvoraf
2045 3363 74 76 de
2177 3363 146 92 glor
2383 3358 106 92 saa
2553 3380 94 64 me-

987 3498 122 80 gen
1151 3476 230 90 Vind.
1481 3481 130 90 De
1653 3502 92 62 ere
1775 3484 218 78 endnu
2041 3479 124 84 ikke
2207 3479 216 83 blevne
2479 3482 194 94 eenige

2567 3616 104 62 om
