2938 4561
1791 417 66 78 ■9

231 595 206 100 Folk,
487 593 108 94 faa
613 593 126 80 kan
779 599 104 76 det
929 589 206 98 aldrig
1171 587 168 98 falde
1383 593 120 76 den
1529 585 404 102 forvovensté

231 693 332 96 Stolthed
607 693 150 92 ind,
815 709 72 62 ar
919 691 178 96 giøre
1127 693 102 76 det
1261 687 70 82 til
1361 685 288 84 Slaver.
1749 687 186 86 Den

231 797 108 76 der
369 794 203 94 saaer
625 791 224 96 opreist
889 807 198 60 vover
1143 787 184 96 ingen
1357 803 74 60 ar
1475 793 456 92 undertræde;

233 911 184 78 men,
471 907 166 62 naar
671 889 136 94 han
835 885 120 92 selv
997 885 314 96 henkaster
1345 885 90 92 sig
1463 905 78 76 og
1583 883 156 96 færff
1785 883 114 98 kry-

229 989 146 94 ber,
429 983 108 94 saa
569 987 144 96 giør
755 985 132 98 han
925 991 122 72 den
1075 981 238 98 feigeste
1339 983 212 96 dristig
1589 983 154 78 tilat
1765 1003 166 74 gaae

233 1085 118 90 hen
385 1103 148 60 over
553 1085 174 92 ham.
831 1079 210 84 Naar
1085 1079 266 98 Dyden
1383 1075 158 102 først
1571 1079 118 94 har
1725 1081 206 96 mister

227 1184 94 94 sin
369 1179 282 86 Værdie
703 1181 122 94 hos
863 1195 58 62 et
961 1177 204 100 Folk;
1217 1197 166 60 naar
1449 1183 162 92 det,
1683 1177 102 94 for
1831 1179 100 96 sin

227 1297 150 78 egen
422 1277 346 97 Yppighed
817 1281 92 76 alt
965 1277 100 92 for
1107 1275 228 96 fartig,
1407 1275 116 92 selv
1563 1259 206 112 sælger
1801 1277 130 92 sine

227 1361 242 110 oédleste
501 1375 422 98 Rettigheder
957 1381 200 72 allene
1181 1371 100 96 for
1299 1393 70 60 ar
1395 1369 182 100 ssaffe
1611 1375 106 94 hin
1753 1393 172 58 mere

227 1473 330 96 Næring;
611 1493 162 60 naar
819 1469 518 98 Samvittighed
1373 1495 78 72 og
1483 1469 322 96 Troeffab
1833 1491 100 58 ere

233 1571 70 78 til
323 1569 212 100 Falds
561 1569 100 96 for
689 1575 118 76 den
851 1571 306 94 nedrigste
1189 1567 176 96 Løn,
1419 1587 80 76 og
1533 1575 120 72 alle
1681 1567 250 96 kappes

233 1689 110 56 om
375 1683 74 62 at
481 1683 238 80 trænge
759 1671 92 92 sig
881 1669 70 78 til
977 1665 270 88 Tronen
1277 1663 100 94 for
1405 1685 70 60 ar
1501 1661 146 96 faae
1663 1687 74 56 en
1761 1663 144 82 Læn-

229 1765 66 78 ke
347 1765 66 78 til
441 1763 486 98 Naadestegn;
995 1771 108 74 der
1157 1763 254 82 bereder
1443 1769 102 74 det
1579 1767 86 92 sig
1699 1761 118 92 selv
1851 1767 84 88 sit

229 1861 370 98 Slaverie,
657 1883 78 74 og
773 1867 106 74 der
911 1861 126 78 kan
1065 1863 170 92 siden
1271 1867 204 88 endog
1527 1867 120 74 den
1679 1859 254 96 private

229 1955 190 100 Dyd
445 1959 120 80 ikke
593 1961 348 92 imodstaae
977 1963 102 76 det
1125 1959 400 96 almindelige
1559 1957 172 98 Aag.

423 2155 176 86 Den
623 2153 396 96 ffrekkeligste
1049 2151 452 98 Skueplads,
1529 2153 136 92 som
1695 2171 206 80 nogen-

229 2253 170 90 sinde
433 2253 118 94 har
572 2253 211 93 beviis
819 2259 166 72 bette
1015 2251 20 78 i
1065 2249 330 98 Verden,
1449 2271 122 58 var
1599 2249 196 84 Rom
1811 2273 94 56 un-

229 2353 108 74 der
369 2351 126 90 sine
533 2349 188 96 første
749 2347 270 92 Keisere.
1117 2347 186 82 Saa
1341 2355 198 86 længe
1561 2349 348 92 Maadelig-

235 2445 118 90 hed
389 2453 216 72 endnu
633 2465 124 60 var
791 2467 76 58 en
881 2445 184 90 Dyd
1099 2445 20 78 i
1143 2445 234 94 Rom,
1433 2443 260 82 Armod
1723 2449 216 74 endnu

229 2541 188 94 ingen
447 2541 174 90 Last,
691 2557 188 64 rovet
935 2541 298 96 Rigdom
1283 2561 78 74 og
1399 2539 348 96 Yppighed
1789 2547 124 76 end-

229 2659 92 58 nu
357 2639 186 94 ingen
579 2639 424 98 Fortjeneste;
1081 2637 114 88 saa
1237 2639 194 92 længe
1485 2637 192 82 Rom
1719 2645 218 74 endnu

225 2735 214 96 gjorde
469 2743 186 90 sigen
688 2740 170 77 Ære
887 2733 76 94 af
981 2735 228 96 Dyd,
1243 2733 208 94 havde
1483 2737 126 90 sine
1625 2733 282 94 Opsyns-

227 2837 212 74 mand
475 2853 148 60 over
671 2833 380 98 Sæderne,
1121 2853 78 76 og
1253 2815 284 112 frygtede
1583 2833 352 96 Guderne,

227 2927 108 92 saa
395 2933 190 94 længe
645 2949 124 62 var
837 2929 192 84 Rom
1085 2927 114 84 frie
1267 2929 102 92 for
1401 2937 118 72 alle
1561 2929 370 96 Tyranner.

223 3025 180 82 Men
421 3027 152 92 efter
609 3029 390 92 Carthagos
1031 3027 332 94 Erobring
1389 3029 316 96 begyndte
1725 3031 72 78 de
1811 3027 124 92 selv

225 3141 72 60 at
331 3125 212 80 berede
577 3129 78 92 sir
693 3143 130 78 eger
865 3125 338 82 Slaverie.
1307 3123 134 86 De
1467 3121 208 94 havde
1713 3133 224 74 endnu

227 3219 236 100 Krige;
531 3245 146 58 men
729 3221 142 88 disse
919 3241 156 62 vare
1109 3225 232 94 næsten
1373 3223 126 78 ikke
1555 3227 198 76 andet
1813 3229 122 76 end

229 3317 184 98 Tog,
481 3317 98 90 for
617 3337 68 64 at
737 3323 182 92 hente
973 3321 484 98 Rigdommene
1497 3317 104 96 fra
1665 3319 198 92 Asien
1911 3319 24 80 i

229 3409 270 100 Triumf
525 3421 66 80 ril
619 3419 212 82 Rom.
939 3417 176 84 Med
1153 3417 142 98 disse
1321 3417 408 98 Rigdomme
1745 3419 84 92 fik
1859 3425 78 76 de

229 3533 80 74 og
327 3515 86 80 all
463 3523 116 74 den
611 3515 298 98 Asiariffe
943 3517 372 96 Vppighed.
1419 3525 130 74 Nu
1579 3535 124 60 var
1741 3515 194 84 Rom

1009 3615 66 84 A
1133 3639 52 70 4
1715 3619 118 78 den
