2987 4637
1775 467 86 64 tf

249 635 192 82 bliver
469 635 142 80 dem
649 625 210 100 derfor
917 633 176 82 altid,
1131 631 112 96 lige
1283 623 214 100 smuk,
1565 629 76 82 de
1675 624 84 96 see

247 735 204 94 Alzire
481 737 142 74 med
651 737 120 76 den
805 727 240 94 samme
1083 727 456 100 Henrykkelse;
1593 749 146 58 men
1757 719 142 104 Dy-

247 839 116 74 den
395 831 194 78 bliver
617 835 144 76 dem
797 835 120 74 den
931 831 212 94 største
1177 825 398 96 Skivnhed,
1629 823 166 94 fordi
1815 831 120 74 den

245 949 62 60 er
335 935 116 76 den
469 931 212 92 største
719 923 596 102 Fuldkommenhed
1347 927 18 78 i
1399 923 334 80 Naturen.
1839 915 102 100 Af

245 1027 324 92 saadanne
605 1023 330 90 Discipler
983 1025 192 76 bliver
1209 1041 200 76 neppe
1451 1043 206 74 nogen
1693 1019 238 96 forført

249 1131 120 72 ved
393 1125 138 92 hine
553 1119 322 94 Skrifter.
991 1119 218 84 Allene
1239 1125 108 84 de,
1401 1123 116 74 ved
1549 1141 74 56 en
1649 1119 284 96 letsindig

245 1221 434 96 Opdragelse,
729 1199 392 114 fordærvede
1143 1217 242 94 Siele,
1417 1223 198 74 allene
1655 1216 276 94 saadan-·

413 1321 134 88 fom
569 1339 76 74 og
687 1323 170 74 uden
901 1313 142 100 disse
1087 1313 302 98 Skrifter
1423 1315 158 82 vilde
1627 1317 162 78 blive
1817 1315 116 94 lige

243 1411 324 100 lastefulde
601 1435 76 76 og
693 1415 370 96 ugudelige,
1121 1421 138 72 eller
1303 1405 134 100 fom
1459 1433 154 60 vare
1649 1421 100 74 det
1783 1419 120 74 alle-

247 1521 144 74 rede
421 1513 226 96 førend
675 1517 72 74 de
773 1519 170 72 lærte
973 1529 72 64 at
1061 1510 210 98 kjende
1287 1511 140 94 disse
1457 1507 276 100 Bøger;
1787 1517 118 72 alle-

251 1633 76 58 ne
361 1617 72 76 de
461 1607 118 94 løse
603 1611 350 96 Hoveder,
1009 1615 106 74 der
1165 1611 156 78 altid
1372 1622 166 63 troer
1581 1615 120 74 den
1757 1609 178 94 sidste

249 1709 212 94 Bog,
517 1713 72 74 de
617 1707 164 94 læse,
841 1729 78 74 og
937 1703 98 90 for
1069 1705 196 90 hvilke
1285 1709 90 76 alt
1405 1711 100 74 det
1541 1725 60 58 er
1635 1687 266 122 Philoso-

247 1807 178 94 phie,
483 1809 106 74 der
631 1807 234 90 spotter
905 1803 302 94 Religion
1253 1823 80 74 og
1365 1801 222 98 Dyd,
1643 1803 130 78 kun
1797 1801 109 92 saa-—-

244 1908 297 97 datiek
597 1909 74 76 de
699 1901 160 80 blive
917 1901 182 94 heller
1159 1899 124 80 ikke
1327 1897 308 98 forførte,
1685 1905 248 74 niende

247 1997 176 96 faaer
461 2003 198 78 allene
689 2019 76 58 en
789 1997 276 98 Anseelse
1097 1991 110 104 af,
1263 2013 72 64 at
1363 2015 166 64 være
1563 2015 168 62 mere
1755 1995 146 100 syste-

245 2095 220 98 matisk
507 2099 350 96 ugudelige.

444 2283 351 103 Vantre
821 2283 130 100 som
971 2307 88 64 nu
1083 2289 370 98 omstunder
1475 2293 68 80 til
1565 2287 220 90 Sirat
1805 2295 102 78 kal-

249 2393 124 76 des
393 2387 444 108 Philosophie,
869 2391 196 92 haver
1085 2389 126 80 rkke
1231 2391 156 78 altid
1413 2411 104 58 een
1535 2415 76 72 og
1637 2399 116 72 den
1771 2381 136 100 sam-

253 2509 102 56 me
393 2487 370 96 Skikkelse;
821 2493 100 70 det
965 2507 60 54 er
1049 2487 266 82 Gellers
1339 2485 176 98 Hat.
1617 2487 66 96 I
1703 2479 234 106 forrige

251 2577 350 88 Seeulum
635 2601 120 64 var
807 2589 100 72 det
935 2581 216 80 Mode
1181 2581 406 82 umiddelbar
1623 2601 72 64 at
1731 2601 206 78 nægte

249 2681 220 92 Gud,
527 2697 146 62 men
717 2701 158 58 man
915 2683 150 78 veed
1109 2695 72 62 ar
1235 2679 180 88 holde
1457 2679 88 96 sig
1591 2679 342 96 skadesløs.

245 2775 188 82 Man
465 2777 210 80 kalder
701 2777 152 92 ham
873 2775 322 84 Verdens
1225 2775 352 100 Skabere;
1607 2795 146 66 men
1775 2801 160 60 man

245 2889 270 78 antager
535 2879 116 72 ved
671 2871 324 84 Verdens
1011 2867 380 102 Oprindelse
1409 2873 360 99 saamange
1537 2889 234 84 mange
1785 2870 129 98 uaf-

244 2965 306 101 izengige,7-
595 2971 454 92 tiltrækkende,
1127 2971 528 98 tilbagestødende
1689 2995 76 76 og
1801 2971 102 96 for-

245 3077 292 74 merende
565 3065 322 98 Kræfter,
943 3087 72 62 ar
1049 3075 108 74 der
1211 3069 194 80 bliver
1419 3071 156 80 inrer
1631 3081 196 76 andet
1837 3075 72 80 til-

243 3177 196 68 overs
471 3157 76 102 af
579 3165 362 84 Skaberen
981 3171 120 76 end
1135 3167 294 84 Navner.
1543 3167 188 84 Man
1761 3189 142 66 næv-

249 3261 316 100 nerham;
617 3281 148 62 men
781 3279 156 64 man
983 3263 342 96 paaftaaer
1341 3281 70 64 ar
1423 3283 156 62 man
1611 3267 126 80 ikke
1771 3269 134 82 ken-

247 3363 106 74 der
387 3367 190 76 ander
597 3377 106 64 om
745 3363 196 96 ham,
997 3369 120 74 end
1163 3379 70 64 at
1263 3363 130 94 han
1425 3383 62 58 er
1539 3365 84 78 til.
1745 3363 188 84 Man

247 3475 252 62 nævner
517 3461 190 96 ham;
759 3477 148 62 men
943 3477 158 62 man
1129 3461 332 94 imodsiger
1489 3461 172 94 hans
1682 3469 223 76 aande-

243 3552 419 108 lige-Naturs-,
389 3555 234 86 Narur
635 3607 28 48 ,
715 3559 18 78 i
759 3557 216 98 Haab
997 3577 108 58 om
1127 3573 72 64 ar
1219 3557 146 84 tabe
1399 3557 156 100 ham
1587 3559 18 78 i
1635 3565 118 76 den
1767 3563 170 96 evige

1029 3651 88 88 B
1171 3679 42 54 r
1611 3649 228 92 Mate-
