2941 4637
1375 102 96 56 m

1169 489 78 60 28

1075 663 85 86 og
1187 653 125 80 ikke
1351 653 125 81 kan
1515 651 201 78 tænke
1767 640 461 95 Mueligheden
2257 635 195 96 deraf.
2577 632 195 98 Hvis

1076 750 166 93 ikke,
1338 757 86 73 da
1494 748 314 92 forbande
1874 740 132 90 han
2088 733 516 100 Philosophien;
2682 732 92 94 thi

1078 846 213 88 Tiden
1320 847 325 88 kommer,
1700 847 121 74 den
1862 856 67 56 er
1992 839 109 74 der
2156 840 295 85 allerede,
2508 835 91 76 da
2628 828 147 96 disse

1079 942 416 93 Sandheder
1523 939 120 95 skal
1671 939 160 78 blive
1861 930 386 80 aabenbare.
2375 928 182 85 Den
2595 928 180 94 sidste

1073 1038 193 88 Time
1297 1056 269 61 nærmer
1593 1037 127 92 sig,
1785 1036 103 72 der
1903 1043 205 62 matte
2147 1025 333 99 Pulsflag
2511 1021 231 97 forkyn-

1074 1140 110 74 der
1202 1141 162 85 den,
1418 1122 916 105 EvighedensDorreaabne
2374 1119 370 100 sig;Sam-

1070 1231 387 96 vittigheden
1476 1240 372 82 opvaagner
1878 1225 145 74 med
2066 1218 305 96 Skræk,
2424 1225 123 76 den
2582 1215 162 93 forri-

1071 1348 74 74 ge
1175 1327 304 94 konstlede
1511 1321 354 96 Døsighed
1887 1318 224 92 Hieiper
2129 1316 122 77 ikke
2271 1336 206 73 mere,
2533 1321 120 76 den
2671 1312 74 80 be-

1073 1429 244 89 gynder
1345 1436 76 66 at
1479 1428 124 70 tale
1631 1423 142 72 med
1829 1436 76 56 en
1941 1412 419 96 forssrekkelig
2393 1413 377 95 Stemme,

1072 1524 128 74 den
1224 1535 270 77 trænger
1509 1515 311 94 igjennem
1836 1518 120 72 alle
1982 1507 228 100 forrige
2226 1508 414 82 Sirenernes
2659 1505 112 93 faa

1070 1610 416 97 fortryllende
1520 1612 404 90 Stemmer,
1994 1613 120 74 den
2178 1606 86 80 vil
2316 1606 164 94 have
2512 1627 76 60 en
2622 1602 122 90 Be-

1069 1710 295 95 slutnin
1421 1707 528 99 Indbildningen
1975 1707 172 94 viger
2164 1702 357 98 ffiælvende
2541 1702 238 96 tilbage

1069 1808 104 92 for
1213 1813 104 74 det
1351 1805 160 91 sone
1543 1804 264 81 Billede
1837 1798 76 92 af
1939 1808 104 73 det
2073 1798 350 97 fremfarne
2449 1799 148 97 Liv,
2651 1804 124 76 den

1067 1906 317 94 spøgende
1441 1899 357 96 Vittighed
1869 1880 373 110 forvandler
2301 1898 91 93 sig
2466 1897 70 78 til
2589 1894 155 84 Con-

1070 2003 356 90 vulsioner,
1480 2004 74 76 de
1604 1994 260 96 heroiffe
1892 1995 436 93 Grundsaher
2372 1994 288 95 begynde
2702 2010 98 64 ar,

1067 2098 206 80 vakle.
1376 2094 133 82 Nu
1550 2113 65 58 er
1654 2101 107 74 det
1812 2090 133 88 Tid
2000 2099 125 72 den
2182 2089 223 94 høiese
2456 2089 177 95 Tid,
2701 2106 76 64 at

1067 2196 328 79 kaldeden
1427 2190 228 95 Viife,
1709 2207 72 63 ar
1811 2190 132 90 han
1977 2190 126 77 kan
2141 2188 142 97 give
2329 2194 122 71 den
2479 2187 298 81 belovede

1067 2292 177 82 Roe.
1345 2287 181 87 Den
1561 2307 63 60 er
1655 2291 147 87 der,
1859 2292 121 74 den
2025 2282 271 96 endelige
2325 2282 231 101 Time,
2591 2282 159 100 Pul-

1064 2386 106 96 sen
1192 2385 258 82 trækker
1464 2388 90 92 sig
1572 2382 522 95 alleredetilbage,
2124 2381 258 95 Hierter
2402 2381 208 80 bæver
2630 2388 120 76 end-

1068 2504 99 62 nu
1188 2483 79 94 af
1298 2481 429 100 Fortvivlelse.
1831 2477 221 101 Reiser
2084 2483 107 74 der
2208 2476 179 98 Tid,
2418 2497 71 60 ar
2518 2481 137 92 han
2674 2480 73 78 be-

1067 2580 158 91 viser
1261 2579 200 95 ham,
1491 2594 72 64 at
1595 2575 596 96 Samvittigheden
2219 2596 64 58 er
2299 2576 172 78 kuus
2493 2599 74 56 en
2587 2577 158 97 Ind-

1069 2675 339 94 bildning,
1461 2690 75 62 at
1579 2673 363 80 Skaberen
1971 2675 205 92 aldrig
2207 2672 121 90 har
2347 2671 209 82 kjendt
2587 2675 183 95 ham,

1068 2790 74 64 at
1156 2774 136 107 han
1332 2768 128 79 ikke
1506 2770 122 92 har
1664 2768 234 77 merker
1940 2768 178 88 hans
2158 2767 488 97 Bestræbelser,
2698 2788 72 62 at

1066 2867 251 95 forjage
1342 2863 269 95 Dyden
1636 2861 79 94 af
1760 2863 321 94 Verden,
2170 2869 75 73 de
2288 2862 135 94 fæle
2476 2863 265 97 Bestræ-

1069 2963 226 94 belser,
1349 2978 72 62 at
1449 2944 144 108 faae
1613 2958 318 94 Ondffab
1955 2959 68 77 til
2041 2973 70 64 at
2125 2958 364 96 triumfere,
2545 2981 70 62 ar
2637 2964 132 90 han

1063 3064 133 80 Ikke
1227 3059 85 80 vil
1329 3057 221 94 hævne
1571 3062 73 75 de
1659 3076 237 74 mange
1931 3054 421 96 Stoltheds,
2385 3058 359 82 Misundel-

1068 3160 102 92 ses
1212 3177 80 74 og
1324 3151 598 96 Overdaadigheds
1966 3149 312 99 uskyldige
2310 3153 276 110 Ossere;
2658 3164 110 76 lad

1064 3260 166 92 ham
1248 3271 92 60 nu
1364 3250 70 76 til
1470 3250 174 90 hans
1662 3247 201 93 Trost
1892 3245 192 92 bevise
2124 3249 156 94 ham
2306 3252 27 94 s
2352 3251 92 94 rhi
2480 3273 93 58 nu
2602 3256 167 80 vilde

1069 3360 108 74 der
1215 3367 164 62 være
1415 3364 78 58 en
1519 3344 228 95 Trøst)
1779 3360 70 62 at
1877 3342 128 96 han
2031 3343 126 80 ikke
2197 3352 158 74 døer
2403 3349 186 84 bedre
2645 3358 120 76 end

1071 3466 64 64 tt
1163 3444 196 97 Dyr.
1383 3482 118 24 —
1599 3441 176 98 Han
1797 3460 64 60 er
1893 3445 266 78 allerede
2195 3448 152 80 død.
