2987 4637
249 628 84 97 ste
355 627 208 100 Magt
591 611 216 113 havde
861 647 196 66 været
1093 638 120 76 den
1243 638 192 93 eneste
1473 635 198 84 Kilde
1715 638 68 80 til
1829 647 122 74 alle

256 724 438 100 Rigdomme,
752 747 80 76 og
866 728 308 87 Senatet
1206 731 118 92 selv
1354 739 142 76 med
1540 742 72 76 de
1643 741 275 75 allee-

255 822 182 98 rigse
472 822 339 101 Hyklerier
839 847 342 78 paatvang
1210 829 151 94 ham
1392 830 529 101 Eenevoldsmag-

256 938 140 79 ten,
449 920 133 94 som
617 921 133 93 han
784 930 146 76 med
979 933 121 74 den
1149 926 393 100 frygtsomste
1583 930 367 99 Forstilling

256 1026 279 91 tragtede
580 1017 185 100 efter;
805 1018 122 94 faa
956 1021 287 96 fortjente
1280 1032 73 75 de

525 1116 523 100 Gruesomheder
1109 1129 139 74 med
1325 1125 197 95 hvilke
1587 1124 367 97 Tyrannen

254 1214 173 93 siden
462 1221 291 75 udsvede
782 1219 77 92 sit
896 1218 481 99 Herredomme
1414 1243 149 61 over
1596 1230 159 76 dem.
1811 1223 108 83 Ca-

254 1311 237 95 ligula,
551 1311 189 83 Nero
771 1337 79 77 og
877 1316 371 87 Domitian
1275 1320 85 94 sik
1389 1343 119 74 npe
1529 1329 395 93 guddomme-

260 1410 112 95 lige
404 1390 683 124 ZÉresbeviierunger,
1124 1438 117 75 nye
1282 1424 215 82 Altere
1528 1418 149 99 efter
1722 1420 231 99 enhver

257 1523 124 74 nye
407 1506 615 105 Umenneffelighed;
1091 1534 146 59 men
1299 1514 292 94 fortiener
1625 1519 126 78 ikke
1797 1521 158 81 altid

264 1619 60 62 et
362 1599 280 101 Senat,
712 1612 106 75 der
866 1610 256 79 tilbeder
1178 1611 324 90 saadanne
1544 1615 384 98 Afskyelighe-

264 1704 147 90 der,
465 1717 72 62 at
567 1721 162 62 være
763 1711 102 75 det
890 1704 189 101 første
1100 1705 201 98 Offer
1328 1708 97 94 for
1458 1711 325 92 saadanne
1796 1714 129 83 Gu-

263 1799 155 78 der?
473 1796 187 82 Man
688 1803 86 78 vil
809 1805 157 95 sige,
1025 1811 101 73 det
1162 1826 122 60 var
1318 1810 320 96 naturlige
1675 1809 279 101 Folger;

262 1900 103 77 det
394 1912 61 58 er
486 1898 75 75 de
592 1915 75 77 og
684 1914 23 82 ;
760 1921 145 59 men
942 1902 331 91 hvorledes
1314 1926 95 59 ere
1460 1911 317 91 naturlige
1798 1906 127 99 Fol-

263 2009 105 80 ger
400 1986 345 103 forskjellige
891 1996 395 87 Skiebnen?
1339 2002 159 85 Der
1533 2024 63 60 er
1623 2003 299 89 Virknin-

260 2109 105 78 ger
398 2110 75 76 og
506 2087 449 104 Tildragelser,
1012 2097 133 90 som
1186 2097 325 87 Verdens
1556 2102 217 99 Herre
1822 2100 99 93 for-

259 2189 295 95 anstalter
583 2191 19 76 i
633 2188 329 101 Tingenes
995 2195 131 82 Løb
1163 2197 71 78 til
1261 2201 125 91 sine
1417 2198 139 90 viife
1595 2222 77 73 og
1711 2182 209 111 retfær-

264 2285 136 90 dige
436 2282 385 102 Hensigters
864 2289 393 101 Fuldførelse
1284 2296 155 81 altid
1458 2293 149 99 efter
1624 2299 329 85 Verdens

263 2376 290 100 Tilstand
591 2407 77 75 og
691 2386 462 97 Menneskenes
1189 2391 306 98 Forhold.

402 2576 351 86 Saaledes
773 2603 62 59 er
856 2588 99 76 det
983 2588 144 76 med
1154 2590 101 77 det
1274 2586 327 98 Moralske
1619 2591 306 99 ogPoliti-

263 2670 393 97 ffe,faaledes
674 2700 196 74 gaaer
893 2686 101 77 det
1018 2690 146 73 med
1185 2683 397 97 Religionen.
1605 2687 179 84 Saa
1805 2696 119 77 læn-

260 2790 73 75 ge
368 2777 103 73 det
501 2776 434 97 menneskelige
978 2777 189 83 Kion
1192 2781 193 81 bliver
1422 2787 19 76 i
1466 2787 91 93 sin
1580 2806 345 65 nærværen-

261 2872 71 75 de
365 2865 297 101 ffrøblige
703 2874 333 98 Tilstand,
1088 2875 110 92 faa
1255 2885 195 92 længe
1493 2882 83 80 vil
1619 2883 335 85 Overtros

264 2984 75 75 og
358 2963 319 85 Vantroe
696 2970 257 97 beholde
972 2975 507 97 Herredømmet
1498 3000 147 61 over
1666 3003 73 59 en
1766 2984 189 87 Deel

261 3061 75 84 af
345 3063 435 99 Menneskene.
849 3070 221 97 Nogle
1089 3074 83 80 vil
1191 3076 181 93 stedse
1389 3077 77 90 af
1493 3076 353 100 Dorskhed
1873 3105 87 75 og

258 3156 426 103 Enfoldighed
722 3167 201 83 blindt
954 3169 117 94 hen
1108 3189 235 81 antage
1378 3181 91 74 alt
1516 3182 101 74 det
1646 3175 102 92 for
1776 3178 151 85 Reli-

261 3257 188 97 gion,
507 3261 130 92 som
695 3262 536 101 Enthusiasmus
1287 3278 142 73 eller
1459 3271 378 97 Trædffhed
1875 3301 81 75 og

263 3352 511 106 Egennyttighed
836 3366 84 78 vil
964 3366 336 95 paabyrde
1350 3378 144 74 dem
1538 3379 210 74 under
1792 3380 164 76 dette

268 3450 207 98 hellige
506 3455 255 102 Navn;
826 3461 427 99 Letsindighed
1303 3468 84 81 vil
1433 3470 284 81 derimod
1772 3471 181 96 stedse

262 3546 142 101 søge
433 3561 199 76 under
664 3556 230 100 Maske
924 3557 80 98 af
1041 3561 325 105 Fornuft,
1422 3585 70 65 at
1518 3568 178 96 giore
1725 3570 87 98 sig
1847 3575 109 79 los
