2937 4560
119 587 116 74 Sen
277 581 168 96 giver
469 581 200 94 alting
691 579 68 82 til
789 579 244 98 Priis:
1087 579 172 82 Men
1319 579 172 92 hvad
1557 577 248 98 Forsis

117 681 142 94 ring
295 681 164 94 giver
489 683 120 76 den
639 677 98 92 for
785 685 180 74 deres
987 681 210 88 TEre,
1251 675 100 90 for
1393 683 182 74 deres
1627 675 152 94 Cha-

117 779 248 78 rakters
411 775 450 96 Værdighed,
915 775 100 92 for
1069 783 176 74 deres
1277 773 208 84 Siels
1539 773 236 88 Roelig-

123 877 148 90 hed,
323 873 98 92 for
457 881 178 76 deres
667 875 444 78 tilkommende
1161 873 354 96 Roelighed
1539 893 80 72 og
1643 871 126 94 Lyk-

115 971 318 96 salighed?
505 993 78 76 og
639 973 88 78 vil
789 977 76 76 de
905 971 202 94 aldrig
1177 973 160 78 blive
1397 987 252 78 mætte,
1721 969 88 80 vil

121 1069 394 92 Sandserne
549 1071 204 94 aldrig
785 1069 164 80 blive
989 1073 206 92 flove,
1249 1069 84 80 vil
1361 1073 72 74 de
1467 1067 126 80 ikke
1629 1087 148 58 over-

119 1173 130 78 leve
283 1169 86 94 sig
401 1165 194 94 selv,-
625 1169 86 80 vil
757 1171 74 76 de
861 1167 206 80 kunde
1091 1163 302 100 fornægte
1443 1171 180 76 deres
1655 1163 126 82 Na-

119 1283 108 62 tur
255 1265 18 76 i
307 1269 122 76 den
463 1263 246 100 Grad,
763 1281 72 62 at
879 1271 74 74 de
995 1263 122 80 ikke
1151 1269 144 76 med
1345 1261 466 98 Forskrækkelse

119 1383 76 58 en
219 1361 216 94 Gang
463 1361 202 94 ffulde
697 1365 286 92 betragte
1029 1363 88 94 sig
1147 1359 118 94 selv
1289 1367 32 72 ?
1373 1359 122 96 Og
1523 1359 104 94 sæt
1661 1367 116 74 end-

121 1481 120 72 og,
295 1475 72 64 at
395 1467 72 70 de
495 1481 130 70 paa
663 1483 74 56 en
777 1457 132 90 Tid
957 1465 150 88 lang
1147 1461 208 92 giorde
1393 1461 90 92 sig
1531 1465 168 74 døve
1733 1479 80 72 og

121 1555 292 94 folesløje
433 1573 20 84 ;
515 1557 158 84 vilde
719 1555 542 102 Forestillingerne
1317 1575 108 56 om
1475 1575 74 58 en
1595 1555 216 92 Gud,

125 1675 106 60 om
263 1673 72 60 en
371 1651 294 98 Evighed
697 1655 122 80 ikke
849 1657 152 94 iglen
1037 1673 332 74 vpvaagne
1393 1657 34 74 ?
1459 1651 192 82 Skal
1669 1657 116 74 den-

123 1771 74 62 ne
225 1749 414 96 Philosophie
667 1753 138 94 give
833 1759 118 72 den
1003 1753 290 76 belovede
1335 1749 310 94 Styrke,
1697 1746 121 96 sank

121 1867 154 58 maa
303 1853 120 76 den
465 1843 286 104 forskaffe
811 1853 92 90 sin
957 1847 258 96 Lærling
1283 1847 142 94 disse
1477 1861 66 64 to
1593 1845 172 96 Ting

121 1941 176 86 Den
327 1965 158 58 maa
497 1947 142 92 give
669 1947 154 96 ham
859 1945 182 84 Mod
1083 1945 64 78 til
1179 1961 72 66 at
1274 1943 161 87 des-ei
1419 1945 16 76 i
1463 1959 156 66 rette
1635 1943 130 88 Tid
1787 1961 22 80 ;

123 2061 142 64 men
293 2037 224 94 forend
551 2049 118 76 den
709 2049 172 76 lader
915 2045 154 92 ham
1089 2043 172 96 giøre
1293 2049 160 74 dette
1471 2041 316 78 betænkeli-

123 2159 72 74 ge
215 2137 294 98 Skridt,
543 2141 108 92 saa
679 2163 156 60 maa
851 2149 118 74 den
997 2139 214 92 beviise
1235 2141 152 98 ham
1417 2135 400 100 (vilkaarlige

121 2229 288 100 Satser,
477 2239 216 96 vittige
737 2239 306 92 Ordspil,
1113 2241 288 92 bydende
1445 2237 372 94 store.Ord

121 2335 192 92 gielde
349 2335 150 94 ikke)
523 2343 118 70 den
659 2359 158 56 maa
851 2337 234 92 tydelig
1133 2333 196 92 bevise
1357 2333 196 94 ham,
1603 2351 76 60 at
1715 2339 104 80 det

121 2431 382 94 allerhøjeste
533 2433 252 84 Væsen
815 2433 284 92 umuelig
1135 2431 124 78 kan
1291 2449 166 60 være
1509 2445 58 64 et
1615 2435 174 74 leven-

125 2531 74 76 de
237 2525 346 98 fornuftigt
625 2527 290 100 Væsen;
969 2531 16 74 i
1017 2537 102 74 der
1137 2529 266 90 mindste
1431 2519 258 102 beviste,
1721 2543 98 80 ac,

127 2645 108 60 om
267 2631 206 90 endog
505 2643 58 60 et
599 2625 272 92 saadant
921 2623 246 92 Væsen
1213 2645 62 58 er
1293 2625 106 94 til,
1453 2629 104 76 det
1585 2629 90 74 da
1695 2621 126 82 ikke

127 2721 324 96 bekymrer
485 2727 86 90 sig
605 2745 104 58 om
749 2727 128 90 sine
913 2723 472 94 Skabninger,
1437 2739 74 60 at
1543 2727 102 74 det
1673 2729 122 72 alle-

123 2821 596 92 stedsnærværende
749 2821 124 80 ikke
887 2823 84 78 vil
997 2821 122 94 see,
1175 2837 70 62 at
1277 2825 100 76 der
1393 2819 124 78 ikke
1549 2819 84 84 vil
1653 2817 140 96 hæv-

127 2937 74 60 ne
229 2919 96 90 sin
343 2919 170 86 Lovs
535 2923 172 76 LEre
727 2971 22 42 ,
779 2917 294 96 Dyden,
1099 2923 118 74 den
1237 2915 432 102 menneskelige
1685 2917 106 98 Fø-

129 3011 158 94 lelse,
343 3013 130 90 som
511 3017 128 92 han
677 3023 120 76 ved
825 3019 94 92 sin
943 3011 378 102 forgiftende
1347 3013 208 94 Lære,
1611 3019 118 76 ved
1745 3017 78 90 sit

127 3110 820 96 ansikkendeiEeempelvil
533 3111 302 94 Erempel
863 3115 84 76 vil
985 3113 142 96 soge
1147 3129 68 62 ar
1229 3117 310 78 udrydde.
1641 3111 150 98 Her-

131 3229 106 56 om
253 3229 154 62 maa
427 3217 114 74 den
597 3213 350 88 overbevise
983 3211 192 92 ham,
1233 3231 78 72 og
1337 3207 284 94 sgaledes
1643 3229 148 74 over-

133 3305 214 98 bevise,
373 3325 70 62 at
461 3309 362 96 Fornuften
839 3309 124 80 ikke
981 3309 122 82 kan
1116 3304 371 97 for-urokkelige
1507 3307 156 94 ham
1687 3311 104 74 der-

133 3421 184 80 over;
380 3403 387 89 saaledes-at
699 3423 68 62 at
825 3407 130 92 han
1009 3411 260 76 derover
1327 3405 158 80 alrid
1547 3405 120 90 har
1725 3405 94 92 sin

129 3499 508 100 Samvittighed
671 3505 20 80 i
721 3509 92 94 sin
837 3505 240 94 Magt;
1133 3503 282 94 saaledes
1433 3517 70 66 at
1527 3501 128 92 han
1673 3507 118 80 end-

1635 3621 84 74 og
