3000 4637
931 697 352 94 saavelsom
1313 698 70 96 I
1421 698 164 96 have
1601 698 142 98 søgt
1765 699 310 86 Somien
2113 707 120 77 ved
2269 704 326 98 Pennen,
2625 726 144 63 men

933 791 158 98 efter
1115 801 122 74 den
1255 802 214 90 gamle
1489 796 388 84 Slendrian
1917 821 136 72 paa
2089 823 76 58 en
2205 806 218 92 nedrig
2463 804 280 85 Maade.

1137 893 176 83 Men
1335 902 102 76 det
1475 918 64 58 er
1575 898 20 78 i
1633 896 222 84 Eders
1897 897 266 90 Tanker
2203 901 184 79 ikkun
2423 902 342 100 Veyrlys,

935 995 70 98 I
1039 995 92 78 vil
1163 995 190 99 tillige
1397 996 164 98 have
1597 1004 86 72 all
1703 1005 126 87 god
1871 999 242 84 Orden
2133 997 318 101 afffaffet,
2507 1004 168 94 siden
2701 1002 68 99 I

935 1101 383 77 declamerer
1341 1102 173 76 imod
1541 1094 421 85 Smdentere
1980 1121 82 76 og
2085 1101 355 95 Soldater;
2469 1102 63 96 I
2555 1102 185 86 Daa-

936 1217 102 58 rer
1078 1215 148 78 agte
1260 1195 68 99 I
1366 1208 194 70 vores
1586 1202 350 90 Ungdoms
1960 1199 184 92 solide
2166 1199 450 99 Studeringer
2642 1208 100 75 rin-

938 1315 144 76 gere
1136 1301 120 74 end
1298 1294 222 86 Eders
1562 1296 546 101 Penneflikkerie,
2182 1305 138 75 eller
2358 1306 72 74 de
2482 1298 286 96 fortiente

938 1393 372 83 Militaires
1350 1394 388 100 Duelighed
1782 1401 250 80 mindre
2068 1405 118 76 end
2232 1398 238 84 Eders.

1146 1493 94 82 At
1278 1500 120 74 den
1442 1496 364 96 Kongelige
1846 1499 322 82 Cabinets
2206 1497 228 85 Ordre
2470 1520 106 58 om
2594 1500 146 82 Civi-

937 1597 56 74 le
1028 1591 487 83 Avancements
1546 1594 99 96 for
1667 1602 74 76 de
1765 1597 326 84 Militaire
2125 1619 64 60 er
2229 1622 136 74 paa
2405 1620 120 74 nye
2542 1596 199 98 forkla-

937 1709 98 62 ret
1057 1743 22 44 ,
1135 1697 226 78 vidner
1417 1694 228 98 hellig,
1703 1718 78 75 og
1805 1701 176 94 giver
2019 1709 78 68 os
2137 1699 166 95 hoye
2339 1696 276 98 Begreb
2659 1720 108 60 om

939 1799 126 74 den
1105 1815 144 58 rene
1283 1794 308 98 Hensigt,
1631 1794 284 99 Kongen
1957 1797 120 98 har
2117 1815 70 62 at
2227 1802 188 90 ingen
2455 1806 170 76 uden
2667 1806 96 91 de,

939 1915 84 72 og
1077 1899 188 91 dem,
1323 1892 130 92 som
1507 1894 166 100 have
1733 1901 154 76 tient
1947 1901 568 94 Fædrenelandet,
2571 1920 78 74 og
2693 1921 72 74 ey

939 2013 258 74 gemene
1227 1989 298 85 Skriver
1547 1992 255 99 Karle,
1861 1997 122 80 bor
2007 1997 164 98 have
2195 1995 572 99 Fædrenelandets

936 2091 480 97 Berieninger,
1472 2114 64 58 er
1556 2100 102 74 det
1680 2094 126 81 ikke
1824 2095 150 94 saa:
2028 2095 178 84 Den
2224 2102 106 74 der
2374 2098 198 96 haver
2610 2096 156 81 tient

940 2189 274 84 Staten
1254 2193 348 79 børnenes
1644 2192 78 96 af
1736 2194 268 83 Staten
2026 2197 188 94 igien,
2272 2218 144 56 men
2456 2194 70 96 I
2566 2194 200 94 haver

942 2307 180 80 taget
1154 2289 176 84 Eder
1352 2296 164 80 dette
1536 2290 428 101 Valgsprog:
1994 2295 176 84 Den
2190 2293 190 99 Hest,
2404 2294 134 96 som
2557 2292 183 96 fortie-

944 2390 473 101 nerzsitFodey
1178 2391 240 98 Foder,
1462 2398 202 92 nyder
1686 2400 102 77 der
1806 2417 94 74 ey.

1150 2491 95 84 At
1282 2490 281 100 Kongen
1606 2492 119 100 har
1770 2495 283 96 begyndt
2096 2499 141 75 med
2272 2498 217 80 Under
2515 2490 232 100 Offere-

947 2612 187 73 ren»e,
1191 2591 150 94 skeer
1385 2590 166 92 fordi
1571 2600 74 74 de
1679 2616 96 60 ere
1797 2601 76 74 de
1907 2593 212 98 Hiul,
2177 2595 280 98 hvorved
2487 2598 118 74 den
2643 2592 124 92 hele

949 2695 380 93 militairiffe
1372 2693 297 96 Maskine
1701 2696 282 79 kommer
2007 2717 76 72 og
2119 2695 196 81 bliver
2343 2696 20 78 i
2381 2696 94 96 sin
2523 2692 240 97 Gang,

947 2816 98 59 ere
1075 2799 72 74 de
1177 2815 90 59 nu
1293 2794 106 100 flet
1431 2796 262 96 holdne,
1747 2793 130 96 som
1903 2795 104 98 her
2045 2795 290 92 hidindtil
2361 2816 62 58 er
2439 2794 178 96 skeet,
2655 2792 112 92 saa

951 2899 176 94 staar
1171 2901 100 73 det
1301 2898 20 76 i
1377 2896 504 94 paakommende
1923 2891 292 96 Tilfælde
2269 2896 128 78 kun
2445 2894 320 97 maadelig

951 3001 143 76 med
1125 2995 317 95 Armeen,
1499 3016 75 58 en
1605 2994 175 99 Ting
1798 3047 24 44 ,
1887 2993 131 94 som
2037 2993 133 84 St.
2211 2994 331 84 Germain
2557 2998 185 74 allere-

950 3103 78 74 de
1054 3099 20 78 i
1114 3095 204 84 Aaret
1380 3104 212 84 1763.
1634 3094 118 98 stal
1794 3097 162 96 have
2014 3093 290 92 besværet
2344 3096 92 94 sig
2476 3110 170 62 over.
2698 3088 70 101 I

948 3197 124 90 seer
1102 3193 144 98 nok,
1304 3196 160 94 hvor
1496 3196 334 96 skalkagtig
1856 3193 66 98 I
1948 3193 320 98 endogsaa
2298 3216 146 74 ere,
2476 3210 70 64 at
2576 3189 176 101 heref-

952 3313 92 62 ter
1074 3297 188 94 ingen
1294 3294 290 96 forløben
1622 3293 470 96 Skriverkarl,
2164 3296 240 94 liderlig
2448 3292 318 84 Student

950 3401 142 74 eller
1126 3397 200 77 andre
1362 3398 252 94 nedrige
1654 3393 356 101 Personer,
2075 3395 131 95 skal
2232 3398 184 80 dertil
2458 3402 306 86 antages,

950 3515 147 58 men
1132 3493 127 80 kun
1294 3492 323 94 saadanne
1654 3497 285 94 Sujets,
1972 3495 131 92 som
2138 3498 183 79 dertil
2350 3492 211 94 findes
2596 3492 145 98 habi-

951 3599 94 88 le,
1097 3611 70 62 ar
1201 3601 72 74 de
1301 3594 126 80 kan
1457 3598 18 76 i
1495 3594 370 100 Fremtiden
1885 3617 134 76 paa
2047 3615 166 62 meer
2247 3602 118 86 end
2401 3620 76 58 en
2503 3596 265 91 Maa-de

949 3695 160 76 liene
1147 3693 546 98 Fædrenelandet.

1151 3793 160 84 Det
1341 3818 62 56 er
1435 3798 406 94 ynkværdigt
1867 3815 70 64 at
1955 3795 110 100 see,
2095 3813 72 66 at
2183 3819 74 61 en
2279 3794 484 101 Underofficeer,

949 3909 172 70 paar
1151 3891 134 96 han
1305 3916 64 60 er
1393 3902 164 90 den,
1587 3896 132 98 som
1739 3897 380 90 Skriveriet
2135 3907 118 79 ved
2285 3920 56 64 et
2363 3898 404 102 Compagnie
