2869 4524
940 587 245 94 tiltager
1214 590 85 94 sig
1324 588 137 82 Ret
1512 602 69 64 at
1616 583 265 96 angribe
1910 591 93 74 alt
2036 585 173 96 hvad
2242 590 107 76 der
2390 600 255 76 nogetK

935 687 170 86 sinde
1137 683 118 90 har
1281 700 190 62 været
1507 684 208 92 helligt
1759 677 102 96 for
1905 680 368 99 Fornuften
2313 702 76 74 og
2421 678 174 81 Men-

937 779 484 97 neskeligheden,
1489 800 92 58 nu
1627 779 222 80 vinder
1881 779 426 94 Religionens
2359 774 234 84 Sand-

937 877 120 92 hed
1089 873 104 94 fra
1237 884 120 72 alle
1413 876 240 80 Sider.
1785 869 130 98 Thi
1971 883 84 72 da
2121 875 106 89 hin
2277 870 352 98 forstærker

931 973 128 90 sine
1089 970 274 96 Angreb
1395 976 142 74 med
1585 974 92 75 alt
1725 975 138 90 det,
1917 971 132 90 som
2089 977 120 74 den
2239 976 144 74 med
2415 990 212 74 nogen

933 1069 241 92 rimelig
1209 1066 277 90 Anseelse
1535 1066 125 78 kan
1701 1071 187 74 laane
1933 1065 75 94 af
2037 1065 461 98 Philosophien
2543 1086 83 77 og

934 1173 74 74 de
1024 1163 250 92 smukke
1296 1160 494 97 Videnskaber,
1846 1183 80 72 og
1942 1169 84 74 da
2056 1173 160 85 den,
2246 1160 102 94 for
2366 1180 72 64 at
2454 1168 140 75 und-

932 1261 196 92 skylde
1186 1261 134 93 sine
1370 1258 370 92 mislingede
1814 1255 304 100 Angreb,
2186 1258 126 78 ikke
2354 1280 92 58 nu
2514 1276 110 63 tør

932 1375 166 58 mere
1126 1355 166 99 sige,
1344 1372 74 62 ar
1474 1364 104 72 der
1632 1352 124 79 ikke
1798 1373 66 58 er
1930 1361 124 74 den
2086 1357 214 77 tilladt
2342 1372 74 64 ar
2460 1352 136 96 fore-

924 1453 150 92 stille
1108 1449 384 95 Religionen
1516 1452 20 76 i
1554 1450 94 92 sin
1672 1447 174 94 fulde
1878 1447 386 101 Svaghed;
2312 1450 112 94 saa
2452 1472 64 60 er
2542 1474 82 75 og

925 1553 94 74 alt
1054 1553 141 88 det,
1252 1546 253 86 som-nu
1542 1546 215 92 holder
1798 1543 253 86 Stand
2072 1549 177 81 imod
2284 1552 161 76 dens
2478 1548 115 84 An-

919 1645 190 94 greb,
1189 1642 544 97 uovervindelige,
1801 1647 512 91 guddommelige
2363 1644 230 83 Sand-

927 1741 206 90 heder.
1231 1738 138 98 For
1427 1738 334 82 Overtroe
1827 1759 100 58 ere
1987 1747 120 72 alle
2163 1742 144 92 disse
2347 1740 272 98 Angreb

921 1837 386 95 skrekkelige,
1361 1840 120 74 den
1515 1834 126 78 kan
1679 1835 124 80 ikke
1839 1833 278 96 udholde
2141 1838 326 96 derimod;
2495 1844 124 75 alle

917 1941 78 76 de
1029 1929 248 99 Saar,
1329 1938 118 74 den
1475 1952 92 58 nu
1601 1931 362 78 bekommer
1995 1953 94 62 ere
2123 1934 318 98 dødelige;
2469 1956 148 59 men

916 2037 168 76 dette
1108 2049 64 60 er
1204 2050 76 58 en
1314 2048 120 70 nye
1467 2026 279 97 Gevinst
1769 2025 103 96 for
1903 2027 443 97 Sandheden.
2451 2032 137 96 For-

920 2133 158 74 dom
1112 2147 78 74 og
1210 2124 566 95 Enthusiasmus,
1808 2129 108 76 der
1944 2131 118 74 ved
2094 2129 200 93 større
2330 2126 256 82 Sikker-

922 2223 116 86 hed
1072 2222 182 95 stedse
1290 2218 176 96 søger
1506 2236 72 62 at
1620 2221 334 94 paabyrde
2006 2221 386 99 Religionen
2428 2232 186 74 deres

918 2317 272 98 Tillæg,
1222 2334 104 62 tør
1346 2338 90 58 nu
1462 2322 118 72 ved
1600 2314 410 85 Vantroens
2044 2322 378 93 granseende
2438 2321 145 82 Aar-

918 2412 532 110 vaagenhedikke
1312 2414 128 78 ikke
1476 2430 197 77 vove,
1728 2431 72 66 at
1822 2413 291 94 forbinde
2162 2422 145 76 dem
2338 2422 275 79 dermed.

915 2507 126 100 Og
1077 2517 164 76 dette
1271 2510 88 84 vil
1385 2508 126 96 just
1551 2504 290 99 forskafe
1879 2507 384 100 Religionen
2293 2518 96 90 sin
2405 2532 182 80 egent-

911 2607 116 92 lige
1089 2606 508 95 guddommelige
1659 2593 430 110 Enfoldighed
2147 2612 266 96 tilbage;
2489 2618 124 75 den

913 2703 162 96 giør.
1087 2709 122 74 den
1243 2700 130 94 just
1387 2700 114 90 saa
1537 2717 202 76 meget
1771 2723 168 58 mere
1977 2705 238 95 stærk,
2268 2707 345 99 saameget
2399 2726 214 74 meget

907 2817 172 60 mere
1107 2796 518 97 guddommelig,
1699 2795 516 98 Fornuftenselv
2261 2784 112 108 faa
2401 2818 210 80 meget

909 2907 169 70 Mere
1109 2894 347 94 ærværdig.
1559 2890 171 83 Ved
1759 2897 73 76 de
1857 2893 307 97 Angreb,
2191 2894 135 90 som
2342 2898 237 79 Vant-

906 2989 480 103 nixonxruzn
1020 3011 78 74 og
1136 2989 230 83 Brun
1408 2990 214 92 giorde
1646 2988 180 81 imod
1858 2995 124 74 den
2028 2998 144 74 med
2204 2998 184 76 deres
2428 2996 178 96 støve

910 3083 314 84 Vaaben
1254 3086 22 80 i
1300 3092 76 78 de
1406 3082 282 82 mørkere
1708 3081 236 100 Tider,
1974 3105 166 63 vant
2168 3110 84 74 og
2288 3090 178 82 tabte
2484 3098 124 76 den

906 3197 198 80 mtet;
1152 3200 146 62 men
1330 3180 290 98 Tindal,
1688 3179 358 102 Spinoza,
2118 3183 258 99 Collin,
2444 3186 132 86 Bo-

908 3277 326 99 lingbrok.,
1286 3278 144 96 disse
1460 3298 96 60 ere
1594 3282 138 91 der,
1788 3283 110 76 der
1942 3279 164 92 have
2142 3286 138 80 lært
2296 3290 122 76 den
2434 3286 170 96 iglen

910 3389 73 66 <tt
1012 3375 201 98 bruge
1232 3376 93 92 fin
1358 3377 505 94 guddommelige
1896 3373 311 105 Styrke,
2262 3404 79 72 og
2358 3382 63 84 io
2438 3386 134 93 sor-

906 3487 71 66 rse
1211 3470 342 102 Hiender,
1619 3468 66 96 jo
1729 3467 290 106 farligere
2057 3481 186 82 deres
2289 3476 318 91 Vaaben

2301 3576 200 100 blive.
