2941 4637
1178 490 74 61 3®

1428 103 281 71 Hü^güj

1085 658 119 92 har
1234 661 94 74 alt
1351 648 99 92 for
1481 643 123 96 ofte
1649 639 251 93 Aarsag
1915 643 145 74 med
2077 654 75 62 en
2191 630 331 99 hemmelig
2547 627 197 81 Kum-

1080 774 133 56 mer
1248 769 69 62 at
1350 746 251 91 beklage
1646 748 181 72 deres
1874 734 215 95 Magt
2148 754 79 71 og
2262 733 95 90 sin
2402 726 365 96 Svaghed.

1081 849 174 79 Men
1285 847 130 96 han
1451 841 292 92 beholder
1773 835 18 78 i
1827 839 102 71 det
1975 831 264 95 mindste
2293 833 118 72 den
2465 826 306 91 alvorlige

1080 943 316 93 Attraae,
1450 933 154 96 efter
1634 932 340 96 Haanden
1998 947 72 58 ar
2102 928 208 78 kunde
2328 922 142 78 med
2489 920 257 81 Sikker-

1080 1041 117 93 hed
1214 1034 279 94 beherske
1508 1014 177 110 deuft;
1702 1034 73 73 de
1794 1024 229 79 enkelte
2040 1019 733 98 smaaSeiervindinger

1083 1139 131 91 han
1251 1135 279 91 erholder
1569 1142 151 62 over
1755 1125 89 92 sig
1877 1120 159 95 selv,
2091 1126 117 74 ved
2225 1133 73 62 at
2313 1117 291 94 betragte
2629 1114 115 82 Re-

1078 1234 312 94 ligionens
1428 1225 372 91 bevægende
1842 1219 331 93 Grunde,
2230 1213 172 94 giver
2466 1214 156 93 ham
2670 1212 74 78 be-

1077 1329 252 93 standig
1369 1341 168 61 mere
1579 1321 226 90 Mod,
1879 1336 78 72 og
1997 1319 118 74 den
2159 1309 180 101 stedse
2395 1308 378 96 glædeligere

1079 1423 367 97 Forsikring
1488 1435 108 58 om
1621 1414 219 82 Guds
1871 1408 357 98 Velbehag
2258 1409 174 92 giver
2459 1408 131 89 han
2617 1404 153 94 efter

1078 1523 341 93 Haanden
1440 1522 119 71 den
1588 1510 283 94 lykkelige
1920 1506 209 81 Siels
2178 1503 437 98 Forfatning-
2662 1510 107 76 der

1075 1618 315 76 udbreder
1427 1634 75 56 en
1529 1607 357 96 Roelighed
1919 1626 79 73 og
2025 1605 238 81 Glæde
2293 1620 148 60 over
2457 1605 122 72 alle
2595 1597 172 95 hans

1086 1713 148 81 Livs
1252 1711 306 88 Scener,
1612 1704 132 92 som
1776 1711 122 74 den
1932 1696 448 85 Vantroende
2402 1701 120 75 ved
2560 1702 66 73 al
2646 1702 118 76 den

1072 1806 433 96 Lyksalighed,
1562 1803 129 91 han
1711 1805 210 88 praler
1949 1793 104 100 af,
2085 1802 236 76 aldeles
2336 1794 125 78 ikke
2478 1793 287 98 kiender;

1075 1905 111 81 En
1221 1905 271 90 Glæde,
1555 1897 137 94 som
1735 1897 123 78 ikke
1897 1896 217 78 beroer
2157 1913 133 73 paa
2323 1889 441 94 Sandsernes

1070 2000 407 95 Livagtighed
1514 2003 141 72 eller
1690 1994 211 79 Livets
1930 1989 645 97 Omstændigheder;
2628 1988 135 92 som

1071 2098 128 78 ikke
1235 2103 384 73 udtommes
1637 2144 18 40 ,
1713 2091 126 80 ikke
1869 2099 288 81 trættes,
2211 2085 184 96 stedse
2433 2086 174 92 giver
2637 2108 130 72 nye

1067 2189 571 97 Vederqvægelse;
1667 2186 131 94 som
1823 2187 117 93 har
1959 2188 93 95 sin
2071 2183 201 82 Kilde
2287 2187 19 74 i
2323 2185 87 91 sig
2425 2164 145 111 selv,
2592 2202 168 60 naar

1066 2297 121 73 den
1222 2283 447 88 Vantroende
1698 2285 177 78 løber
1902 2286 327 76 aandeløs
2256 2273 149 102 efter
2440 2282 95 93 sin
2554 2297 21 76 ;
2626 2278 135 94 som

1067 2386 131 78 ikke
1227 2383 277 96 forlader
1517 2385 95 92 sin
1631 2380 213 93 Ven,
1873 2397 193 79 gaaer
2083 2386 145 74 med
2243 2379 155 94 ham
2415 2378 19 74 i
2461 2376 297 97 Feldten,

1042 2476 296 103 'ledsager
1366 2482 154 96 ham
1550 2479 334 93 paa-hans
1714 2480 170 93 Hans
1916 2474 263 96 Reiser,
2232 2477 174 92 giver
2450 2472 158 91 ham
2642 2488 118 70 nyt

1069 2581 184 78 Mod
1285 2581 18 76 i
1329 2586 120 70 alle
1477 2577 212 80 Livets
1707 2578 340 91 Storme,
2089 2569 204 97 følger
2313 2571 156 92 ham
2503 2571 68 76 til
2603 2565 126 85 Ve-

1042 2672 427 101 ;·"deqcgxilse
1503 2673 19 76 i
1561 2678 119 70 alle
1713 2672 175 91 hans
1917 2660 495 105 Forretninger,
2473 2688 79 73 og
2575 2683 181 77 tager

1068 2773 175 78 imod
1260 2771 153 92 ham
1450 2769 265 90 hiemme
1748 2772 143 72 nred
1914 2786 121 71 nye
2064 2762 489 95 Behagelighed
2572 2779 21 74 ;
2620 2760 139 90 som

1067 2874 216 74 endnu
1303 2866 192 79 bliver
1515 2865 273 92 Glæde,
1845 2880 166 60 naar
2045 2867 120 72 alle
2203 2865 316 74 udvortes
2547 2857 182 96 Følel-

1068 2963 88 85 ser
1192 2964 160 77 blive
1380 2966 220 90 støve;
1666 2958 132 92 som
1848 2958 196 78 bliver
2092 2955 274 95 Glæde,
2436 2975 168 59 naar
2634 2960 122 78 den

1064 3059 449 83 Vantroende
1542 3057 185 91 ingen
1744 3074 165 61 mere
1928 3054 256 79 kjender
2252 3053 189 93 ingen
2456 3065 171 64 meer
2644 3068 109 64 tør

1067 3156 247 95 haabe;
1381 3156 171 92 som,
1619 3169 167 61 naar
1831 3152 203 93 alting
2073 3148 141 96 giør
2257 3149 159 94 ham
2455 3154 295 91 modløs,

1062 3271 167 61 naae
1282 3255 128 90 han
1460 3255 118 74 ved
1612 3250 92 90 sin
1746 3243 230 86 Endes
2006 3245 294 82 Komme
2346 3244 218 96 strider
2604 3254 147 73 med

1063 3344 450 118 Fortvivlelse,
1565 3343 338 94 forkynder
1919 3350 202 74 denne
2141 3348 118 74 ved
2291 3363 76 58 en
2385 3346 198 92 større
2601 3341 120 85 Ro-

1065 3444 227 98 lrghed,
1320 3460 70 62 at
1409 3444 131 92 han
1553 3438 122 104 skal
1688 3440 398 102 overgaae-til
2020 3441 68 78 til
2105 3441 95 93 sin
2219 3438 203 93 høiere
2441 3438 275 96 Bestem-

1062 3540 199 95 melse.
1358 3538 259 86 Denne
1646 3536 101 98 for
1766 3535 155 98 ham
1950 3534 111 93 saa
2090 3538 229 95 vigtige
2348 3535 193 89 Time
2572 3537 175 83 kom-
