2909 4548
1734 563 106 88 17

142 778 118 77 ne,
298 757 254 80 tillaves
592 755 144 76 med
780 769 226 77 megen
1036 748 314 100 ALrgelse,
1388 768 218 81 megen
1634 749 174 100 Kost-

148 878 244 95 barhed
434 895 80 74 og
556 889 234 76 mange
828 865 486 103 Tilrustninger.
1414 868 162 101 Hør
1604 893 94 58 nu
1732 891 74 60 en-

144 1001 209 93 gang!
408 993 19 80 i
472 989 187 96 Dag
700 993 89 76 vil
828 987 97 99 jeg
982 992 161 86 have
1196 988 281 98 Karper.
1580 989 225 86 Bræn-

139 1120 104 76 det
283 1113 280 80 kommer
589 1107 108 98 fra
735 1105 426 102 Pommeren,
1203 1106 168 98 han,
1401 1108 134 94 som
1578 1109 122 96 skal
1739 1119 62 76 la-

143 1250 76 63 ve
261 1233 374 96 Karperne,
675 1228 123 99 skal
827 1247 166 61 være
1035 1224 106 96 fra
1169 1224 244 104 Paris,
1455 1234 100 79 det
1591 1237 214 94 flyden-

145 1358 76 78 de
267 1355 188 94 hvori
497 1351 148 98 disse
683 1349 268 97 Karper
993 1332 121 112 skal
1167 1348 278 100 kaages,
1484 1352 125 95 skal
1663 1375 172 66 være

141 1480 266 93 længere
449 1473 180 80 borte
669 1475 22 74 i
733 1468 392 99 Frankerig,
1163 1468 260 98 Fadene
1467 1493 82 78 og
1587 1479 74 78 de
1715 1497 88 62 an-

143 1600 111 78 dre
311 1587 653 100 Omstændigheder,
1025 1588 301 96 hvorpaa
1383 1610 81 75 og
1519 1591 319 96 hvormed

140 1716 352 93 Karperne
535 1709 121 97 skal
696 1707 248 99 spiises,
989 1708 122 96 skal
1150 1726 166 62 være
1352 1706 298 103 Engelffe
1688 1723 148 78 eller

138 1829 440 108 Hollandffe,
620 1825 396 94 Confoluten
1062 1848 80 76 og
1196 1828 368 101 tilbehørige
1616 1835 222 94 smaae

138 1954 526 100 Jndgredientzer
730 1947 134 96 skal
918 1944 338 100 forffrives
1330 1944 108 98 fra
1502 1959 74 72 de
1630 1961 208 82 andre

136 2072 220 87 Deele
394 2075 168 76 uden
608 2063 102 98 for
748 2063 298 97 Europa.
1150 2060 114 92 Til
1304 2070 112 78 ald
1464 2069 230 96 Ulykke
1734 2095 104 62 ere

138 2196 232 76 alleene
396 2187 310 102 Pengene
746 2185 319 99 Danffe,
1102 2206 81 76 og
1224 2184 301 105 Karpen,
1578 2189 136 94 som
1766 2215 75 62 er

137 2308 224 101 fanget
401 2313 20 78 i
457 2306 248 97 Dansk
739 2307 192 97 Søe,
973 2314 186 76 laves
1181 2328 134 74 paa
1339 2306 270 103 Franff;
1651 2315 184 98 hvad

137 2439 210 77 under
391 2437 86 76 da
519 2445 72 64 at
627 2427 448 99 Kiøbenhavn
1125 2424 200 98 fattes
1361 2428 260 103 Penge,
1663 2455 178 62 naar

137 2576 80 62 en
291 2553 224 94 eeneste
589 2555 134 74 død
777 2547 236 97 Karpe
1065 2550 124 78 kan
1241 2548 424 99 transportere
1719 2553 120 94 faa

133 2691 242 76 mange
419 2671 146 80 bort
601 2665 234 100 deraf?
883 2668 256 86 Denne
1179 2666 272 104 Karpe,
1487 2667 132 98 som
1659 2677 184 96 nylig

135 2799 368 99 svømmede
559 2797 336 93 levendes,
951 2794 122 78 bør
1133 2814 82 74 og
1273 2792 284 94 svømme
1617 2803 218 76 endnu

136 2922 136 94 som
314 2921 158 94 død,
520 2937 82 74 øg
644 2921 102 76 der
788 2917 20 76 i
848 2936 76 58 en
964 2912 130 94 sort
1124 2914 218 98 suppe,
1388 2915 248 100 hvoraf
1648 2919 156 98 Ind-

140 3038 316 97 byggerne
492 3037 24 78 i
559 3032 452 100 Kjøbenhavn
1078 3034 104 94 øse
1238 3040 184 76 deres
1484 3035 320 96 Eftermid-

144 3168 176 89 dags
360 3181 82 74 og
472 3159 240 96 Aftens
758 3156 332 101 Fornuft;
1146 3158 94 98 thi
1284 3156 108 96 saa
1424 3160 284 99 beskedne
1748 3189 86 78 og

142 3277 354 101 fornuftige
538 3301 96 60 ere
672 3285 76 78 de
784 3303 92 59 nu
922 3298 78 66 at
1042 3286 76 76 de
1156 3280 120 96 selv
1318 3282 282 99 tilstaae,
1642 3303 72 64 at
1758 3293 80 78 de

152 3404 190 91 ingen
394 3397 292 100 Fornuft
726 3401 164 90 have
930 3424 110 60 om
1080 3402 508 101 Formiddagen,
1630 3413 104 78 det
1770 3431 68 60 er

153 3530 70 67 ar
263 3519 124 100 sige
431 3513 104 100 fra
579 3515 272 91 Solens
891 3520 308 100 Opgang
1243 3526 72 80 til
1367 3528 122 80 den
1549 3545 64 64 er
1671 3527 218 82 midt*

937 3640 94 92 B
1701 3663 136 80 paa
