2873 4563
1365 56 278 76 IküÄl

1040 438 77 69 18

953 606 194 103 Folk;
1201 607 276 88 Skulde
1495 607 384 101 Religionen
1925 616 98 76 vel
2055 614 110 80 der
2209 613 172 96 staae
2429 630 210 75 nogen

951 710 221 94 Fare?
1229 709 327 95 Angreber
1585 731 77 71 og
1689 706 449 97 Modstanden
2189 729 63 58 er
2315 710 321 92 hinanden

950 800 188 98 stedse
1196 790 168 108 lige?
1458 805 220 94 Imod
1726 822 76 58 en
1854 799 164 97 Celfi
2064 802 266 97 Angreb
2380 822 122 60 var
2560 825 78 57 en

952 896 331 99 Origenes
1356 896 413 98 Philosophie
1847 903 382 94 overvægtig
2284 898 215 102 stærk;
2566 905 75 76 de

949 992 508 98 Indvendinger
1495 1003 104 74 der
1653 996 172 76 bleve
1855 995 198 92 gione
2079 995 76 92 af
2193 1019 76 58 en
2318 995 291 107 Pøl-phy-

948 1092 144 77 rins
1122 1087 186 98 fandt
1344 1090 396 99 tilstrækkelig
1765 1086 463 101 Zgiendrivelse
2270 1093 18 76 i
2322 1116 76 58 en
2438 1092 171 89 Anse-

951 1187 83 75 htii
1070 1184 305 83 Lærdom.
1478 1186 297 94 Dersom
1818 1187 357 80 Voltaires
2214 1187 425 87 Dictionaire

949 1280 500 98 Philosophiqve
1481 1301 124 62 var
1623 1286 294 76 kommen
1943 1279 100 95 for
2075 1302 56 63 et
2157 1307 124 72 par
2313 1288 330 94 hundrede

947 1378 145 80 Aar
1119 1381 209 92 siden,
1383 1378 107 90 saa
1539 1379 203 90 havde
1761 1384 99 73 det
1879 1379 233 81 kundet
2143 1401 163 60 være
2333 1404 75 56 en
2451 1380 189 98 farlig

948 1472 210 101 Bog,
1216 1493 144 59 men
1392 1495 92 58 nu
1542 1497 62 56 er
1644 1482 102 76 det
1792 1491 56 62 et
1892 1475 402 99 philosophist
2334 1476 302 98 Luftsyn,

940 1572 111 74 der
1082 1568 389 93 forstrækker
1516 1577 117 75 den
1682 1567 387 103 Enfoldige,
2128 1595 145 58 men
2310 1574 223 96 holdes
2570 1571 81 103 af

943 1668 126 74 den
1099 1663 188 95 Viife
1329 1664 100 96 for
1455 1689 74 60 en
1593 1667 400 93 Antændelse
2045 1666 74 94 af
2141 1677 250 75 raadne
2413 1670 196 85 Dun-

943 1762 135 90 ster.
1181 1761 175 85 Den
1393 1762 419 99 Tidspunkt,
1870 1771 108 72 der
2021 1768 115 90 har
2168 1773 242 74 dannet
2434 1774 200 74 denne

942 1852 405 100 Forfattere,
1404 1858 116 95 har
1556 1879 79 75 og
1672 1864 240 77 dannet
1944 1857 104 97 før
2090 1862 153 93 ham
2282 1883 75 59 en
2400 1862 233 100 Lokke,

943 1970 78 60 en
1065 1952 324 98 Addison,
1443 1977 74 58 en
1551 1954 238 97 Clark,
1847 1961 124 76 den
2001 1960 120 90 har
2149 1981 76 72 og
2255 1963 244 78 dannet
2541 1963 66 78 til-

943 2048 115 94 lige
1087 2057 143 72 med
1265 2051 151 95 ham
1453 2073 73 58 en
1559 2051 237 99 Haller
1831 2075 75 72 og
1925 2053 331 98 Littleton;
2313 2078 77 70 og
2413 2062 73 75 de
2515 2057 119 92 selv

942 2144 242 92 samme
1196 2145 246 86 smukke
1460 2147 490 101 Videnstaber,
2008 2160 108 70 der
2136 2153 118 92 har
2278 2154 172 94 givet
2468 2157 138 80 Ura-

942 2240 141 82 nies
1114 2239 353 99 forrroelige
1492 2244 197 92 Muse
1722 2250 121 77 den
1892 2244 315 99 forforiste
2246 2250 387 98 Tillokkelse,

939 2338 176 94 giver
1131 2361 78 74 og
1231 2340 372 82 enGellerts
1625 2342 210 95 hellige
1851 2343 200 91 Muse
2071 2350 120 75 den
2207 2347 396 94 uimodsaae-

938 2433 121 96 lige
1097 2433 533 99 Behagelighed,
1686 2460 166 57 naar
1899 2447 117 73 den
2049 2440 217 95 si)nger
2304 2464 108 58 om
2453 2442 155 83 Reli-

938 2530 150 94 gion
1120 2553 79 72 og
1232 2515 223 114 Dyd;
1514 2533 180 85 Den
1746 2539 190 90 eneste
1982 2538 258 82 Gellert
2302 2540 142 96 giør
2488 2549 145 77 med

937 2628 128 90 fine
1097 2623 302 83 Skrifter
1429 2632 288 92 uendelig
1745 2652 166 59 mere
1945 2650 152 76 got,
2173 2641 120 75 end
2331 2642 120 74 alle
2469 2641 168 70 vie.

941 2724 318 70 tionaires
1279 2723 603 97 pbilofophiques,
1919 2730 437 95 Philofophie
2373 2732 223 73 del’hi-

940 2814 250 89 itoire,
1246 2818 304 71 l'efenlés
1592 2821 84 69 de
1722 2844 166 49 mon
1948 2824 278 85 Onde,
2280 2827 320 74 Catechis-

940 2920 141 60 ines
1114 2911 83 70 de
1244 2913 387 73 l’honnétte
1658 2916 327 86 homme,
2042 2916 553 97 Abrégésdel’hi-

939 3006 208 70 ftoire
1173 3009 502 98 ecdefiaftique
1705 3032 76 75 og
1811 3019 118 72 alle
1953 3019 308 68 Recueils
2287 3019 116 69 des
2433 3022 182 67 Ven-ik-

938 3096 571 102 kesimportentes
1533 3092 373 110 nogensinde
1929 3110 83 78 vil
2035 3110 171 92 giøre
2223 3118 173 74 ondt.
2499 3111 135 94 Thi

932 3194 262 86 Gellert
1230 3197 116 95 har
1374 3203 156 76 altid
1552 3201 126 98 den
1725 3201 908 105 ufordærvedekmenneskelige

934 3288 242 97 Følelse
1225 3315 134 73 paa
1408 3298 93 89 sin
1546 3297 225 95 Side,
1855 3321 78 74 og
1979 3306 246 78 danner
2283 3311 74 75 de
2415 3315 216 75 endnu

935 3384 310 98 ustyldige
1277 3390 264 96 Hierter
1585 3396 66 80 til
1675 3396 223 97 Dyd,
1955 3402 167 75 uden
2151 3415 71 64 at
2265 3405 75 75 de
2395 3410 233 77 derved

930 3482 154 84 Abe
1114 3483 326 97 Smagen
1494 3487 104 96 for
1654 3494 104 80 det
1798 3491 340 84 Skionne.
2240 3495 386 99 Henriaden

2332 3594 197 81 bliver
