2951 4503
179 689 78 66 At
291 668 192 81 tænke
519 686 136 78 paa
693 672 184 74 eders
909 685 152 76 egen
1079 662 400 97 pøbelagtige
1499 656 340 96 Opførsel;
1885 665 124 72 ved

181 769 324 94 saadanne
555 764 396 96 Leyligheder
1013 759 320 94 indfalder
1373 758 174 84 Eder
1603 758 124 78 nok
1781 755 226 84 Eders

179 868 340 96 umistelige
557 862 368 100 Personers
967 867 100 74 vel
1085 867 196 73 svede
1317 856 396 97 Skriverie,
1761 877 80 74 og
1867 861 110 76 der-

179 967 124 96 hos
341 962 328 98 foragter,
725 964 178 96 hvad
943 959 404 84 eniRaadet
1391 964 144 74 med
1553 958 138 96 klog
1727 955 274 98 Hoved,

175 1067 129 92 dog
345 1060 131 82 kun
515 1068 151 76 med
705 1061 263 91 saadan
1001 1081 77 60 en
1115 1063 109 96 sier
1283 1056 261 90 Haand
1589 1058 119 94 har
1747 1043 253 110 strever,

168 1181 82 62 <re
286 1169 102 73 det
434 1162 120 96 har
588 1158 400 96 præsenteret
1034 1163 216 75 tvende
1276 1156 378 102 Prospecter
1694 1137 78 112 af
1788 1161 218 74 trends

174 1261 266 84 Gallier
478 1264 146 76 med
676 1262 130 94 sine
858 1255 176 96 fulde
1092 1257 272 98 Zirater.
1468 1256 152 84 Gid
1680 1273 72 62 at
1802 1275 72 74 ey
1929 1259 75 75 de

170 1363 264 98 stemme
468 1358 208 96 Ting,
760 1360 210 79 baade
990 1363 72 76 de
1098 1357 258 84 Gallier
1394 1374 80 78 og
1498 1362 74 74 de
1592 1354 408 95 Kragetæer,

168 1457 140 96 som
340 1458 70 100 I
454 1464 108 76 der
588 1456 250 98 ligesom
858 1475 56 62 et
940 1455 312 92 Advarsel
1288 1456 196 98 haver
1518 1452 154 98 seet,
1744 1475 256 74 engang

173 1579 150 58 men
386 1556 101 96 for
537 1562 180 94 sildig
789 1575 246 64 maatte
1096 1557 221 95 bringe
1396 1552 177 86 Eder
1627 1575 134 73 paa
1818 1553 187 82 bedre

169 1657 296 90 Tanker.

371 1756 70 98 I
459 1756 252 96 klager,
743 1753 956 100 attilPolitie-Controlleurer,
1728 1751 249 97 Inspec-

170 1871 146 65 teur
373 1878 78 74 og
503 1856 310 100 Fiscaler,
867 1855 70 92 ja
973 1853 378 98 Eomiffaire
1393 1876 76 72 og
1529 1852 316 95 Bttiem,
1921 1849 84 98 af

167 1955 495 97 Ministerium,
711 1971 167 64 wert
895 1957 175 76 imod
1099 1977 75 58 en
1197 1953 325 95 Kongelig
1549 1952 447 98 Forordning,

164 2077 70 58 er
276 2053 326 99 foreflaget
640 2074 80 76 og
784 2071 266 80 antaget
1108 2053 330 96 saadanne
1496 2050 336 95 Svenne,
1890 2057 110 74 der

164 2153 204 98 haver
412 2156 170 94 giort
624 2154 306 97 personlig
970 2151 442 98 Opvartning
1472 2150 132 94 som
1658 2149 316 99 Dom-zirl-

163 2270 181 75 qpe»r.
448 2250 162 88 Det
646 2274 64 58 er
744 2252 226 97 sandt;
1042 2275 146 58 men
1248 2248 188 98 heraf
1488 2254 202 94 flyder
1746 2251 126 78 ikke
1926 2267 74 64 at

156 2357 120 76 der
318 2374 64 60 er
426 2344 198 100 spillet
662 2354 196 82 Bold
900 2357 142 74 med
1084 2359 72 74 de
1216 2352 356 94 Kongelige
1628 2350 346 82 Anordnin-

156 2471 139 78 ger.
400 2448 169 88 Der
608 2454 89 78 vil
734 2451 123 79 nok
910 2451 165 80 blive
1128 2456 231 75 raadet
1418 2448 173 84 Bod
1652 2470 137 74 paa
1836 2455 169 74 dette

161 2557 190 89 med,
408 2552 171 96 srax
601 2570 126 60 var
775 2556 104 75 det
905 2553 364 94 umueligt,
1325 2570 146 58 men
1525 2548 150 118 steer
1717 2553 100 76 det
1851 2549 152 94 ikke,

157 2651 174 80 raab
367 2646 114 96 saa
527 2672 134 74 paa
729 2647 554 100 Uretfærdighed,
1341 2670 78 74 og
1457 2648 114 80 bed
1607 2646 154 97 saa,
1819 2667 72 64 at
1931 2653 74 76 de

159 2769 160 60 maa
357 2760 416 84 removeres,
829 2755 108 74 der
985 2749 164 98 have
1191 2748 240 96 Skyld
1473 2750 152 76 deri.

359 2846 180 90 Den
587 2849 440 101 Feyltagelse,
1085 2849 130 92 fom
1255 2848 192 96 ffeede
1493 2846 106 98 her
1651 2851 118 76 ved
1811 2845 162 99 Poli-

157 2946 527 100 tieeCammere·t,
742 2967 72 63 at
858 2955 102 76 det
978 2947 302 100 (Præses
1318 2952 378 94 undtagen)
1736 2965 126 60 var
1902 2951 70 76 be-

154 3045 102 94 sat
298 3056 142 74 med
486 3056 194 74 lutter
738 3051 184 79 dertil
978 3049 426 93 uberettigede
1444 3046 366 98 Personer,
1863 3044 111 93 saa-

144 3144 646 102 YsomsDomestiquer
312 3149 526 97 Domestiquer,
886 3147 232 84 Løbere
1136 3171 72 56 k.
1234 3201 24 41 ,
1290 3146 120 98 har
1426 3144 66 98 I
1528 3150 166 94 strax
1716 3145 288 100 mærket;

156 3269 150 60 men
328 3246 276 98 hvorfor
628 3250 118 98 har
766 3250 68 95 I
856 3271 72 72 ey
952 3249 238 80 kundet
1214 3246 266 96 mærke,
1536 3264 74 64 at
1652 3252 118 74 den
1806 3247 166 94 priis-

150 3352 289 96 værdige
474 3348 361 98 Kongelige
874 3349 421 100 Forordning
1340 3368 107 58 om
1484 3344 519 97 Domestiquers

149 3448 378 99 Udfluttelse
569 3448 108 94 fra
713 3448 316 99 offentlige
1053 3445 368 97 Embeder,
1479 3464 70 62 at
1585 3448 172 94 siden
1805 3451 70 74 de
1913 3451 66 74 al-

153 3553 132 74 lene
319 3549 164 95 have
524 3554 177 92 gjort
723 3556 192 75 deres
931 3549 258 98 Herrer
1209 3568 78 74 og
1323 3550 146 76 dem
1499 3544 164 98 felv,
1739 3567 148 58 men
1923 3567 74 76 cy

143 3645 274 86 Staten
435 3646 130 96 som
585 3650 324 98 bortgiver
927 3649 436 93 Betjeninger
1391 3643 584 100 allerrmgesteNyt-

149 3757 58 70 te
231 3755 142 75 eller
393 3748 318 96 Deneste,
765 3752 194 95 sigter
989 3751 188 80 ikkun
1201 3751 72 76 til
1289 3762 72 64 at
1389 3748 176 94 holde
1587 3748 142 94 flige
1749 3745 160 100 Folk
1929 3753 70 76 til

151 3849 167 88 3Lre
340 3872 80 78 og
443 3848 107 100 fra
571 3846 407 103 Nedrighed;
1023 3859 105 76 der
1150 3871 64 60 er
1248 3854 182 78 ellers
1455 3850 305 93 vitterllgt
1814 3867 70 56 ar
1923 3853 73 70 de

210 3995 20 48 >
1080 3955 124 92 '3
1762 3933 240 106 «
