2873 4484
8 2661 64 126 i
140 2700 51 87 i

1006 741 118 99 fra
1168 740 184 97 langt
1394 737 436 98 bortliggende
1870 738 286 86 Stræder
2236 741 162 92 have
2422 742 124 95 dog
2572 749 138 77 lært

1005 866 130 76 ved
1195 881 78 58 en
1323 860 112 78 vis
1512 856 341 97 Spiritus
1907 855 82 98 af
2034 860 195 82 Korn
2299 881 80 75 og
2440 862 267 99 Hveede

1003 977 281 97 gandffe
1335 978 195 93 rigtig
1587 991 71 64 at
1715 982 221 91 betage
1975 981 91 95 sig
2119 978 437 99 Forstanden,
2621 1006 79 76 og

1002 1107 108 69 «re
1148 1118 94 61 nu
1290 1097 158 94 halv
1508 1097 488 100 misfornøyede
2054 1110 140 77 med
2240 1103 459 103 Regieringen,

999 1203 146 97 som
1189 1219 460 98 allernaadigst
1691 1240 82 76 og
1821 1218 354 101 allerviisest
2217 1223 124 93 vil,
2379 1240 74 64 at
2481 1230 72 73 de
2577 1225 122 94 stal

997 1325 144 91 Hede
1180 1354 84 75 og
1307 1329 257 98 fortære
1625 1341 199 77 denne
1891 1333 189 88 Sæd
2121 1338 21 78 i
2185 1339 249 99 Brød,
2490 1361 78 76 og
2624 1356 74 66 at

1000 1459 87 79 de
1124 1456 153 96 stal,
1318 1476 167 62 naar
1530 1465 77 78 de
1650 1464 239 93 endelig
1930 1463 111 95 vil,
2088 1461 197 82 drikke
2330 1461 359 101 Fornuften

993 1569 164 85 bort
1199 1595 134 76 paa
1355 1575 506 102 Vest-Jndiens
1891 1581 330 99 Regning.
2323 1583 172 83 Men
2521 1583 166 98 hvad

992 1693 136 99 ftal
1162 1696 100 99 jeg
1312 1704 98 77 vel
1454 1702 126 94 sige
1620 1701 106 99 dig
1770 1722 106 61 om
1932 1709 102 76 det
2094 1702 132 94 som
2270 1703 164 103 Folk
2486 1707 202 83 kalder

986 1803 245 97 Stars
1274 1817 19 80 i
1338 1816 469 101 Kiøbenhavn.
1908 1819 159 89 Det
2105 1844 66 61 er
2213 1841 186 79 noget
2426 1832 105 86 saa
2551 1833 108 90 lep-

979 1929 241 111 erligt,"
1263 1955 73 62 ar
1377 1938 97 98 jeg
1519 1941 121 80 ikke
1679 1948 149 76 veed
1873 1945 337 96 hvorledes
2257 1943 97 99 jeg
2399 1948 121 96 stal
2563 1947 99 98 for-

980 2061 178 81 klare
1200 2061 108 96 dig
1350 2067 122 77 det.
1572 2061 114 86 En
1722 2064 186 86 Deel
1928 2063 360 98 Mandfolk
2311 2066 195 103 skiære
2532 2069 158 96 heele

985 2175 574 104 Hoved-Haaret,
1619 2177 78 99 af
1761 2178 100 98 for
1903 2183 162 96 igien
2121 2199 72 66 at
2251 2183 276 84 bedække
2589 2189 96 98 sig

979 2304 153 76 med
1219 2298 521 103 Dyre-Haar,
1818 2325 84 76 og
1961 2301 99 98 for
2117 2310 163 77 dette
2350 2313 336 95 naragtige

976 2415 235 99 Bytte
1286 2415 127 99 ofte
1480 2438 191 63 maae
1742 2422 179 97 miste
1998 2425 101 79 det
2136 2423 249 99 daglige
2444 2424 235 87 Brod.

979 2535 144 89 De
1179 2539 200 96 fieeste
1433 2542 140 79 lade
1635 2543 128 93 dog
1825 2536 102 101 for
1991 2550 424 78 nærværende
2459 2544 212 93 Bider

976 2661 88 77 De
1100 2657 320 97 naturlige
1462 2656 210 101 Haar
1708 2660 214 96 sidde,
1968 2681 146 63 men
2170 2667 74 78 de
2308 2666 176 96 giøre
2540 2673 104 76 der-

974 2780 153 78 med
1190 2772 111 95 saa
1358 2793 203 79 meget
1596 2775 579 100 Krims-Krams,
2214 2797 69 66 at
2328 2782 121 98 jeg,
2504 2791 163 78 uden

973 2911 79 67 at
1107 2896 169 96 piine
1313 2917 81 77 og
1439 2913 231 68 mattre
1727 2900 167 81 mim
1935 2899 237 98 Fingre
2231 2903 71 80 kil
2343 2902 317 99 Mathed,

970 3015 130 83 ikke
1138 3016 128 79 kan
1305 3016 190 96 skrive
1540 3025 100 76 det
1692 3020 110 82 alt.
1906 3017 184 85 Kort
2128 3020 136 99 sagt
2302 3027 76 77 de
2432 3023 218 97 fieeste,

965 3135 178 96 have
1185 3138 162 93 store
1389 3136 270 90 Taarne
1695 3142 22 78 i
1755 3138 292 102 Panden
2087 3160 78 79 og
2217 3139 172 102 Flag
2419 3146 18 76 i
2471 3142 164 85 Nak-

965 3255 155 97 ken,
1167 3252 171 103 Fedt
1379 3260 21 78 i
1445 3256 155 96 heele
1653 3255 305 103 Hovedet
2011 3280 81 76 og
2155 3258 181 84 Meel
2395 3269 259 77 overalt.

958 3373 441 101 Hunkiønnet
1452 3381 307 95 derimod,
1802 3380 133 92 som
1976 3381 121 83 ikke
2126 3387 87 78 vil
2238 3387 139 96 give
2404 3384 221 87 Mand-

955 3493 258 88 kionnet
1251 3518 192 80 noget
1483 3503 150 98 ester
1673 3505 20 81 i
1739 3502 398 106 Vittighed,
2169 3505 344 90 Ambition
2571 3533 76 75 og

2374 3628 274 99 Smag,
