2949 4559
1037 489 54 82 s

1037 703 74 62 er
1147 703 76 62 en
1267 681 622 98 Tragie-Comoedie
1933 699 70 66 at
2041 682 84 93 see
2187 689 180 78 deres
2423 683 306 96 selsomme

1029 821 96 76 Dg
1181 797 386 100 forffiællige
1619 797 264 98 Optog.
1985 797 222 100 Nogle
2269 803 198 94 bruge
2511 809 218 78 alleene

1031 929 212 78 Lenne
1281 921 188 96 Dag
1509 923 72 78 til
1621 937 70 64 at
1753 925 144 76 lade
1957 937 190 80 tappe
2203 921 256 86 Blodet
2513 923 80 94 af
2637 925 90 96 sig

1029 1051 156 78 eller
1229 1041 146 88 Sk.
1417 1061 294 76 purgere,
1757 1061 84 74 og
1877 1039 274 100 Aftenen
2187 1043 190 94 deraf
2409 1041 312 96 fordrives

1025 1175 104 78 da
1169 1173 146 76 med
1357 1163 316 98 Kortspil.
1775 1161 152 86 Om
1967 1183 158 62 man
2171 1163 276 90 saaledes
2485 1167 234 80 indvier

1023 1291 234 98 Dage
1303 1291 72 80 til
1419 1287 530 84 Guddommens
1969 1285 346 102 Dyrkelse,
2357 1295 210 76 derom
2593 1307 94 62 tor-

1027 1415 86 76 de
1143 1397 66 92 vi
1253 1405 112 92 saa
1405 1407 208 82 kaldte
1653 1411 266 74 dumme
1945 1405 472 88 Grønlændere
2437 1415 92 76 vel
2555 1413 126 78 tviv-

1025 1535 84 76 le.
1215 1525 176 82 Men
1435 1527 22 78 i
1501 1523 450 100 Kiøbenhavn
1995 1545 62 62 er
2095 1531 104 76 det
2243 1531 124 94 dog
2393 1527 318 98 brugeligt.

1023 1651 236 86 Andre
1283 1651 286 78 derimod
1595 1643 290 98 fordrive
1915 1653 194 76 denne
2123 1647 184 98 Dag
2335 1653 142 80 med
2491 1647 222 90 Søvn

1018 1792 90 75 og
1151 1771 154 98 halv
1335 1767 194 100 Faste
1565 1771 184 76 indtil
1787 1767 286 84 Klokken
2119 1791 74 70 4,
2263 1775 90 76 da
2411 1777 76 72 de
2547 1771 166 92 siden

1021 1891 442 96 fuldkommen
1509 1887 214 96 hellige
1761 1895 118 76 den
1921 1893 142 76 med
2101 1889 130 82 Øll
2273 1909 82 76 og
2387 1887 296 88 Brænde-

1019 2017 186 90 viin,
1251 2011 428 94 Slagsmaal
1723 2031 80 74 og
1849 2007 384 96 Bagtalelse
2275 2011 72 78 til
2399 2015 182 90 langt
2619 2017 90 74 ud

1011 2150 139 73 paa
1195 2127 278 82 Natten.
1593 2125 252 102 Iblant
1885 2125 142 100 disse
2067 2129 176 94 flags
2281 2127 164 100 Folk
2485 2147 64 60 er
2605 2133 104 76 det

1013 2261 132 74 den
1193 2255 220 90 største
1453 2251 282 96 Helgen,
1773 2249 134 94 som
1945 2269 136 78 paa
2125 2253 200 76 denne
2361 2251 98 94 sin
2501 2249 178 98 hellig-

1009 2381 172 96 heds
1223 2375 186 94 Dag
1455 2371 122 96 har
1617 2373 172 94 givet
1829 2375 96 90 sin
1967 2373 186 88 næste
2190 2389 81 76 og
2315 2371 158 96 beste
2533 2369 170 88 Ven

1007 2493 86 76 de
1131 2493 196 90 fleeste
1367 2489 254 98 Spark
1665 2513 82 74 og
1815 2489 164 102 Puf
2009 2491 20 80 i
2069 2489 190 94 Næse
2313 2511 82 74 og
2455 2491 248 88 Mund.

1009 2619 230 94 Nogle
1301 2619 238 88 andre,
1605 2619 236 76 drevne
1905 2609 80 98 af
2039 2633 74 58 en
2169 2613 262 96 gandffe
2495 2619 206 76 anden

1007 2735 522 98 Tænkemaade,
1568 2740 215 101 saaer-
1835 2739 24 76 i
1899 2741 196 78 denne
2151 2733 184 98 Dag
2393 2743 306 88 temmelig

999 2861 188 96 tidlig
1227 2881 122 74 op,
1403 2881 80 76 og
1529 2859 318 96 begynder
1905 2861 182 76 deres
2135 2849 564 102 Guds-Dyrkelse

997 2989 152 82 med
1195 2999 70 62 at
1305 2997 144 80 tage
1491 3001 142 58 teen
1675 2977 282 84 Skiorte
1995 2995 154 76 paa,
2207 2975 226 88 hvilket
2471 2979 74 78 de
2581 2995 84 58 an-

995 3097 164 100 seer,
1205 3099 130 96 som
1381 3107 120 72 den
1545 3099 396 96 væsentligste
2009 3093 186 88 Deel
2247 3093 78 94 af
2393 3101 100 74 det
2554 3096 155 91 3die

991 3225 214 84 Bud.
1313 3219 304 98 Derpaa
1679 3241 194 76 gaaer
1931 3225 72 76 de
2059 3221 20 76 i
2137 3235 232 80 noget,
2431 3215 128 96 som
2621 3223 72 74 de

985 3347 222 82 kalder
1267 3335 240 104 Kirke,
1593 3343 162 86 hvor
1813 3363 72 60 en
1967 3339 126 92 sort
2155 3337 230 86 Mand
2459 3343 246 74 raader

983 3467 150 82 dem
1177 3463 68 84 til
1285 3465 96 78 alt
1423 3467 104 80 det
1567 3461 134 102 som
1739 3467 72 80 de
1847 3463 128 100 just
2017 3459 122 86 ikke
2207 3459 120 102 har
2381 3463 18 78 i
2463 3459 232 88 Sinde

2615 3593 70 64 at
