2989 4632
791 540 447 120 =%€#<#*
1748 582 95 84 -5

167 758 133 91 som
343 757 261 96 klygtige
624 751 268 105 Politier
933 771 71 64 at
1050 754 286 100 forklare,
1376 757 286 106 forkaste,
1709 788 107 63 om-

164 856 173 93 stabe
382 878 79 75 og
506 851 289 100 fordreye
836 852 381 101 Meeninger
1258 859 275 94 saaledes
1576 866 129 94 som
1768 876 73 79 de

162 956 117 97 selv
322 957 171 98 finde
531 952 100 98 for
676 973 131 78 gor.

368 1123 291 97 Kongen
722 1127 121 94 har
890 1127 309 95 expressis
1244 1130 213 82 verbis
1518 1129 320 111 forbudet,

154 1241 71 62 at
282 1230 121 75 den
458 1223 137 94 fom
656 1224 141 92 har
855 1227 173 92 gjort
1084 1226 93 95 sin
1246 1227 209 101 Herre
1530 1239 309 105 personlig

153 1322 476 99 Opvartning,
679 1324 263 95 hverken
985 1343 153 62 nraa
1179 1328 341 98 foreflaaes
1558 1344 138 75 eller
1743 1344 67 79 be-

151 1422 259 95 fordres
453 1425 69 77 til
581 1417 279 102 offentlig
917 1420 327 105 Embede;
1315 1432 171 81 Men
1547 1433 111 95 see!
1731 1466 107 60 om

152 1542 159 61 man
382 1518 123 84 ikke
566 1524 167 94 desto
798 1525 245 82 mindre
1104 1527 119 98 har
1282 1537 205 75 tordet
1544 1555 159 64 vove
1765 1563 73 67 at

148 1640 239 77 antage
408 1623 75 78 til
1754 1666 81 76 og

149 1719 271 98 Fiscaler
487 1719 319 95 saadanne
865 1721 338 103 Svenne,
1291 1729 129 93 fom
1481 1737 67 78 til
1619 1740 216 99 største

143 1818 215 97 Deel,
401 1841 107 61 om
549 1820 117 80 ikke
709 1826 117 75 alle
869 1823 161 95 have
1071 1840 193 73 været
1303 1831 337 101 personlige
1680 1840 124 99 Op-

143 1915 867 104 vartnings-Domesiqver.

351 2083 147 103 Za,
575 2095 99 76 det
729 2109 63 61 er
853 2091 125 81 kun
1039 2094 137 84 kort
1237 2097 153 91 Did
1461 2102 217 105 siden,
1755 2128 75 68 ar

136 2206 159 65 man
364 2184 359 97 befordrede
781 2212 74 57 en
934 2190 379 103 Personage
1387 2203 68 78 til
1519 2202 278 95 Contoir-

137 2285 228 99 Chcf,s
414 2288 133 93 som
588 2283 99 96 for
728 2285 119 96 faa
886 2287 143 87 Aar
1078 2294 171 97 siden
1292 2299 247 84 lukkede
1582 2304 215 89 Karet-

137 2386 293 85 Dorren
468 2409 83 75 op
595 2381 221 102 forsin
861 2387 250 101 Herre,
1151 2397 128 92 flog
1323 2402 119 77 den
1489 2402 54 95 i,
1587 2402 236 106 sprang

137 2486 129 94 bag
293 2506 163 73 paa,
497 2507 79 74 og
605 2504 163 62 naar
791 2482 307 104 Carossen
1129 2495 211 89 holdte
1369 2499 169 96 stille,
1579 2502 241 103 sprang

136 2591 123 75 ned
303 2607 77 75 og
420 2585 247 82 lukkede
692 2582 259 100 Herren
988 2596 130 91 ud,
1158 2595 19 73 i
1213 2596 222 95 øvrigt
1470 2600 118 82 bar
1614 2604 206 87 Livree

136 2700 83 80 og
260 2685 219 97 gjorde
522 2686 97 94 sin
648 2682 213 103 Herre
896 2685 339 103 personlige
1258 2691 523 113 Opvartninger.

354 2845 197 105 Disse
604 2847 482 104 Befordringer
1145 2880 98 59 ere
1303 2858 307 108 offentlige
1668 2868 117 93 Be-

132 2947 387 97 viiserpaa,
350 2972 169 74 paa,
582 2949 335 100 hvorledes
976 2961 107 77 der
1142 2957 203 95 spilles
1412 2961 195 91 Bold
1666 2985 147 78 med

133 3058 75 75 de
249 3050 355 97 Kongelige
641 3046 494 106 Anordninger,
1196 3079 81 76 og
1323 3062 332 91 hvorledes
1696 3096 83 63 vo-

131 3171 65 58 re
247 3148 313 99 Forflags
579 3181 23 40 -
621 3147 303 104 Ministre
979 3175 81 77 og
1097 3155 341 103 Betieme,
1515 3190 167 65 naar
1737 3184 73 77 de

130 3250 162 99 først
350 3249 159 95 have
575 3257 242 77 vundet
890 3251 328 102 Kongens
1284 3259 522 118 Fortroelighed,

130 3366 105 66 tør
282 3367 79 78 og
396 3348 121 80 kan
568 3350 225 93 næsten
834 3353 179 96 gjøre
1052 3363 93 76 alt
1194 3360 177 91 hvad
1416 3371 141 79 dem
1602 3379 199 91 lyster.

1785 3445 16 18 .

345 3455 170 87 Men
561 3462 234 99 herpaa
838 3489 121 60 var
1002 3475 223 98 lettelig
1270 3496 69 64 at
1378 3489 197 81 raade
1600 3488 203 101 Bod,

121 3573 167 69 naar
327 3555 281 109 Kongen
665 3571 165 81 uden
885 3567 341 103 Skaansel
1279 3596 392 77 removerede
1722 3614 73 75 ey

1621 3693 147 82 Alee
