2987 4637
2625 254 11 30 '

450 615 175 88 Saa
658 621 195 95 længe
886 618 285 91 Verden
1204 623 117 94 har
1346 623 249 97 staaet,
1628 622 119 96 har
1764 622 143 100 Frie-

253 718 198 91 heden
477 725 216 75 endnu
727 718 126 80 ikke
887 736 198 62 været
1125 719 106 94 saa
1247 721 346 93 ubunden,
1647 720 134 92 som
1817 728 122 74 den

257 836 62 59 er
355 813 100 96 for
493 822 426 76 nærværende
953 816 184 99 Bd;
1177 815 142 96 Thi
1351 817 346 92 Fordelene
1713 816 76 96 af
1817 826 122 74 den

255 927 146 66 rette
451 911 570 97 Samvittigheds
1063 907 262 102 Friehed
1361 917 164 92 have
1555 922 214 76 endnu
1813 918 128 79 ikke

249 1014 181 91 steget
465 1011 67 78 til
567 1015 121 76 den
733 1012 223 82 Grad.
1063 1012 165 99 Lyset
1251 1013 545 96 igiennembryder
1841 1034 95 61 nu

248 1113 144 74 med
420 1105 256 86 Gevalt
716 1116 102 74 det
844 1108 252 83 Mørke
1136 1111 278 96 hvorudi
1454 1110 368 94 Uvidenhed
1856 1132 80 75 og

248 1202 450 101 Fanatismus
744 1208 118 94 har
888 1208 224 96 stræbt
1148 1225 70 64 at
1272 1211 178 90 holde
1498 1216 104 74 det
1664 1208 274 97 tilbage;

248 1304 346 97 Fordelene
624 1301 122 83 kan
780 1306 128 76 ikke
954 1324 166 62 mere
1166 1305 254 96 stiules,
1500 1312 74 82 de
1626 1306 162 78 blive
1844 1316 94 71 alt

244 1400 102 95 for
360 1397 412 101 Øjensynlige
800 1424 79 74 og
910 1408 184 74 deres
1132 1403 408 96 Virkninger
1586 1406 92 76 alt
1702 1402 100 96 for
1828 1424 80 59 ro-

245 1503 190 74 rende
449 1515 22 78 ;
488 1495 623 101 baadePhilosophie
1127 1499 510 96 ogSrarskunst
1654 1496 123 94 fole
1793 1506 146 76 dem

249 1595 226 94 tillige,
531 1613 78 76 og
633 1598 252 80 arbeide
927 1604 144 76 med
1115 1595 322 96 fdreenede
1475 1594 288 96 Kræfter
1744 1696 199 91 bliver

246 1790 323 99 besandig
613 1796 184 84 mere-,
921 1695 400 96 almindelig;
1373 1691 354 95 Slaveriet
1745 1696 194 79 bliver

247 1790 324 97 bestandig
613 1809 166 61 mere
823 1788 302 99 afffyelig.
1245 1789 314 100 Forsynet
1601 1794 208 96 havde
1857 1812 82 77 og

244 1901 204 80 meget
469 1881 295 100 hastigere
799 1888 233 80 kunder
1058 2007 63 58 er
1337 1895 159 74 dette
1453 2005 165 84 mere
1788 1910 156 59 men

248 1990 118 75 den
396 1981 150 84 Vei
574 1967 102 97 dét
708 1986 118 92 har
852 1990 184 92 valgt
1058 2008 64 59 er
1148 1985 284 94 uendelig
1411 2079 176 96 Lyset

344 2099 82 76 og
454 2081 238 94 sikrere,
790 2080 328 86 Derloed
1172 2091 198 74 allene
1420 2081 168 95 Lyser
1634 2080 158 102 først
1818 2104 86 73 op-

248 2199 158 74 gaae
436 2199 130 74 paa
596 2183 118 75 den
754 2178 224 98 Side,
1034 2182 162 94 hvor
1226 2187 102 76 der
1366 2177 158 101 først
1546 2180 206 84 kunde
1786 2182 120 95 bry-

250 2280 73 73 de
247 2368 240 97 Byrde
782 2278 21 76 i
860 2284 71 76 de
980 2276 253 95 Lande,
1306 2277 159 94 hvor
1508 2278 429 84 Overtroens

247 2368 242 99 Byrde
519 2393 78 74 og
637 2377 234 93 Pragt
905 2394 122 60 var
1251 2490 86 73 og
1285 2375 478 97 ufordragelig,
1803 2372 100 96 for-

247 2473 250 92 medelst
529 2477 182 72 deres
751 2470 450 96 Beliggenhed
1251 2493 80 72 og
1393 2472 212 94 øvrige
1620 2577 181 84 uden-;
1813 2470 26 12 *

245 2565 170 94 ning.
517 2565 148 90 Her
699 2566 140 80 blev
865 2568 136 84 deri
1031 2584 64 62 tv
1115 2567 326 94 hundrede
1459 2567 144 83 Aar
1621 2578 168 76 uden
1823 2590 84 60 no-

245 2682 119 73 gen
385 2661 283 96 merkelig
691 2662 337 98 Fortgang
1056 2777 71 61 at
1361 2661 133 92 som
1519 2680 57 64 et
1595 2662 341 98 Nordlys,

242 2756 176 83 Men
444 2765 102 76 der
570 2776 284 80 maatte,
908 2768 120 76 ved
1056 2779 72 60 ar
1146 2759 230 96 fordele
1406 2757 152 96 efter
1588 2760 356 102 Haanden

240 2860 118 75 den
392 2861 212 76 endnu
638 2858 212 96 øvrige
864 2856 274 99 Taage,
1170 2855 160 98 først
1364 2855 438 96 fuldkommen
1820 2882 82 73 op-

238 2950 166 81 klare
420 2955 94 92 sin
542 2973 148 76 egen
720 2952 362 101 Horizont;
1134 2955 132 84 De
1300 2955 322 100 Frugter,
1676 2958 132 92 som
1828 2962 108 79 det

236 3057 118 76 ved
384 3053 94 92 sin
736 3155 200 77 denne
930 3052 408 98 Indflydelse
1368 3053 204 96 ssulde
1594 3052 312 100 frembrin-

235 3167 70 76 ge
321 3199 24 44 ,
401 3145 316 96 behøvede
737 3156 200 78 denne
786 3248 236 93 bryder
1119 3155 68 76 til
1203 3169 70 62 at
1295 3151 164 80 blive
1487 3149 448 97 fuldkommen

235 3249 282 76 moedne.
619 3245 132 83 Nu
787 3248 236 94 bryder
1049 3252 104 79 det
1183 3245 162 84 frem
1383 3255 146 77 med
1569 3250 110 92 saa
1723 3267 210 81 meget

235 3348 114 77 des
379 3345 196 94 større
601 3343 254 101 Magr;
925 3350 150 76 dets
1029 3438 776 109 fraliggendexStcxderx«
1479 3348 316 80 udbreder
1831 3348 96 105 sig

233 3445 202 90 endog
467 3461 146 60 over
663 3447 84 79 de
783 3446 216 94 længst
1029 3440 390 99 fraliggende
1344 3542 349 104 velsignede
1843 3466 82 77 og

227 3533 145 100 disse
419 3537 277 100 begynde
730 3538 198 100 ogsaa
956 3560 72 64 at
1043 3536 123 106 fole
1188 3549 124 76 den
1344 3543 350 101 velsignede
1709 3542 185 86 Virk-

1654 3640 164 98 ning
