2948 4632
368 614 150 84 See
554 609 284 85 derimod
880 617 122 76 den
1036 611 220 101 Viise,
1312 614 130 94 som
1474 607 392 96 Religionen

172 719 120 91 har
326 718 254 76 dannet.
632 709 256 98 Haner
916 709 410 99 etMenneffe
1356 712 132 94 som
1506 709 124 90 hin.
1684 705 176 82 Ved

170 817 98 93 sin
288 810 298 94 Religion
626 829 62 56 er
708 807 134 96 han
872 813 316 77 udvortes
1206 812 122 80 ikke
1350 805 394 99 lykkeligere,
1782 825 82 74 og

176 913 172 93 hans
384 906 196 88 Tillid
612 905 68 80 til
724 921 58 62 er
826 903 250 98 Forsyn
1116 906 214 98 befrier
1372 908 154 96 ham
1544 901 124 82 ikke
1696 919 172 60 mere

176 1005 103 97 fra
298 1002 331 98 Tingenes
691 1005 342 92 ordentlige
1064 1004 127 82 Lob
1235 1028 76 74 og
1354 1008 75 76 de
1460 1003 255 80 dermed
1740 995 101 96 for-

181 1106 256 80 bundne
451 1101 596 94 Gienvordigheder
1069 1128 14 54 :
1133 1102 172 82 Men
1333 1102 172 92 hans
1527 1097 218 96 Troe,
1793 1109 74 66 at

179 1206 76 76 de
271 1204 202 92 styres
491 1196 76 96 af
597 1213 56 62 er
688 1199 138 95 viis
859 1219 78 74 og
967 1202 424 94 godgiorende
1421 1197 286 98 Forsyn,
1763 1197 108 76 der

183 1298 202 94 aldrig
421 1300 172 74 lader
615 1293 152 96 ham
811 1291 76 96 af
915 1293 254 99 Syne,
1241 1300 138 94 giør
1407 1304 140 74 dem
1585 1291 288 92 uendelig

183 1416 171 60 mere
385 1394 249 93 taalelig
667 1391 101 92 for
789 1391 197 98 ham;
1043 1416 79 74 og
1151 1396 129 94 han
1313 1410 165 64 troer
1501 1397 101 76 der
1629 1389 127 78 ikke
1781 1395 65 74 al-

188 1496 166 90 lene,
408 1490 130 94 han
554 1495 148 75 veed
726 1495 100 74 der
846 1489 76 94 af
938 1493 76 90 sit
1040 1493 124 93 hele
1182 1492 150 82 Livs
1350 1485 520 100 Begivenheder,

194 1592 162 90 hvor
396 1588 294 94 gavnlige
724 1593 72 74 de
826 1585 166 96 have
1022 1606 192 64 været
1234 1588 174 96 ham.
1510 1581 280 102 Følelsen
1810 1579 78 98 af

194 1694 120 72 den
352 1689 428 74 nærværende
798 1683 244 98 Byrde
1064 1682 322 98 aftvinger
1410 1696 158 80 ham
1600 1681 252 82 underti-

196 1786 118 76 den
352 1786 102 74 der
484 1779 270 96 Ønske,
806 1797 70 62 ar
908 1783 160 80 blive
1104 1780 214 96 befrier
1368 1777 210 92 derfra
1598 1797 80 74 og
1714 1777 166 80 blive

196 1878 395 96 lykkeligere;
645 1897 144 60 men
818 1879 107 88 saa
956 1879 175 92 snart
1180 1880 131 94 han
1333 1874 230 84 rænker
1595 1875 230 96 tilbage
1854 1873 25 80 i

197 1978 94 92 sin
307 1974 436 97 Erfarenhed,
801 1995 78 74 og
919 1977 316 95 betragter
1271 1980 104 76 det
1405 1987 200 82 meget
1639 1971 240 98 Gode,

199 2072 132 92 som
351 2074 124 92 han
507 2073 282 79 derimod
807 2073 248 95 virkelig
1071 2082 232 88 nyder,
1355 2070 135 93 faa’
1509 2089 196 60 vover
1747 2067 134 92 han

199 2170 124 78 ikke
353 2186 70 62 at
455 2166 266 97 forfølge
747 2171 76 92 sit
853 2171 240 96 Ønske.
1193 2170 132 96 Thi
1343 2172 130 88 han
1501 2167 116 90 har
1651 2171 232 78 derved

203 2290 81 72 og
309 2268 127 92 sine
459 2263 439 102 Fornøjelser;
947 2275 73 74 de
1037 2288 95 60 ere
1161 2266 277 96 maaffee
1455 2263 125 80 ikke
1595 2261 111 94 saa
1725 2265 157 98 rige,

200 2364 112 94 saa
344 2364 366 95 blindende,
761 2359 110 96 faa
914 2369 324 77 larmende
1264 2364 134 92 som
1436 2364 166 92 hins.
1706 2357 180 82 Men

204 2458 210 96 derfor
430 2466 194 86 nyder
646 2459 130 94 han
794 2467 146 72 dem
958 2485 76 72 og
1054 2468 142 74 med
1214 2458 294 100 Følelser,
1530 2461 108 76 der
1652 2461 238 76 aldeles

204 2556 128 82 ikke
368 2558 250 76 komme
636 2557 20 76 i
692 2555 150 92 hins
876 2557 244 96 Hierte.
1228 2558 90 96 thi
1344 2556 128 96 han
1510 2561 198 86 nyder
1740 2557 150 76 dem

208 2662 172 74 uden
418 2652 230 84 Bebre
674 2653 195 96 delse,
924 2663 166 74 uden
1142 2652 255 100 Frygt,
1450 2650 132 93 som
1608 2651 156 94 ham
1788 2651 74 80 til-

207 2750 224 82 tænkte
451 2752 220 84 Guds
698 2747 535 101 Velgjerninger,
1289 2750 202 94 hvilke
1539 2747 130 98 han
1685 2753 118 76 ved
1819 2763 76 64 at

209 2866 162 60 være
389 2850 90 92 sig
497 2846 116 90 selv
633 2847 274 100 bevidst,
957 2850 194 89 hvilke
1171 2850 130 92 han
1319 2844 220 103 ganske
1561 2859 106 64 tor
1699 2849 192 92 nyde,

179 2944 169 96 .·.-som
209 2944 130 94 som
365 2942 184 98 stedse
587 2964 64 59 er
685 2943 152 96 ham
857 2967 164 76 nye,
1057 2968 80 74 og
1161 2946 130 92 som
1319 2952 120 72 ved
1465 2944 184 79 deres
1679 2935 184 102 Uskyl-

211 3042 228 96 dighed
455 3040 180 98 stedse
653 3039 150 94 faae
831 3065 120 72 nye
983 3042 532 98 Behagelighed;
1567 3035 306 100 Fornøjel-

209 3138 87 96 ser
325 3146 117 74 ved
477 3140 197 94 hvilke
713 3139 131 94 han
863 3159 105 64 tør
987 3142 195 79 tænke
1211 3162 135 74 paa
1373 3138 219 93 Gud;
1645 3135 91 94 thi
1763 3137 135 94 han

214 3242 196 90 nyder
452 3242 142 76 dem
638 3245 144 74 med
830 3245 120 74 den
982 3234 502 98 Maadelighed,
1552 3235 132 88 som
1712 3231 158 86 Reli-

214 3334 226 96 gionen
468 3332 356 97 foreskriver
838 3337 172 92 ham.
1110 3332 258 88 Denne
1398 3329 498 99 Jndstrænkelse

216 3452 64 58 er
308 3430 218 96 ligesaa
552 3431 368 100 ubehagelig
940 3429 102 100 for
1070 3430 172 96 hans
1268 3427 320 96 naturlige
1618 3425 250 88 Tilbøje-

214 3528 299 102 ligheder,
562 3528 134 94 som
716 3535 119 78 den
864 3551 65 62 er
956 3537 125 80 den
1116 3528 485 97 Vantroende,
1656 3547 81 74 og
1764 3525 129 90 han

1677 3635 118 86 har

2539 1947 6 14 '
2588 1934 121 64 nei
2759 1941 14 43 !
2805 1934 14 63 1

2674 2567 4 6 ■
