2987 4637
1703 443 65 73 12

173 611 196 96 blive,
417 609 64 94 jo
499 611 232 96 større,
761 607 66 94 jo
853 625 168 62 mere
1053 607 390 82 deciderende
1475 603 196 84 bliver
1693 613 170 78 dens

175 709 224 84 Seier.
447 707 180 84 Den
647 705 470 96 mærkværdige
1135 701 424 98 Tidspunkt,
1589 709 88 76 da
1697 703 138 100 For-

173 807 170 96 synet
361 807 86 80 vil
481 807 216 94 bringe
711 807 94 94 sin
825 803 178 96 Sag
1025 803 66 80 til
1109 807 198 78 denne
1329 803 268 94 endelige
1621 797 246 104 Dom,

177 905 180 94 stues
389 923 94 60 nu
519 919 74 66 at
641 923 168 62 være
867 901 102 94 for
1001 897 358 100 Haanden.
1475 895 162 88 Der
1687 897 178 96 fulde

175 1003 124 92 Lys
327 1019 62 62 er
419 1005 152 88 der,
627 1005 118 76 den
777 1003 186 92 meest
977 995 490 98 uindskrænkede
1501 997 270 96 Friehed
1793 1017 76 62 er

175 1105 108 76 der
315 1117 116 78 og;
485 1093 366 102 Fornuften
887 1099 206 90 sidder
1135 1117 134 74 pas
1315 1097 96 94 sin
1459 1093 408 100 Domstoel;

175 1195 248 84 Allede
463 1191 352 100 Vaaben,
867 1193 134 92 som
1061 1191 278 98 Historie
1385 1211 78 76 og
1483 1191 224 80 Kritik
1731 1193 134 80 kan

175 1289 422 100 frembringe,
651 1313 96 58 ere
787 1289 250 98 tilrede;
1085 1289 178 84 Den
1297 1293 126 92 hele
1469 1285 284 88 Verden
1799 1309 68 62 er

177 1387 450 98 opmærksom;
679 1407 68 64 ro
779 1385 78 96 af
887 1393 74 74 de
985 1391 214 92 største
1233 1385 290 98 Geister,
1553 1383 132 94 som
1701 1391 168 78 dem

181 1485 442 94 Aarhundred
655 1487 198 96 haver
881 1483 400 96 frembragt,
1331 1487 176 92 giere
1537 1483 340 96 Anfaldet

181 1583 182 80 Men
383 1583 160 96 hvor
577 1587 120 76 den
729 1603 144 60 eene
905 1579 78 92 af
1003 1579 212 100 Frygt
1241 1565 100 112 for
1365 1597 72 64 at
1468 1581 237 95 tilsaae
1725 1581 114 84 Re-

199 1681 270 94 ligionen
505 1677 360 102 formeger,
927 1679 126 78 ikke
1107 1695 106 64 tør
1247 1697 216 76 vove,
1519 1697 70 62 ar
1613 1683 144 78 lade
1795 1685 82 78 de

183 1777 320 94 nærmeste
535 1775 410 96 Slutninger
973 1771 102 96 fra
1097 1773 396 98 Aarsagerne
1523 1777 192 94 gielde
1735 1799 138 72 paa

179 1871 532 98 Virkningerne,
767 1893 78 76 og
891 1873 160 96 hvor
1097 1877 120 74 den
1247 1879 210 76 anden
1485 1879 140 74 med
1659 1879 88 76 all
1775 1877 100 94 sin

183 1969 256 98 Geistes
473 1969 302 96 Styrke,
831 1977 140 74 med
989 1973 90 90 sin
1093 1963 408 104 fortryllende
1517 1969 356 100 Vittighed

183 2089 158 60 maa
377 2069 234 78 beriene
653 2071 90 92 sig
773 2063 76 100 af
885 2086 72 62 at
997 2067 306 96 igienrage
1345 2071 72 76 de
1447 2067 320 98 elendigste
1793 2089 82 76 og

181 2161 104 98 fra
315 2171 120 74 alle
475 2157 410 106 Fornuftens
921 2161 360 100 Domstole
1309 2160 364 100 saamange
1441 2185 232 76 mange
1707 2165 134 98 hun-

183 2267 186 76 drede
409 2261 246 96 Gange
691 2258 238 97 afviise
965 2261 358 98 Chikaner;
1377 2261 160 92 hvor
1553 2261 130 94 han
1711 2263 162 84 altid

177 2353 162 102 først
405 2381 156 58 maa
613 2359 336 96 øienjynlig
991 2355 266 94 fordreie
1315 2367 122 74 den
1483 2353 394 102 Sandhed,

183 2459 134 92 han
341 2457 86 80 vil
489 2455 302 98 angribe;
859 2477 80 74 og
969 2463 142 72 med
1163 2455 146 96 Flid
1369 2453 340 94 forblande
1755 2463 126 76 den

187 2559 146 76 med
387 2551 364 98 Overtroe,
833 2553 274 78 beraabe
1159 2555 90 94 sig
1321 2571 134 74 paa
1515 2551 366 82 Anekdoter

187 2647 78 94 af
289 2659 214 86 gamle
553 2643 550 104 Efterretninger,
1207 2647 132 92 som
1379 2647 186 96 ingen
1633 2643 256 88 kiender

185 2753 174 76 uden
389 2749 130 94 han
553 2741 154 100 selv,
765 2763 142 78 tage
951 2749 92 92 sin
1093 2743 284 98 Tilflugt
1407 2745 68 78 ril
1515 2741 182 102 falste
1725 2743 122 88 Be-

187 2843 210 98 viifer,
449 2839 280 100 forsalste
759 2847 74 76 de
891 2841 232 100 sande,
1179 2847 142 78 eller
1371 2849 244 76 meden
1661 2851 224 76 endnu

189 2941 366 96 utroeligere
609 2939 556 100 Dumdristighed
1211 2937 228 96 anføre
1489 2947 146 76 dem
1681 2957 172 66 tvert-

191 3039 174 82 imod
395 3045 72 76 de
503 3039 318 96 tydeligste
851 3037 424 98 Bogstaver,
1329 3057 42 62 a
1399 3039 194 92 priori
1625 3039 230 98 modsi-

193 3159 72 74 ge
307 3141 72 76 de
413 3137 424 96 troværdigste
883 3131 482 100 Skribemere,
1427 3151 146 80 rage
1615 3157 76 60 en
1733 3135 118 84 Ne-

193 3245 114 68 ros
343 3253 78 76 og
469 3229 414 88 Domitians
941 3229 242 102 Partie
1217 3231 180 82 imod
1449 3253 74 62 en
1555 3225 330 104 Tacitus,

195 3353 84 74 og
311 3339 140 76 med
485 3337 88 74 all
599 3331 94 96 sin
723 3329 398 98 Vittigheds
1151 3329 298 98 Rigdom
1487 3331 198 80 bliver
1707 3349 144 62 vem-

197 3429 184 94 melig
435 3433 118 74 ved
597 3429 280 96 ildeligen
921 3445 72 64 at
1035 3425 306 102 igientage
1381 3449 80 76 og
1503 3425 258 98 afstrive
1789 3429 92 96 sig

193 3521 168 104 selv,
407 3541 96 66 ret
527 3523 252 102 ligesom
819 3531 108 82 det
973 3535 200 76 allene
1193 3527 216 98 gieldre
1441 3547 152 80 om,
1623 3543 70 64 at
1715 3531 166 80 døve

971 3623 92 90 B
1601 3621 188 104 Folk,
