2921 4571
1202 815 50 46 "
1304 813 140 97 Jeg
1478 812 116 94 sier
1622 831 72 62 en
1724 810 326 94 barbarisk
2080 807 182 99 Flok,
2314 811 108 78 der
2452 824 64 62 er
2534 808 160 76 dum

996 944 51 51 "
1088 961 81 80 og
1208 948 369 96 overtroisk,
1635 963 58 62 et
1730 946 413 94 blodgierrigt
2178 965 81 74 og
2290 940 409 99 aagerkarlet

993 1078 50 47 "
1093 1079 184 96 Folk,
1333 1080 128 94 som
1493 1084 50 74 ei
1581 1100 254 77 engang
1869 1083 206 91 havde
2113 1098 74 58 en
2229 1073 402 90 Talemaade
2663 1070 22 78 i

983 1212 54 45 "
1081 1221 175 70 deres
1289 1235 153 57 raae
1475 1212 283 95 Sprog,
1807 1213 99 94 for
1937 1230 71 62 at
2039 1212 249 93 betegne
2317 1207 341 84 Landmaa-

984 1346 50 45 "
1084 1349 168 74 leriet
1294 1366 78 76 og
1416 1343 558 98 Stiernekigeriet.

1186 1481 52 44 "
1290 1479 183 95 Dog
1528 1480 121 90 har
1696 1477 141 94 disse
1882 1479 237 89 samme
2146 1472 163 95 Folk
2338 1481 71 70 de
2442 1475 237 92 samme

977 1610 58 49 "
1081 1611 416 93 Grundlove,
1553 1610 126 94 som
1729 1621 118 68 den
1889 1610 118 90 vise
2039 1608 328 89 Kaldæer,
2417 1617 108 67 der
2555 1604 120 92 har

973 1748 54 45 "
1081 1736 206 87 kjendt
1321 1746 440 80 Sticrnernes
1793 1741 272 93 Gange,
2119 1762 82 71 og
2235 1739 126 88 som
2393 1745 116 71 den
2531 1746 142 70 end«

972 1876 52 49 "
1076 1899 88 58 nu
1186 1878 332 97 klygrigere
1542 1876 336 97 Senesier,
1932 1876 130 90 som
2092 1874 118 92 har
2232 1871 186 96 brugt
2438 1871 234 81 Stier«

966 2014 54 46 "
1072 2023 228 68 nernes
1332 2010 376 94 Kundskab,
1764 2007 96 92 for
1892 2020 70 66 at
1992 2008 198 94 bygge
2220 2005 308 78 Kolonier
2548 2012 120 70 ved

963 2146 48 46 "
1061 2143 336 80 Kanrerne
1439 2144 76 90 af
1557 2142 516 95 Hcrmisverion,
2133 2138 176 94 !hvor
2353 2147 102 70 det
2505 2138 158 94 store

959 2278 54 46 "
1063 2279 172 94 Hav
1267 2283 268 73 blandes
1573 2285 138 68 med
1749 2273 472 93 Middelhavet.

1163 2415 51 40 "
1267 2411 141 79 Alle
1445 2412 141 94 disse
1619 2409 163 96 Folk
1817 2413 203 89 siger,
2094 2422 70 60 at
2201 2423 157 60 man
2389 2401 121 98 stal
2535 2422 123 60 ære

958 2544 48 48 "
1062 2547 92 88 sin
1198 2541 214 98 Fader
1440 2566 80 72 og
1552 2542 274 89 Moder,
1880 2556 70 62 at
1984 2535 668 98 Meeneederie,Bag,

950 2678 53 48 "
1054 2683 127 74 tale
1218 2697 79 74 og
1332 2676 215 82 Mord
1576 2696 63 53 er
1674 2673 319 92 ffandlos.

1143 2811 48 44 "
1247 2807 126 85 De
1421 2808 254 77 trækker
1717 2817 84 66 da
1853 2809 114 74 alle
2025 2810 72 74 de
2133 2804 236 92 samme
2403 2801 244 98 Følger

935 2946 52 50 "
1039 2943 79 96 af
1137 2951 181 72 deres
1349 2942 320 78 udviklede
1699 2936 333 99 Fornufts
2071 2940 244 89 samme
2363 2935 276 84 Grund.

1134 3075 128 86 De
1306 3075 202 77 kunde
1554 3081 96 71 vel
1674 3075 50 74 ei
1806 3070 234 94 tænke,
2112 3084 72 64 at
2252 3077 116 68 den
2404 3050 236 117 samme

920 3212 182 97 Bog
1138 3209 198 96 stulde
1374 3208 168 92 falde
1570 3206 16 76 i
1620 3209 168 74 mine
1826 3205 312 97 Hænder,
2198 3201 130 96 som
2366 3199 130 86 De
2546 3202 94 100 sy»

921 3358 122 72 nes
1069 3363 70 62 at
1173 3347 332 87 misbruge
1535 3340 68 80 til
1617 3337 240 84 Deres
1871 3336 408 96 Haandbog.

1127 3477 170 82 Men
1329 3474 172 94 hvad
1535 3474 96 90 jeg
1689 3471 124 94 har
1843 3468 228 94 anført
2107 3465 202 96 heraf,
2361 3489 62 58 er
2445 3465 184 97 langt

914 3616 110 102 fra
1060 3619 52 82 ri
1144 3611 198 102 forat
1386 3604 268 100 bestyrke
1704 3601 202 90 Dem
1962 3608 18 80 i
2018 3602 238 88 Deres
2292 3604 334 92 ugudelige

2328 3732 298 100 Satser,
