2862 4482
1783 411 98 76 37

407 587 284 84 Almuen
729 607 62 60 er
835 583 424 96 uformuende
1301 589 72 78 til
1413 599 74 70 ak
1503 587 374 100 undersøge,

197 691 306 94 hvorvidt
561 685 140 100 disse
752 686 415 95 Menneskers
1233 687 282 98 Indsigt
1571 707 80 76 og
1705 687 144 98 Frie-

203 793 118 92 hed
363 807 234 76 gaaer,
655 809 80 74 og
781 783 242 88 deri-dre
1063 805 62 60 er
1165 791 380 90 uviidende,
1585 803 178 64 enten
1803 793 78 72 de

191 891 176 92 giore
415 885 214 88 Gavn
675 891 140 74 eller
857 885 282 94 Skade,
1201 901 176 64 enten
1423 893 72 72 de
1539 885 164 96 have
1745 883 112 90 Til-

209 983 220 94 ladelse
467 987 70 80 til
581 993 200 74 denne
823 983 304 92 Udøvelse
1171 991 138 72 eller
1345 985 150 80 ikke:
1545 983 198 94 Nok,
1807 991 76 72 de

201 1085 164 78 blive
403 1083 164 98 syge,
613 1089 108 76 der
767 1085 118 92 ffal
929 1083 238 94 bruges
1207 1103 210 76 noget,
1461 1105 78 74 og
1587 1103 160 60 man
1785 1099 68 64 ta-

193 1205 110 72 ger
345 1189 86 74 da
469 1191 120 72 den
633 1185 340 90 nærmeste,
1013 1181 134 88 som
1189 1185 118 84 har
1337 1181 392 96 Dristighed
1755 1179 126 80 nok

193 1283 72 78 ril
305 1297 70 62 at
413 1297 280 78 paatage
737 1283 88 90 sig
869 1287 72 72 de
985 1277 252 98 Syges
1281 1279 400 96 Helbredelse
1707 1287 170 74 uden

187 1379 406 96 tilstrækkelig
649 1379 302 96 Indsigt.
1087 1377 186 84 Lever
1331 1385 120 74 den
1505 1377 258 96 Syge,,
1799 1399 84 80 og

189 1477 320 80 Naturen
563 1481 378 76 overvinder
993 1477 204 80 baade
1253 1475 482 98 Sygdommen
1793 1499 86 72 og

187 1581 72 74 de
301 1577 292 96 ffadelige
635 1577 432 94 Lægemidler,
1111 1575 132 92 som
1283 1577 124 76 kan
1457 1577 418 92 være-givne,

185 1673 112 92 faa
337 1675 172 92 roses
555 1697 78 74 og
677 1675 238 78 betales
959 1683 194 70 denne
1193 1675 390 92 forstandige
1619 1675 254 80 Mand:

181 1773 214 86 Døer
455 1781 118 72 den
631 1773 208 92 Syge
901 1773 76 94 af
1043 1771 478 92 Sygdommen
1579 1779 140 72 eller
1795 1791 80 58 en

181 1871 264 88 forkeert
485 1871 448 98 Lægemaade;
989 1869 108 90 saa
1141 1891 92 56 ere
1277 1875 126 88 dog
1445 1875 118 74 alle
1607 1871 272 94 muelige

179 1967 178 98 Ting
397 1975 198 90 giorce
633 1971 66 76 til
725 1967 352 94 Rædning.
1103 2009 126 12 -—
1259 1965 394 86 Saadanne
1675 1989 198 78 gaaer

179 2075 102 74 det
307 2071 92 92 til,
441 2091 80 72 og
559 2067 280 92 saaledes
869 2067 232 78 rænkes
1143 2069 108 74 der
1293 2067 20 78 i
1357 2067 304 82 Landene.
1735 2067 112 82 En-

179 2169 154 92 hver
387 2167 346 94 Retsindig
795 2167 120 92 har
967 2161 290 100 Aarsage
1333 2167 70 76 til
1465 2183 70 62 at
1591 2165 284 92 bejamre

175 2265 518 98 Indbyggernes
719 2263 346 94 Skiæbne,
1087 2259 436 100 fornemmelig
1553 2269 156 90 den,
1739 2263 136 92 som

175 2367 130 80 kan
349 2367 164 92 have
569 2365 160 92 havt
787 2361 282 98 Indsigt
1131 2361 122 78 nok
1293 2363 70 78 til
1425 2381 70 60 ar
1549 2362 227 100 kjende
1801 2367 74 76 de

173 2463 400 94 bedrøvelige
633 2461 294 94 Optoge,
987 2441 132 108 som
1174 2458 290 94 skee-Ved-
1343 2467 118 72 ved
1521 2467 74 74 de
1635 2467 236 74 aldeles

173 2561 296 94 forkeerre
519 2561 478 98 Lægemaader,
1055 2559 196 94 hvilke
1303 2561 186 92 ingen
1545 2559 122 80 kan
1709 2555 130 98 fore-

169 2663 150 96 stille
361 2663 118 94 sig,
515 2667 170 74 uden
729 2677 68 62 at
841 2661 164 94 have
1041 2667 192 72 været
1259 2655 312 94 Tilstuere
1611 2657 200 98 heraf.

385 2765 236 90 Uagrec
677 2765 118 74 alle
851 2759 450 92 Vundlæger,
1349 2755 134 92 som
1529 2765 232 72 oventil
1803 2777 66 60 er

169 2857 168 100 sagt,
385 2861 122 78 bor
549 2865 238 76 aldeles
829 2857 306 96 forbydes
1173 2873 70 62 at
1285 2863 218 74 udøve
1545 2857 296 96 Lægekun-

173 2963 168 90 sten,
407 2961 206 78 baade
675 2955 102 96 for
835 2965 120 72 den
1011 2957 248 84 Skade
1299 2963 102 72 det
1441 2955 424 96 Almindelige

161 3065 240 76 derved
441 3059 124 78 kan
615 3075 176 78 tage,
833 3055 132 94 som
1011 3077 80 72 og
1139 3053 356 96 formedelst
1539 3061 120 72 den
1701 3055 138 98 For-

173 3159 352 94 nærmelse,
571 3163 72 76 de
685 3163 200 74 andre
927 3155 286 94 virkelige
1257 3177 80 72 og
1379 3155 326 90 bejkikkede
1739 3155 94 82 Læ-

169 3277 108 74 ger
319 3259 148 90 sseer
509 3265 118 72 ved
673 3257 276 92 saadant
991 3255 334 96 Forhold;
1385 3251 108 94 saa
1535 3251 181 102 synes
1761 3259 102 76 det

169 3363 134 90 dog
341 3353 438 100 fordeelagtigr
827 3355 100 96 for
973 3353 306 98 Almuen,
1325 3369 70 64 at
1445 3359 140 78 dem
1625 3369 242 66 maatte
