<?xml version="1.0" encoding="utf-8"?>
<alto xmlns="http://www.loc.gov/standards/alto/ns-v3#" xmlns:xs="http://www.w3.org/2001/XMLSchema-instance" xmlns:xlink="http://www.w3.org/1999/xlink">
	<Description>
		<MeasurementUnit>pixel</MeasurementUnit>
		<sourceImageInformation>
			<fileName>130017168275_1_010_009_015.tif</fileName>
		</sourceImageInformation>
		<OCRProcessing ID="OCR1">
			<ocrProcessingStep>
				<processingDateTime>2018-09-13</processingDateTime>
				<processingAgency>Zissor AS</processingAgency>
				<processingStepSettings>Combined OCR</processingStepSettings>
				<processingSoftware>
					<softwareCreator>Zissor AS</softwareCreator>
					<softwareName>ContentOCR-11; ContentOCR-Tesseract</softwareName>
					<softwareVersion>2.0.2; 2.0.0</softwareVersion>
					<applicationDescription>OCR Component for Zissor Content System</applicationDescription>
				</processingSoftware>
			</ocrProcessingStep>
		</OCRProcessing>
	</Description>
	<Styles>
		<TextStyle ID="STYLE1" FONTFAMILY="Times New Roman" FONTSIZE="12" FONTSTYLE="bold"/>
		<TextStyle ID="STYLE2" FONTFAMILY="Times New Roman" FONTSIZE="14" FONTSTYLE=""/>
		<TextStyle ID="STYLE3" FONTFAMILY="Arial" FONTSIZE="13" FONTSTYLE=""/>
		<TextStyle ID="STYLE4" FONTFAMILY="Arial" FONTSIZE="12" FONTSTYLE=""/>
	</Styles>
	<Layout>
		<Page ID="PAGE411" HEIGHT="4487" WIDTH="2929" PHYSICAL_IMG_NR="411" PROCESSING="OCR1" PC="0.77">
			<TopMargin HEIGHT="458" WIDTH="2929" HPOS="0" VPOS="0"/>
			<LeftMargin HEIGHT="3150" WIDTH="138" HPOS="0" VPOS="458"/>
			<RightMargin HEIGHT="3150" WIDTH="1071" HPOS="1858" VPOS="458"/>
			<BottomMargin HEIGHT="877" WIDTH="2929" HPOS="0" VPOS="3610"/>
			<PrintSpace ID="PRINTSPACE1" HEIGHT="3150" WIDTH="1718" HPOS="139" VPOS="459">
				<ComposedBlock xs:type="ComposedBlockType" ID="ARTICLE109820" HEIGHT="3150" WIDTH="1718" HPOS="139" VPOS="459" xlink:type="simple">
					<TextBlock xs:type="TextBlockType" ID="ZONE1143059" HEIGHT="68" WIDTH="88" HPOS="1755" VPOS="459" xlink:type="simple">
						<TextLine ID="LINE1" HEIGHT="68" WIDTH="88" HPOS="1755" VPOS="459">
							<String ID="STRING1" STYLEREFS="STYLE1" HEIGHT="46" WIDTH="30" HPOS="1755" VPOS="463" CONTENT="r" WC="0.24" LANG="nob"/>
							<SP ID="SP1" WIDTH="14" HPOS="1785" VPOS="463"/>
							<String ID="STRING2" STYLEREFS="STYLE1" HEIGHT="68" WIDTH="44" HPOS="1799" VPOS="459" CONTENT="A" WC="1" LANG="nob"/>
						</TextLine>
					</TextBlock>
					<TextBlock xs:type="TextBlockType" ID="ZONE1143060" HEIGHT="792" WIDTH="1698" HPOS="159" VPOS="635" xlink:type="simple">
						<TextLine ID="LINE2" HEIGHT="98" WIDTH="1684" HPOS="161" VPOS="635">
							<String ID="STRING3" STYLEREFS="STYLE2" HEIGHT="76" WIDTH="98" HPOS="161" VPOS="643" CONTENT="vel" WC="0.78" LANG="nob"/>
							<SP ID="SP2" WIDTH="42" HPOS="259" VPOS="643"/>
							<String ID="STRING4" STYLEREFS="STYLE2" HEIGHT="78" WIDTH="124" HPOS="301" VPOS="639" CONTENT="ikke" WC="0.48" LANG="nob"/>
							<SP ID="SP3" WIDTH="48" HPOS="425" VPOS="639"/>
							<String ID="STRING5" STYLEREFS="STYLE2" HEIGHT="80" WIDTH="142" HPOS="473" VPOS="637" CONTENT="kom" WC="0.49" LANG="nob"/>
							<SP ID="SP4" WIDTH="40" HPOS="615" VPOS="637"/>
							<String ID="STRING6" STYLEREFS="STYLE2" HEIGHT="92" WIDTH="106" HPOS="655" VPOS="637" CONTENT="saa" WC="0.65" LANG="nob"/>
							<SP ID="SP5" WIDTH="46" HPOS="761" VPOS="637"/>
							<String ID="STRING7" STYLEREFS="STYLE2" HEIGHT="78" WIDTH="200" HPOS="807" VPOS="653" CONTENT="meget" WC="0.66" LANG="nob"/>
							<SP ID="SP6" WIDTH="42" HPOS="1007" VPOS="653"/>
							<String ID="STRING8" STYLEREFS="STYLE2" HEIGHT="90" WIDTH="182" HPOS="1049" VPOS="643" CONTENT="langt" WC="0.73" LANG="nob"/>
							<SP ID="SP7" WIDTH="20" HPOS="1231" VPOS="643"/>
							<String ID="STRING9" STYLEREFS="STYLE2" HEIGHT="96" WIDTH="104" HPOS="1251" VPOS="635" CONTENT="fra" WC="0.45" LANG="nob"/>
							<SP ID="SP8" WIDTH="26" HPOS="1355" VPOS="635"/>
							<String ID="STRING10" STYLEREFS="STYLE2" HEIGHT="98" WIDTH="464" HPOS="1381" VPOS="635" CONTENT="Kiobenhavn," WC="0.49" LANG="nob"/>
						</TextLine>
						<TextLine ID="LINE3" HEIGHT="106" WIDTH="1659" HPOS="160" VPOS="731">
							<String ID="STRING11" STYLEREFS="STYLE3" HEIGHT="106" WIDTH="111" HPOS="160" VPOS="731" CONTENT="faa" WC="0.78" LANG="dan"/>
							<SP ID="SP9" WIDTH="46" HPOS="271" VPOS="731"/>
							<String ID="STRING12" STYLEREFS="STYLE2" HEIGHT="82" WIDTH="206" HPOS="317" VPOS="739" CONTENT="kunde" WC="0.74" LANG="nob"/>
							<SP ID="SP10" WIDTH="40" HPOS="523" VPOS="739"/>
							<String ID="STRING13" STYLEREFS="STYLE2" HEIGHT="74" WIDTH="98" HPOS="563" VPOS="745" CONTENT="det" WC="0.6" LANG="nob"/>
							<SP ID="SP11" WIDTH="44" HPOS="661" VPOS="745"/>
							<String ID="STRING14" STYLEREFS="STYLE2" HEIGHT="88" WIDTH="184" HPOS="705" VPOS="741" CONTENT="heller" WC="0.75" LANG="nob"/>
							<SP ID="SP12" WIDTH="40" HPOS="889" VPOS="741"/>
							<String ID="STRING15" STYLEREFS="STYLE2" HEIGHT="80" WIDTH="122" HPOS="929" VPOS="737" CONTENT="ikke" WC="0.81" LANG="nob"/>
							<SP ID="SP13" WIDTH="42" HPOS="1051" VPOS="737"/>
							<String ID="STRING16" STYLEREFS="STYLE2" HEIGHT="78" WIDTH="160" HPOS="1093" VPOS="737" CONTENT="blive" WC="0.6" LANG="nob"/>
							<SP ID="SP14" WIDTH="42" HPOS="1253" VPOS="737"/>
							<String ID="STRING17" STYLEREFS="STYLE2" HEIGHT="78" WIDTH="68" HPOS="1295" VPOS="737" CONTENT="ril" WC="0.73" LANG="dan"/>
							<SP ID="SP15" WIDTH="44" HPOS="1363" VPOS="737"/>
							<String ID="STRING18" STYLEREFS="STYLE2" HEIGHT="96" WIDTH="108" HPOS="1407" VPOS="731" CONTENT="saa" WC="0.5" LANG="nob"/>
							<SP ID="SP16" WIDTH="30" HPOS="1515" VPOS="731"/>
							<String ID="STRING19" STYLEREFS="STYLE2" HEIGHT="92" WIDTH="126" HPOS="1545" VPOS="739" CONTENT="ftor" WC="0.59" LANG="dan"/>
							<SP ID="SP17" WIDTH="32" HPOS="1671" VPOS="739"/>
							<String ID="STRING20" STYLEREFS="STYLE2" HEIGHT="84" WIDTH="116" HPOS="1703" VPOS="735" CONTENT="Be" SUBS_TYPE="HypPart1" SUBS_CONTENT="Bekostning" WC="0.8" LANG="nob"/>
							<HYP CONTENT="-"/>
						</TextLine>
						<TextLine ID="LINE4" HEIGHT="100" WIDTH="1690" HPOS="159" VPOS="833">
							<String ID="STRING21" STYLEREFS="STYLE2" HEIGHT="100" WIDTH="290" HPOS="159" VPOS="833" CONTENT="kostning" SUBS_TYPE="HypPart2" SUBS_CONTENT="Bekostning" WC="0.65" LANG="nob"/>
							<SP ID="SP18" WIDTH="68" HPOS="449" VPOS="833"/>
							<String ID="STRING22" STYLEREFS="STYLE2" HEIGHT="98" WIDTH="102" HPOS="517" VPOS="833" CONTENT="for" WC="0.59" LANG="nob"/>
							<SP ID="SP19" WIDTH="58" HPOS="619" VPOS="833"/>
							<String ID="STRING23" STYLEREFS="STYLE2" HEIGHT="72" WIDTH="72" HPOS="677" VPOS="845" CONTENT="de" WC="0.64" LANG="nob"/>
							<SP ID="SP20" WIDTH="62" HPOS="749" VPOS="845"/>
							<String ID="STRING24" STYLEREFS="STYLE2" HEIGHT="92" WIDTH="470" HPOS="811" VPOS="835" CONTENT="Studerende," WC="0.71" LANG="nob"/>
							<SP ID="SP21" WIDTH="62" HPOS="1281" VPOS="835"/>
							<String ID="STRING25" STYLEREFS="STYLE2" HEIGHT="60" WIDTH="106" HPOS="1343" VPOS="853" CONTENT="om" WC="0.54" LANG="nob"/>
							<SP ID="SP22" WIDTH="62" HPOS="1449" VPOS="853"/>
							<String ID="STRING26" STYLEREFS="STYLE2" HEIGHT="70" WIDTH="72" HPOS="1511" VPOS="845" CONTENT="de" WC="1" LANG="nob"/>
							<SP ID="SP23" WIDTH="54" HPOS="1583" VPOS="845"/>
							<String ID="STRING27" STYLEREFS="STYLE2" HEIGHT="96" WIDTH="102" HPOS="1637" VPOS="833" CONTENT="for" WC="0.55" LANG="nob"/>
							<SP ID="SP24" WIDTH="40" HPOS="1739" VPOS="833"/>
							<String ID="STRING28" STYLEREFS="STYLE2" HEIGHT="62" WIDTH="70" HPOS="1779" VPOS="857" CONTENT="at" WC="0.74" LANG="nob"/>
						</TextLine>
						<TextLine ID="LINE5" HEIGHT="96" WIDTH="1690" HPOS="163" VPOS="935">
							<String ID="STRING29" STYLEREFS="STYLE2" HEIGHT="70" WIDTH="142" HPOS="163" VPOS="945" CONTENT="lære" WC="0.86" LANG="dan"/>
							<SP ID="SP25" WIDTH="62" HPOS="305" VPOS="945"/>
							<String ID="STRING30" STYLEREFS="STYLE2" HEIGHT="96" WIDTH="142" HPOS="367" VPOS="935" CONTENT="disse" WC="0.7" LANG="dan"/>
							<SP ID="SP26" WIDTH="58" HPOS="509" VPOS="935"/>
							<String ID="STRING31" STYLEREFS="STYLE2" HEIGHT="96" WIDTH="492" HPOS="567" VPOS="935" CONTENT="Videnskaber," WC="0.62" LANG="dan"/>
							<SP ID="SP27" WIDTH="70" HPOS="1059" VPOS="935"/>
							<String ID="STRING32" STYLEREFS="STYLE2" HEIGHT="96" WIDTH="294" HPOS="1129" VPOS="935" CONTENT="opholdte" WC="0.62" LANG="dan"/>
							<SP ID="SP28" WIDTH="62" HPOS="1423" VPOS="935"/>
							<String ID="STRING33" STYLEREFS="STYLE2" HEIGHT="94" WIDTH="90" HPOS="1485" VPOS="937" CONTENT="sig" WC="0.71" LANG="nob"/>
							<SP ID="SP29" WIDTH="66" HPOS="1575" VPOS="937"/>
							<String ID="STRING34" STYLEREFS="STYLE2" HEIGHT="92" WIDTH="106" HPOS="1641" VPOS="937" CONTENT="her" WC="0.71" LANG="deu"/>
							<SP ID="SP30" WIDTH="50" HPOS="1747" VPOS="937"/>
							<String ID="STRING35" STYLEREFS="STYLE2" HEIGHT="60" WIDTH="56" HPOS="1797" VPOS="959" CONTENT="er" WC="0.63" LANG="deu"/>
						</TextLine>
						<TextLine ID="LINE6" HEIGHT="100" WIDTH="1684" HPOS="165" VPOS="1033">
							<String ID="STRING36" STYLEREFS="STYLE2" HEIGHT="92" WIDTH="184" HPOS="165" VPOS="1037" CONTENT="halvt" WC="0.74" LANG="dan"/>
							<SP ID="SP31" WIDTH="60" HPOS="349" VPOS="1037"/>
							<String ID="STRING37" STYLEREFS="STYLE2" HEIGHT="74" WIDTH="138" HPOS="409" VPOS="1043" CONTENT="eller" WC="0.92" LANG="dan"/>
							<SP ID="SP32" WIDTH="74" HPOS="547" VPOS="1043"/>
							<String ID="STRING38" STYLEREFS="STYLE2" HEIGHT="94" WIDTH="154" HPOS="621" VPOS="1039" CONTENT="heelt" WC="0.79" LANG="deu"/>
							<SP ID="SP33" WIDTH="58" HPOS="775" VPOS="1039"/>
							<String ID="STRING39" STYLEREFS="STYLE2" HEIGHT="92" WIDTH="182" HPOS="833" VPOS="1033" CONTENT="Aar," WC="0.65" LANG="deu"/>
							<SP ID="SP34" WIDTH="60" HPOS="1015" VPOS="1033"/>
							<String ID="STRING40" STYLEREFS="STYLE2" HEIGHT="92" WIDTH="146" HPOS="1075" VPOS="1035" CONTENT="efter" WC="0.91" LANG="dan"/>
							<SP ID="SP35" WIDTH="56" HPOS="1221" VPOS="1035"/>
							<String ID="STRING41" STYLEREFS="STYLE2" HEIGHT="58" WIDTH="70" HPOS="1277" VPOS="1055" CONTENT="ar" WC="0.62" LANG="dan"/>
							<SP ID="SP36" WIDTH="58" HPOS="1347" VPOS="1055"/>
							<String ID="STRING42" STYLEREFS="STYLE2" HEIGHT="72" WIDTH="70" HPOS="1405" VPOS="1041" CONTENT="de" WC="0.89" LANG="deu"/>
							<SP ID="SP37" WIDTH="46" HPOS="1475" VPOS="1041"/>
							<String ID="STRING43" STYLEREFS="STYLE2" HEIGHT="94" WIDTH="328" HPOS="1521" VPOS="1035" CONTENT="beskuende" WC="0.69" LANG="dan"/>
						</TextLine>
						<TextLine ID="LINE7" HEIGHT="104" WIDTH="1666" HPOS="161" VPOS="1131">
							<String ID="STRING44" STYLEREFS="STYLE2" HEIGHT="88" WIDTH="218" HPOS="161" VPOS="1133" CONTENT="Deele" WC="0.92" LANG="deu"/>
							<SP ID="SP38" WIDTH="58" HPOS="379" VPOS="1133"/>
							<String ID="STRING45" STYLEREFS="STYLE2" HEIGHT="60" WIDTH="156" HPOS="437" VPOS="1155" CONTENT="vare" WC="0.73" LANG="dan"/>
							<SP ID="SP39" WIDTH="60" HPOS="593" VPOS="1155"/>
							<String ID="STRING46" STYLEREFS="STYLE2" HEIGHT="88" WIDTH="204" HPOS="653" VPOS="1141" CONTENT="lærte," WC="0.8" LANG="dan"/>
							<SP ID="SP40" WIDTH="58" HPOS="857" VPOS="1141"/>
							<String ID="STRING47" STYLEREFS="STYLE2" HEIGHT="96" WIDTH="100" HPOS="915" VPOS="1131" CONTENT="for" WC="0.6" LANG="dan"/>
							<SP ID="SP41" WIDTH="42" HPOS="1015" VPOS="1131"/>
							<String ID="STRING48" STYLEREFS="STYLE2" HEIGHT="72" WIDTH="120" HPOS="1057" VPOS="1139" CONTENT="ved" WC="0.79" LANG="dan"/>
							<SP ID="SP42" WIDTH="36" HPOS="1177" VPOS="1139"/>
							<String ID="STRING49" STYLEREFS="STYLE2" HEIGHT="74" WIDTH="100" HPOS="1213" VPOS="1139" CONTENT="det" WC="0.52" LANG="dan"/>
							<SP ID="SP43" WIDTH="46" HPOS="1313" VPOS="1139"/>
							<String ID="STRING50" STYLEREFS="STYLE2" HEIGHT="92" WIDTH="236" HPOS="1359" VPOS="1137" CONTENT="nyttige" WC="0.72" LANG="dan"/>
							<SP ID="SP44" WIDTH="40" HPOS="1595" VPOS="1137"/>
							<String ID="STRING51" STYLEREFS="STYLE2" HEIGHT="100" WIDTH="192" HPOS="1635" VPOS="1135" CONTENT="Fride" SUBS_TYPE="HypPart1" SUBS_CONTENT="Friderichs" WC="0.55" LANG="nob"/>
							<HYP CONTENT="-"/>
						</TextLine>
						<TextLine ID="LINE8" HEIGHT="102" WIDTH="1664" HPOS="161" VPOS="1229">
							<String ID="STRING52" STYLEREFS="STYLE2" HEIGHT="98" WIDTH="172" HPOS="161" VPOS="1229" CONTENT="richs" SUBS_TYPE="HypPart2" SUBS_CONTENT="Friderichs" WC="0.59" LANG="dan"/>
							<SP ID="SP45" WIDTH="46" HPOS="333" VPOS="1229"/>
							<String ID="STRING53" STYLEREFS="STYLE2" HEIGHT="98" WIDTH="312" HPOS="379" VPOS="1233" CONTENT="Hospital" WC="0.63" LANG="dan"/>
							<SP ID="SP46" WIDTH="40" HPOS="691" VPOS="1233"/>
							<String ID="STRING54" STYLEREFS="STYLE2" HEIGHT="64" WIDTH="70" HPOS="731" VPOS="1249" CONTENT="at" WC="0.56" LANG="dan"/>
							<SP ID="SP47" WIDTH="38" HPOS="801" VPOS="1249"/>
							<String ID="STRING55" STYLEREFS="STYLE2" HEIGHT="100" WIDTH="190" HPOS="839" VPOS="1231" CONTENT="lægge" WC="0.83" LANG="dan"/>
							<SP ID="SP48" WIDTH="44" HPOS="1029" VPOS="1231"/>
							<String ID="STRING56" STYLEREFS="STYLE2" HEIGHT="94" WIDTH="92" HPOS="1073" VPOS="1235" CONTENT="sig" WC="0.73" LANG="dan"/>
							<SP ID="SP49" WIDTH="54" HPOS="1165" VPOS="1235"/>
							<String ID="STRING57" STYLEREFS="STYLE2" HEIGHT="94" WIDTH="150" HPOS="1219" VPOS="1229" CONTENT="efter" WC="0.78" LANG="dan"/>
							<SP ID="SP50" WIDTH="40" HPOS="1369" VPOS="1229"/>
							<String ID="STRING58" STYLEREFS="STYLE2" HEIGHT="74" WIDTH="118" HPOS="1409" VPOS="1239" CONTENT="den" WC="0.85" LANG="dan"/>
							<SP ID="SP51" WIDTH="40" HPOS="1527" VPOS="1239"/>
							<String ID="STRING59" STYLEREFS="STYLE2" HEIGHT="74" WIDTH="258" HPOS="1567" VPOS="1241" CONTENT="udøven" SUBS_TYPE="HypPart1" SUBS_CONTENT="udøvende" WC="0.65" LANG="dan"/>
							<HYP CONTENT="-"/>
						</TextLine>
						<TextLine ID="LINE9" HEIGHT="100" WIDTH="1638" HPOS="161" VPOS="1327">
							<String ID="STRING60" STYLEREFS="STYLE2" HEIGHT="76" WIDTH="76" HPOS="161" VPOS="1339" CONTENT="de" SUBS_TYPE="HypPart2" SUBS_CONTENT="udøvende" WC="0.63" LANG="dan"/>
							<SP ID="SP52" WIDTH="36" HPOS="237" VPOS="1339"/>
							<String ID="STRING61" STYLEREFS="STYLE2" HEIGHT="88" WIDTH="188" HPOS="273" VPOS="1329" CONTENT="Deel" WC="0.82" LANG="dan"/>
							<SP ID="SP53" WIDTH="40" HPOS="461" VPOS="1329"/>
							<String ID="STRING62" STYLEREFS="STYLE2" HEIGHT="92" WIDTH="80" HPOS="501" VPOS="1331" CONTENT="af" WC="0.71" LANG="dan"/>
							<SP ID="SP54" WIDTH="40" HPOS="581" VPOS="1331"/>
							<String ID="STRING63" STYLEREFS="STYLE2" HEIGHT="100" WIDTH="164" HPOS="621" VPOS="1327" CONTENT="disse," WC="0.69" LANG="dan"/>
							<SP ID="SP55" WIDTH="42" HPOS="785" VPOS="1327"/>
							<String ID="STRING64" STYLEREFS="STYLE2" HEIGHT="94" WIDTH="132" HPOS="827" VPOS="1329" CONTENT="som" WC="0.69" LANG="dan"/>
							<SP ID="SP56" WIDTH="44" HPOS="959" VPOS="1329"/>
							<String ID="STRING65" STYLEREFS="STYLE2" HEIGHT="74" WIDTH="72" HPOS="1003" VPOS="1337" CONTENT="de" WC="0.64" LANG="dan"/>
							<SP ID="SP57" WIDTH="40" HPOS="1075" VPOS="1337"/>
							<String ID="STRING66" STYLEREFS="STYLE2" HEIGHT="92" WIDTH="178" HPOS="1115" VPOS="1333" CONTENT="sidste" WC="0.84" LANG="dan"/>
							<SP ID="SP58" WIDTH="38" HPOS="1293" VPOS="1333"/>
							<String ID="STRING67" STYLEREFS="STYLE2" HEIGHT="96" WIDTH="468" HPOS="1331" VPOS="1331" CONTENT="Videnskaber." WC="0.62" LANG="dan"/>
						</TextLine>
					</TextBlock>
					<TextBlock xs:type="TextBlockType" ID="ZONE1143061" HEIGHT="2180" WIDTH="1714" HPOS="139" VPOS="1429" xlink:type="simple">
						<TextLine ID="LINE10" HEIGHT="96" WIDTH="1478" HPOS="373" VPOS="1429">
							<String ID="STRING68" STYLEREFS="STYLE2" HEIGHT="84" WIDTH="160" HPOS="373" VPOS="1431" CONTENT="Det" WC="0.6" LANG="dan"/>
							<SP ID="SP59" WIDTH="64" HPOS="533" VPOS="1431"/>
							<String ID="STRING69" STYLEREFS="STYLE2" HEIGHT="94" WIDTH="360" HPOS="597" VPOS="1431" CONTENT="chirurgisse" WC="0.6" LANG="dan"/>
							<SP ID="SP60" WIDTH="66" HPOS="957" VPOS="1431"/>
							<String ID="STRING70" STYLEREFS="STYLE2" HEIGHT="84" WIDTH="628" HPOS="1023" VPOS="1429" CONTENT="Anaromiekammer" WC="0.61" LANG="dan"/>
							<SP ID="SP61" WIDTH="62" HPOS="1651" VPOS="1429"/>
							<String ID="STRING71" STYLEREFS="STYLE2" HEIGHT="78" WIDTH="138" HPOS="1713" VPOS="1437" CONTENT="blev" WC="0.76" LANG="dan"/>
						</TextLine>
						<TextLine ID="LINE11" HEIGHT="98" WIDTH="1666" HPOS="157" VPOS="1527">
							<String ID="STRING72" STYLEREFS="STYLE2" HEIGHT="78" WIDTH="284" HPOS="157" VPOS="1531" CONTENT="alletider" WC="0.86" LANG="dan"/>
							<SP ID="SP62" WIDTH="38" HPOS="441" VPOS="1531"/>
							<String ID="STRING73" STYLEREFS="STYLE2" HEIGHT="58" WIDTH="74" HPOS="479" VPOS="1551" CONTENT="en" WC="1" LANG="dan"/>
							<SP ID="SP63" WIDTH="44" HPOS="553" VPOS="1551"/>
							<String ID="STRING74" STYLEREFS="STYLE2" HEIGHT="88" WIDTH="206" HPOS="597" VPOS="1535" CONTENT="nyttig" WC="0.72" LANG="dan"/>
							<SP ID="SP64" WIDTH="22" HPOS="803" VPOS="1535"/>
							<String ID="STRING75" STYLEREFS="STYLE2" HEIGHT="96" WIDTH="404" HPOS="825" VPOS="1529" CONTENT="Indretning" WC="0.76" LANG="dan"/>
							<SP ID="SP65" WIDTH="44" HPOS="1229" VPOS="1529"/>
							<String ID="STRING76" STYLEREFS="STYLE2" HEIGHT="96" WIDTH="102" HPOS="1273" VPOS="1527" CONTENT="for" WC="0.64" LANG="dan"/>
							<SP ID="SP66" WIDTH="46" HPOS="1375" VPOS="1527"/>
							<String ID="STRING77" STYLEREFS="STYLE2" HEIGHT="72" WIDTH="100" HPOS="1421" VPOS="1537" CONTENT="det" WC="0.65" LANG="dan"/>
							<SP ID="SP67" WIDTH="28" HPOS="1521" VPOS="1537"/>
							<String ID="STRING78" STYLEREFS="STYLE2" HEIGHT="68" WIDTH="116" HPOS="1549" VPOS="1553" CONTENT="nye" WC="0.93" LANG="dan"/>
							<SP ID="SP68" WIDTH="22" HPOS="1665" VPOS="1553"/>
							<String ID="STRING79" STYLEREFS="STYLE2" HEIGHT="82" WIDTH="136" HPOS="1687" VPOS="1531" CONTENT="Aca" SUBS_TYPE="HypPart1" SUBS_CONTENT="Académie," WC="0.43" LANG="dan"/>
							<HYP CONTENT="-"/>
						</TextLine>
						<TextLine ID="LINE12" HEIGHT="98" WIDTH="1694" HPOS="157" VPOS="1627">
							<String ID="STRING80" STYLEREFS="STYLE2" HEIGHT="86" WIDTH="232" HPOS="157" VPOS="1635" CONTENT="démie," SUBS_TYPE="HypPart2" SUBS_CONTENT="Académie," WC="0.72" LANG="dan"/>
							<SP ID="SP69" WIDTH="84" HPOS="389" VPOS="1635"/>
							<String ID="STRING81" STYLEREFS="STYLE2" HEIGHT="60" WIDTH="166" HPOS="473" VPOS="1649" CONTENT="naar" WC="0.73" LANG="dan"/>
							<SP ID="SP70" WIDTH="44" HPOS="639" VPOS="1649"/>
							<String ID="STRING82" STYLEREFS="STYLE2" HEIGHT="72" WIDTH="98" HPOS="683" VPOS="1637" CONTENT="det" WC="0.62" LANG="dan"/>
							<SP ID="SP71" WIDTH="40" HPOS="781" VPOS="1637"/>
							<String ID="STRING83" STYLEREFS="STYLE2" HEIGHT="74" WIDTH="202" HPOS="821" VPOS="1633" CONTENT="kunde" WC="0.87" LANG="dan"/>
							<SP ID="SP72" WIDTH="40" HPOS="1023" VPOS="1633"/>
							<String ID="STRING84" STYLEREFS="STYLE2" HEIGHT="94" WIDTH="338" HPOS="1063" VPOS="1627" CONTENT="beholdes;" WC="0.71" LANG="dan"/>
							<SP ID="SP73" WIDTH="78" HPOS="1401" VPOS="1627"/>
							<String ID="STRING85" STYLEREFS="STYLE2" HEIGHT="60" WIDTH="142" HPOS="1479" VPOS="1649" CONTENT="men" WC="0.99" LANG="dan"/>
							<SP ID="SP74" WIDTH="44" HPOS="1621" VPOS="1649"/>
							<String ID="STRING86" STYLEREFS="STYLE2" HEIGHT="94" WIDTH="186" HPOS="1665" VPOS="1631" CONTENT="synes" WC="0.87" LANG="dan"/>
						</TextLine>
						<TextLine ID="LINE13" HEIGHT="96" WIDTH="1690" HPOS="157" VPOS="1725">
							<String ID="STRING87" STYLEREFS="STYLE2" HEIGHT="94" WIDTH="196" HPOS="157" VPOS="1727" CONTENT="ogsaa" WC="0.63" LANG="dan"/>
							<SP ID="SP75" WIDTH="46" HPOS="353" VPOS="1727"/>
							<String ID="STRING88" STYLEREFS="STYLE2" HEIGHT="96" WIDTH="152" HPOS="399" VPOS="1725" CONTENT="efter" WC="0.91" LANG="dan"/>
							<SP ID="SP76" WIDTH="50" HPOS="551" VPOS="1725"/>
							<String ID="STRING89" STYLEREFS="STYLE2" HEIGHT="74" WIDTH="420" HPOS="601" VPOS="1733" CONTENT="nærværende" WC="0.76" LANG="dan"/>
							<SP ID="SP77" WIDTH="46" HPOS="1021" VPOS="1733"/>
							<String ID="STRING90" STYLEREFS="STYLE2" HEIGHT="96" WIDTH="430" HPOS="1067" VPOS="1725" CONTENT="Forfatning," WC="0.77" LANG="dan"/>
							<SP ID="SP78" WIDTH="58" HPOS="1497" VPOS="1725"/>
							<String ID="STRING91" STYLEREFS="STYLE2" HEIGHT="92" WIDTH="128" HPOS="1555" VPOS="1727" CONTENT="som" WC="0.54" LANG="dan"/>
							<SP ID="SP79" WIDTH="44" HPOS="1683" VPOS="1727"/>
							<String ID="STRING92" STYLEREFS="STYLE2" HEIGHT="78" WIDTH="120" HPOS="1727" VPOS="1731" CONTENT="ikke" WC="0.61" LANG="dan"/>
						</TextLine>
						<TextLine ID="LINE14" HEIGHT="101" WIDTH="1696" HPOS="149" VPOS="1821">
							<String ID="STRING93" STYLEREFS="STYLE2" HEIGHT="58" WIDTH="68" HPOS="149" VPOS="1847" CONTENT="er" WC="0.77" LANG="dan"/>
							<SP ID="SP80" WIDTH="42" HPOS="217" VPOS="1847"/>
							<String ID="STRING94" STYLEREFS="STYLE4" HEIGHT="100" WIDTH="680" HPOS="259" VPOS="1822" CONTENT="overeenssemmende" WC="0.88" LANG="dan"/>
							<SP ID="SP81" WIDTH="40" HPOS="939" VPOS="1822"/>
							<String ID="STRING95" STYLEREFS="STYLE2" HEIGHT="72" WIDTH="142" HPOS="979" VPOS="1831" CONTENT="med" WC="0.75" LANG="dan"/>
							<SP ID="SP82" WIDTH="46" HPOS="1121" VPOS="1831"/>
							<String ID="STRING96" STYLEREFS="STYLE2" HEIGHT="100" WIDTH="466" HPOS="1167" VPOS="1821" CONTENT="Stiftningen," WC="0.82" LANG="dan"/>
							<SP ID="SP83" WIDTH="42" HPOS="1633" VPOS="1821"/>
							<String ID="STRING97" STYLEREFS="STYLE2" HEIGHT="74" WIDTH="170" HPOS="1675" VPOS="1835" CONTENT="uden" WC="0.74" LANG="dan"/>
						</TextLine>
						<TextLine ID="LINE15" HEIGHT="96" WIDTH="1702" HPOS="145" VPOS="1923">
							<String ID="STRING98" STYLEREFS="STYLE2" HEIGHT="78" WIDTH="190" HPOS="145" VPOS="1941" CONTENT="noget" WC="0.73" LANG="dan"/>
							<SP ID="SP84" WIDTH="58" HPOS="335" VPOS="1941"/>
							<String ID="STRING99" STYLEREFS="STYLE2" HEIGHT="88" WIDTH="152" HPOS="393" VPOS="1923" CONTENT="Tab" WC="0.54" LANG="dan"/>
							<SP ID="SP85" WIDTH="64" HPOS="545" VPOS="1923"/>
							<String ID="STRING100" STYLEREFS="STYLE2" HEIGHT="62" WIDTH="70" HPOS="609" VPOS="1941" CONTENT="at" WC="0.71" LANG="dan"/>
							<SP ID="SP86" WIDTH="52" HPOS="679" VPOS="1941"/>
							<String ID="STRING101" STYLEREFS="STYLE2" HEIGHT="78" WIDTH="208" HPOS="731" VPOS="1923" CONTENT="kunde" WC="0.8" LANG="dan"/>
							<SP ID="SP87" WIDTH="54" HPOS="939" VPOS="1923"/>
							<String ID="STRING102" STYLEREFS="STYLE2" HEIGHT="90" WIDTH="392" HPOS="993" VPOS="1929" CONTENT="undværes," WC="0.81" LANG="dan"/>
							<SP ID="SP88" WIDTH="80" HPOS="1385" VPOS="1929"/>
							<String ID="STRING103" STYLEREFS="STYLE2" HEIGHT="72" WIDTH="78" HPOS="1465" VPOS="1947" CONTENT="og" WC="1" LANG="dan"/>
							<SP ID="SP89" WIDTH="56" HPOS="1543" VPOS="1947"/>
							<String ID="STRING104" STYLEREFS="STYLE2" HEIGHT="56" WIDTH="70" HPOS="1599" VPOS="1947" CONTENT="ar" WC="0.62" LANG="dan"/>
							<SP ID="SP90" WIDTH="58" HPOS="1669" VPOS="1947"/>
							<String ID="STRING105" STYLEREFS="STYLE2" HEIGHT="76" WIDTH="120" HPOS="1727" VPOS="1933" CONTENT="den" WC="0.85" LANG="dan"/>
						</TextLine>
						<TextLine ID="LINE16" HEIGHT="102" WIDTH="1690" HPOS="149" VPOS="2021">
							<String ID="STRING106" STYLEREFS="STYLE2" HEIGHT="94" WIDTH="382" HPOS="149" VPOS="2023" CONTENT="anatomisse" WC="0.81" LANG="dan"/>
							<SP ID="SP91" WIDTH="52" HPOS="531" VPOS="2023"/>
							<String ID="STRING107" STYLEREFS="STYLE2" HEIGHT="82" WIDTH="232" HPOS="583" VPOS="2021" CONTENT="Lærere" WC="0.75" LANG="dan"/>
							<SP ID="SP92" WIDTH="54" HPOS="815" VPOS="2021"/>
							<String ID="STRING108" STYLEREFS="STYLE2" HEIGHT="74" WIDTH="142" HPOS="869" VPOS="2027" CONTENT="med" WC="0.82" LANG="dan"/>
							<SP ID="SP93" WIDTH="58" HPOS="1011" VPOS="2027"/>
							<String ID="STRING109" STYLEREFS="STYLE2" HEIGHT="58" WIDTH="74" HPOS="1069" VPOS="2043" CONTENT="en" WC="1" LANG="dan"/>
							<SP ID="SP94" WIDTH="40" HPOS="1143" VPOS="2043"/>
							<String ID="STRING110" STYLEREFS="STYLE2" HEIGHT="74" WIDTH="80" HPOS="1183" VPOS="2043" CONTENT="og" WC="0.67" LANG="dan"/>
							<SP ID="SP95" WIDTH="48" HPOS="1263" VPOS="2043"/>
							<String ID="STRING111" STYLEREFS="STYLE2" HEIGHT="92" WIDTH="238" HPOS="1311" VPOS="2021" CONTENT="samme" WC="0.8" LANG="dan"/>
							<SP ID="SP96" WIDTH="42" HPOS="1549" VPOS="2021"/>
							<String ID="STRING112" STYLEREFS="STYLE2" HEIGHT="94" WIDTH="248" HPOS="1591" VPOS="2029" CONTENT="Umage" WC="0.78" LANG="dan"/>
						</TextLine>
						<TextLine ID="LINE17" HEIGHT="98" WIDTH="1672" HPOS="145" VPOS="2119">
							<String ID="STRING113" STYLEREFS="STYLE2" HEIGHT="78" WIDTH="206" HPOS="145" VPOS="2123" CONTENT="kunde" WC="0.69" LANG="dan"/>
							<SP ID="SP97" WIDTH="40" HPOS="351" VPOS="2123"/>
							<String ID="STRING114" STYLEREFS="STYLE2" HEIGHT="92" WIDTH="350" HPOS="391" VPOS="2121" CONTENT="undervisse" WC="0.74" LANG="dan"/>
							<SP ID="SP98" WIDTH="48" HPOS="741" VPOS="2121"/>
							<String ID="STRING115" STYLEREFS="STYLE2" HEIGHT="76" WIDTH="74" HPOS="789" VPOS="2125" CONTENT="de" WC="0.67" LANG="dan"/>
							<SP ID="SP99" WIDTH="60" HPOS="863" VPOS="2125"/>
							<String ID="STRING116" STYLEREFS="STYLE2" HEIGHT="74" WIDTH="168" HPOS="923" VPOS="2141" CONTENT="unge" WC="0.78" LANG="dan"/>
							<SP ID="SP100" WIDTH="40" HPOS="1091" VPOS="2141"/>
							<String ID="STRING117" STYLEREFS="STYLE2" HEIGHT="96" WIDTH="204" HPOS="1131" VPOS="2119" CONTENT="Læger" WC="0.59" LANG="dan"/>
							<SP ID="SP101" WIDTH="42" HPOS="1335" VPOS="2119"/>
							<String ID="STRING118" STYLEREFS="STYLE2" HEIGHT="76" WIDTH="80" HPOS="1377" VPOS="2141" CONTENT="og" WC="0.52" LANG="dan"/>
							<SP ID="SP102" WIDTH="46" HPOS="1457" VPOS="2141"/>
							<String ID="STRING119" STYLEREFS="STYLE2" HEIGHT="86" WIDTH="314" HPOS="1503" VPOS="2121" CONTENT="Vundlæ" SUBS_TYPE="HypPart1" SUBS_CONTENT="Vundlæger" WC="0.72" LANG="dan"/>
							<HYP CONTENT="-"/>
						</TextLine>
						<TextLine ID="LINE18" HEIGHT="100" WIDTH="1700" HPOS="147" VPOS="2219">
							<String ID="STRING120" STYLEREFS="STYLE2" HEIGHT="76" WIDTH="110" HPOS="147" VPOS="2241" CONTENT="ger" SUBS_TYPE="HypPart2" SUBS_CONTENT="Vundlæger" WC="0.7" LANG="dan"/>
							<SP ID="SP103" WIDTH="40" HPOS="257" VPOS="2241"/>
							<String ID="STRING121" STYLEREFS="STYLE2" HEIGHT="76" WIDTH="20" HPOS="297" VPOS="2225" CONTENT="i" WC="0.97" LANG="dan"/>
							<SP ID="SP104" WIDTH="40" HPOS="317" VPOS="2225"/>
							<String ID="STRING122" STYLEREFS="STYLE2" HEIGHT="92" WIDTH="436" HPOS="357" VPOS="2221" CONTENT="Anatomien;" WC="0.67" LANG="dan"/>
							<SP ID="SP105" WIDTH="52" HPOS="793" VPOS="2221"/>
							<String ID="STRING123" STYLEREFS="STYLE2" HEIGHT="60" WIDTH="144" HPOS="845" VPOS="2237" CONTENT="men" WC="0.86" LANG="dan"/>
							<SP ID="SP106" WIDTH="46" HPOS="989" VPOS="2237"/>
							<String ID="STRING124" STYLEREFS="STYLE2" HEIGHT="74" WIDTH="102" HPOS="1035" VPOS="2225" CONTENT="det" WC="0.63" LANG="dan"/>
							<SP ID="SP107" WIDTH="44" HPOS="1137" VPOS="2225"/>
							<String ID="STRING125" STYLEREFS="STYLE2" HEIGHT="78" WIDTH="138" HPOS="1181" VPOS="2219" CONTENT="blev" WC="0.82" LANG="dan"/>
							<SP ID="SP108" WIDTH="48" HPOS="1319" VPOS="2219"/>
							<String ID="STRING126" STYLEREFS="STYLE2" HEIGHT="58" WIDTH="74" HPOS="1367" VPOS="2241" CONTENT="en" WC="1" LANG="dan"/>
							<SP ID="SP109" WIDTH="36" HPOS="1441" VPOS="2241"/>
							<String ID="STRING127" STYLEREFS="STYLE2" HEIGHT="90" WIDTH="370" HPOS="1477" VPOS="2229" CONTENT="nødvendig" WC="0.67" LANG="dan"/>
						</TextLine>
						<TextLine ID="LINE19" HEIGHT="100" WIDTH="1670" HPOS="149" VPOS="2315">
							<String ID="STRING128" STYLEREFS="STYLE2" HEIGHT="98" WIDTH="206" HPOS="149" VPOS="2317" CONTENT="Sag," WC="0.73" LANG="dan"/>
							<SP ID="SP110" WIDTH="44" HPOS="355" VPOS="2317"/>
							<String ID="STRING129" STYLEREFS="STYLE2" HEIGHT="60" WIDTH="70" HPOS="399" VPOS="2337" CONTENT="ar" WC="0.62" LANG="dan"/>
							<SP ID="SP111" WIDTH="46" HPOS="469" VPOS="2337"/>
							<String ID="STRING130" STYLEREFS="STYLE2" HEIGHT="74" WIDTH="106" HPOS="515" VPOS="2325" CONTENT="der" WC="0.63" LANG="dan"/>
							<SP ID="SP112" WIDTH="40" HPOS="621" VPOS="2325"/>
							<String ID="STRING131" STYLEREFS="STYLE2" HEIGHT="60" WIDTH="122" HPOS="661" VPOS="2337" CONTENT="var" WC="0.81" LANG="dan"/>
							<SP ID="SP113" WIDTH="42" HPOS="783" VPOS="2337"/>
							<String ID="STRING132" STYLEREFS="STYLE2" HEIGHT="60" WIDTH="72" HPOS="825" VPOS="2337" CONTENT="en" WC="1" LANG="dan"/>
							<SP ID="SP114" WIDTH="38" HPOS="897" VPOS="2337"/>
							<String ID="STRING133" STYLEREFS="STYLE2" HEIGHT="84" WIDTH="228" HPOS="935" VPOS="2315" CONTENT="Lærere" WC="0.84" LANG="dan"/>
							<SP ID="SP115" WIDTH="36" HPOS="1163" VPOS="2315"/>
							<String ID="STRING134" STYLEREFS="STYLE2" HEIGHT="94" WIDTH="280" HPOS="1199" VPOS="2317" CONTENT="beskikket" WC="0.71" LANG="dan"/>
							<SP ID="SP116" WIDTH="36" HPOS="1479" VPOS="2317"/>
							<String ID="STRING135" STYLEREFS="STYLE2" HEIGHT="74" WIDTH="16" HPOS="1515" VPOS="2323" CONTENT="i" WC="1" LANG="dan"/>
							<SP ID="SP117" WIDTH="42" HPOS="1531" VPOS="2323"/>
							<String ID="STRING136" STYLEREFS="STYLE2" HEIGHT="90" WIDTH="246" HPOS="1573" VPOS="2321" CONTENT="Chirur" SUBS_TYPE="HypPart1" SUBS_CONTENT="Chirurgien," WC="0.55" LANG="deu"/>
							<HYP CONTENT="-"/>
						</TextLine>
						<TextLine ID="LINE20" HEIGHT="100" WIDTH="1674" HPOS="145" VPOS="2413">
							<String ID="STRING137" STYLEREFS="STYLE2" HEIGHT="90" WIDTH="190" HPOS="145" VPOS="2423" CONTENT="gien," SUBS_TYPE="HypPart2" SUBS_CONTENT="Chirurgien," WC="0.79" LANG="deu"/>
							<SP ID="SP118" WIDTH="56" HPOS="335" VPOS="2423"/>
							<String ID="STRING138" STYLEREFS="STYLE2" HEIGHT="92" WIDTH="134" HPOS="391" VPOS="2417" CONTENT="som" WC="0.74" LANG="dan"/>
							<SP ID="SP119" WIDTH="66" HPOS="525" VPOS="2417"/>
							<String ID="STRING139" STYLEREFS="STYLE2" HEIGHT="72" WIDTH="144" HPOS="591" VPOS="2423" CONTENT="med" WC="0.77" LANG="dan"/>
							<SP ID="SP120" WIDTH="62" HPOS="735" VPOS="2423"/>
							<String ID="STRING140" STYLEREFS="STYLE2" HEIGHT="100" WIDTH="150" HPOS="797" VPOS="2413" CONTENT="Flid" WC="0.77" LANG="dan"/>
							<SP ID="SP121" WIDTH="44" HPOS="947" VPOS="2413"/>
							<String ID="STRING141" STYLEREFS="STYLE2" HEIGHT="76" WIDTH="166" HPOS="991" VPOS="2419" CONTENT="vilde" WC="0.68" LANG="dan"/>
							<SP ID="SP122" WIDTH="42" HPOS="1157" VPOS="2419"/>
							<String ID="STRING142" STYLEREFS="STYLE2" HEIGHT="76" WIDTH="236" HPOS="1199" VPOS="2435" CONTENT="antage" WC="0.9" LANG="dan"/>
							<SP ID="SP123" WIDTH="40" HPOS="1435" VPOS="2435"/>
							<String ID="STRING143" STYLEREFS="STYLE2" HEIGHT="94" WIDTH="92" HPOS="1475" VPOS="2419" CONTENT="sig" WC="0.81" LANG="dan"/>
							<SP ID="SP124" WIDTH="42" HPOS="1567" VPOS="2419"/>
							<String ID="STRING144" STYLEREFS="STYLE2" HEIGHT="74" WIDTH="72" HPOS="1609" VPOS="2427" CONTENT="de" WC="0.64" LANG="dan"/>
							<SP ID="SP125" WIDTH="42" HPOS="1681" VPOS="2427"/>
							<String ID="STRING145" STYLEREFS="STYLE2" HEIGHT="82" WIDTH="96" HPOS="1723" VPOS="2423" CONTENT="Læ" SUBS_TYPE="HypPart1" SUBS_CONTENT="Lærende," WC="0.67" LANG="dan"/>
							<HYP CONTENT="-"/>
						</TextLine>
						<TextLine ID="LINE21" HEIGHT="100" WIDTH="1702" HPOS="143" VPOS="2513">
							<String ID="STRING146" STYLEREFS="STYLE2" HEIGHT="82" WIDTH="232" HPOS="143" VPOS="2523" CONTENT="rende," SUBS_TYPE="HypPart2" SUBS_CONTENT="Lærende," WC="0.79" LANG="dan"/>
							<SP ID="SP126" WIDTH="46" HPOS="375" VPOS="2523"/>
							<String ID="STRING147" STYLEREFS="STYLE2" HEIGHT="72" WIDTH="78" HPOS="421" VPOS="2537" CONTENT="og" WC="0.69" LANG="dan"/>
							<SP ID="SP127" WIDTH="46" HPOS="499" VPOS="2537"/>
							<String ID="STRING148" STYLEREFS="STYLE2" HEIGHT="90" WIDTH="352" HPOS="545" VPOS="2515" CONTENT="undervisse" WC="0.68" LANG="dan"/>
							<SP ID="SP128" WIDTH="42" HPOS="897" VPOS="2515"/>
							<String ID="STRING149" STYLEREFS="STYLE2" HEIGHT="76" WIDTH="142" HPOS="939" VPOS="2519" CONTENT="dem" WC="0.72" LANG="dan"/>
							<SP ID="SP129" WIDTH="42" HPOS="1081" VPOS="2519"/>
							<String ID="STRING150" STYLEREFS="STYLE2" HEIGHT="76" WIDTH="20" HPOS="1123" VPOS="2517" CONTENT="i" WC="0.29" LANG="dan"/>
							<SP ID="SP130" WIDTH="44" HPOS="1143" VPOS="2517"/>
							<String ID="STRING151" STYLEREFS="STYLE2" HEIGHT="74" WIDTH="72" HPOS="1187" VPOS="2521" CONTENT="de" WC="0.77" LANG="dan"/>
							<SP ID="SP131" WIDTH="42" HPOS="1259" VPOS="2521"/>
							<String ID="STRING152" STYLEREFS="STYLE2" HEIGHT="98" WIDTH="244" HPOS="1301" VPOS="2513" CONTENT="Timer," WC="0.75" LANG="dan"/>
							<SP ID="SP132" WIDTH="52" HPOS="1545" VPOS="2513"/>
							<String ID="STRING153" STYLEREFS="STYLE2" HEIGHT="94" WIDTH="128" HPOS="1597" VPOS="2519" CONTENT="som" WC="0.42" LANG="dan"/>
							<SP ID="SP133" WIDTH="48" HPOS="1725" VPOS="2519"/>
							<String ID="STRING154" STYLEREFS="STYLE2" HEIGHT="76" WIDTH="72" HPOS="1773" VPOS="2527" CONTENT="til" WC="0.67" LANG="dan"/>
						</TextLine>
						<TextLine ID="LINE22" HEIGHT="100" WIDTH="1670" HPOS="147" VPOS="2613">
							<String ID="STRING155" STYLEREFS="STYLE2" HEIGHT="100" WIDTH="530" HPOS="147" VPOS="2613" CONTENT="Forelæsningen" WC="0.87" LANG="dan"/>
							<SP ID="SP134" WIDTH="42" HPOS="677" VPOS="2613"/>
							<String ID="STRING156" STYLEREFS="STYLE2" HEIGHT="62" WIDTH="154" HPOS="719" VPOS="2633" CONTENT="vare" WC="0.73" LANG="dan"/>
							<SP ID="SP135" WIDTH="48" HPOS="873" VPOS="2633"/>
							<String ID="STRING157" STYLEREFS="STYLE2" HEIGHT="94" WIDTH="322" HPOS="921" VPOS="2615" CONTENT="bestemte," WC="0.69" LANG="dan"/>
							<SP ID="SP136" WIDTH="40" HPOS="1243" VPOS="2615"/>
							<String ID="STRING158" STYLEREFS="STYLE2" HEIGHT="74" WIDTH="168" HPOS="1283" VPOS="2621" CONTENT="uden" WC="0.79" LANG="dan"/>
							<SP ID="SP137" WIDTH="48" HPOS="1451" VPOS="2621"/>
							<String ID="STRING159" STYLEREFS="STYLE2" HEIGHT="76" WIDTH="68" HPOS="1499" VPOS="2621" CONTENT="til" WC="0.61" LANG="dan"/>
							<SP ID="SP138" WIDTH="46" HPOS="1567" VPOS="2621"/>
							<String ID="STRING160" STYLEREFS="STYLE2" HEIGHT="74" WIDTH="70" HPOS="1613" VPOS="2625" CONTENT="de" WC="0.64" LANG="dan"/>
							<SP ID="SP139" WIDTH="40" HPOS="1683" VPOS="2625"/>
							<String ID="STRING161" STYLEREFS="STYLE2" HEIGHT="80" WIDTH="94" HPOS="1723" VPOS="2621" CONTENT="Læ" SUBS_TYPE="HypPart1" SUBS_CONTENT="Lærendes" WC="0.81" LANG="dan"/>
							<HYP CONTENT="-"/>
						</TextLine>
						<TextLine ID="LINE23" HEIGHT="98" WIDTH="1668" HPOS="145" VPOS="2711">
							<String ID="STRING162" STYLEREFS="STYLE2" HEIGHT="76" WIDTH="232" HPOS="145" VPOS="2719" CONTENT="rendes" SUBS_TYPE="HypPart2" SUBS_CONTENT="Lærendes" WC="0.79" LANG="dan"/>
							<SP ID="SP140" WIDTH="46" HPOS="377" VPOS="2719"/>
							<String ID="STRING163" STYLEREFS="STYLE2" HEIGHT="92" WIDTH="218" HPOS="423" VPOS="2717" CONTENT="største" WC="0.75" LANG="dan"/>
							<SP ID="SP141" WIDTH="28" HPOS="641" VPOS="2717"/>
							<String ID="STRING164" STYLEREFS="STYLE2" HEIGHT="90" WIDTH="154" HPOS="669" VPOS="2711" CONTENT="Tab" WC="0.55" LANG="dan"/>
							<SP ID="SP142" WIDTH="44" HPOS="823" VPOS="2711"/>
							<String ID="STRING165" STYLEREFS="STYLE2" HEIGHT="74" WIDTH="78" HPOS="867" VPOS="2735" CONTENT="og" WC="0.71" LANG="dan"/>
							<SP ID="SP143" WIDTH="38" HPOS="945" VPOS="2735"/>
							<String ID="STRING166" STYLEREFS="STYLE2" HEIGHT="84" WIDTH="248" HPOS="983" VPOS="2711" CONTENT="Skade" WC="0.79" LANG="dan"/>
							<SP ID="SP144" WIDTH="40" HPOS="1231" VPOS="2711"/>
							<String ID="STRING167" STYLEREFS="STYLE2" HEIGHT="64" WIDTH="70" HPOS="1271" VPOS="2729" CONTENT="at" WC="0.73" LANG="dan"/>
							<SP ID="SP145" WIDTH="24" HPOS="1341" VPOS="2729"/>
							<String ID="STRING168" STYLEREFS="STYLE2" HEIGHT="74" WIDTH="286" HPOS="1365" VPOS="2723" CONTENT="anvende" WC="0.87" LANG="dan"/>
							<SP ID="SP146" WIDTH="28" HPOS="1651" VPOS="2723"/>
							<String ID="STRING169" STYLEREFS="STYLE2" HEIGHT="92" WIDTH="134" HPOS="1679" VPOS="2717" CONTENT="sam" SUBS_TYPE="HypPart1" SUBS_CONTENT="samme," WC="0.74" LANG="dan"/>
							<HYP CONTENT="-"/>
						</TextLine>
						<TextLine ID="LINE24" HEIGHT="96" WIDTH="1670" HPOS="145" VPOS="2813">
							<String ID="STRING170" STYLEREFS="STYLE2" HEIGHT="74" WIDTH="138" HPOS="145" VPOS="2835" CONTENT="me," SUBS_TYPE="HypPart2" SUBS_CONTENT="samme," WC="0.66" LANG="dan"/>
							<SP ID="SP147" WIDTH="54" HPOS="283" VPOS="2835"/>
							<String ID="STRING171" STYLEREFS="STYLE2" HEIGHT="92" WIDTH="128" HPOS="337" VPOS="2813" CONTENT="som" WC="0.75" LANG="dan"/>
							<SP ID="SP148" WIDTH="42" HPOS="465" VPOS="2813"/>
							<String ID="STRING172" STYLEREFS="STYLE2" HEIGHT="58" WIDTH="92" HPOS="507" VPOS="2835" CONTENT="nu" WC="0.73" LANG="dan"/>
							<SP ID="SP149" WIDTH="46" HPOS="599" VPOS="2835"/>
							<String ID="STRING173" STYLEREFS="STYLE2" HEIGHT="94" WIDTH="194" HPOS="645" VPOS="2815" CONTENT="sseer," WC="0.81" LANG="dan"/>
							<SP ID="SP150" WIDTH="54" HPOS="839" VPOS="2815"/>
							<String ID="STRING174" STYLEREFS="STYLE2" HEIGHT="76" WIDTH="70" HPOS="893" VPOS="2817" CONTENT="til" WC="0.73" LANG="dan"/>
							<SP ID="SP151" WIDTH="44" HPOS="963" VPOS="2817"/>
							<String ID="STRING175" STYLEREFS="STYLE2" HEIGHT="82" WIDTH="412" HPOS="1007" VPOS="2813" CONTENT="Svendenes" WC="0.87" LANG="dan"/>
							<SP ID="SP152" WIDTH="46" HPOS="1419" VPOS="2813"/>
							<String ID="STRING176" STYLEREFS="STYLE2" HEIGHT="96" WIDTH="350" HPOS="1465" VPOS="2813" CONTENT="forunderli" SUBS_TYPE="HypPart1" SUBS_CONTENT="forunderlige," WC="0.7" LANG="dan"/>
							<HYP CONTENT="-"/>
						</TextLine>
						<TextLine ID="LINE25" HEIGHT="98" WIDTH="1694" HPOS="143" VPOS="2915">
							<String ID="STRING177" STYLEREFS="STYLE2" HEIGHT="76" WIDTH="110" HPOS="143" VPOS="2931" CONTENT="ge," SUBS_TYPE="HypPart2" SUBS_CONTENT="forunderlige," WC="0.9" LANG="dan"/>
							<SP ID="SP153" WIDTH="66" HPOS="253" VPOS="2931"/>
							<String ID="STRING178" STYLEREFS="STYLE2" HEIGHT="90" WIDTH="474" HPOS="319" VPOS="2919" CONTENT="langdragende" WC="0.88" LANG="dan"/>
							<SP ID="SP154" WIDTH="64" HPOS="793" VPOS="2919"/>
							<String ID="STRING179" STYLEREFS="STYLE2" HEIGHT="72" WIDTH="80" HPOS="857" VPOS="2935" CONTENT="og" WC="0.55" LANG="dan"/>
							<SP ID="SP155" WIDTH="58" HPOS="937" VPOS="2935"/>
							<String ID="STRING180" STYLEREFS="STYLE2" HEIGHT="90" WIDTH="228" HPOS="995" VPOS="2915" CONTENT="næsten" WC="0.84" LANG="dan"/>
							<SP ID="SP156" WIDTH="46" HPOS="1223" VPOS="2915"/>
							<String ID="STRING181" STYLEREFS="STYLE2" HEIGHT="74" WIDTH="240" HPOS="1269" VPOS="2919" CONTENT="aldeles" WC="0.86" LANG="dan"/>
							<SP ID="SP157" WIDTH="42" HPOS="1509" VPOS="2919"/>
							<String ID="STRING182" STYLEREFS="STYLE2" HEIGHT="92" WIDTH="286" HPOS="1551" VPOS="2921" CONTENT="unyttige" WC="0.65" LANG="dan"/>
						</TextLine>
						<TextLine ID="LINE26" HEIGHT="104" WIDTH="1676" HPOS="139" VPOS="3009">
							<String ID="STRING183" STYLEREFS="STYLE2" HEIGHT="98" WIDTH="450" HPOS="139" VPOS="3011" CONTENT="Overhorelse," WC="0.75" LANG="dan"/>
							<SP ID="SP158" WIDTH="50" HPOS="589" VPOS="3011"/>
							<String ID="STRING184" STYLEREFS="STYLE2" HEIGHT="88" WIDTH="242" HPOS="639" VPOS="3013" CONTENT="hvilken" WC="0.73" LANG="dan"/>
							<SP ID="SP159" WIDTH="40" HPOS="881" VPOS="3013"/>
							<String ID="STRING185" STYLEREFS="STYLE2" HEIGHT="94" WIDTH="150" HPOS="921" VPOS="3009" CONTENT="efter" WC="0.79" LANG="dan"/>
							<SP ID="SP160" WIDTH="46" HPOS="1071" VPOS="3009"/>
							<String ID="STRING186" STYLEREFS="STYLE2" HEIGHT="74" WIDTH="426" HPOS="1117" VPOS="3021" CONTENT="nærværende" WC="0.9" LANG="dan"/>
							<SP ID="SP161" WIDTH="34" HPOS="1543" VPOS="3021"/>
							<String ID="STRING187" STYLEREFS="STYLE2" HEIGHT="98" WIDTH="238" HPOS="1577" VPOS="3015" CONTENT="Forfat" SUBS_TYPE="HypPart1" SUBS_CONTENT="Forfatning" WC="0.72" LANG="dan"/>
							<HYP CONTENT="-"/>
						</TextLine>
						<TextLine ID="LINE27" HEIGHT="102" WIDTH="1698" HPOS="143" VPOS="3111">
							<String ID="STRING188" STYLEREFS="STYLE2" HEIGHT="88" WIDTH="152" HPOS="143" VPOS="3117" CONTENT="ning" SUBS_TYPE="HypPart2" SUBS_CONTENT="Forfatning" WC="0.77" LANG="dan"/>
							<SP ID="SP162" WIDTH="46" HPOS="295" VPOS="3117"/>
							<String ID="STRING189" STYLEREFS="STYLE2" HEIGHT="92" WIDTH="206" HPOS="341" VPOS="3115" CONTENT="aldrig" WC="0.71" LANG="dan"/>
							<SP ID="SP163" WIDTH="42" HPOS="547" VPOS="3115"/>
							<String ID="STRING190" STYLEREFS="STYLE2" HEIGHT="80" WIDTH="122" HPOS="589" VPOS="3111" CONTENT="kan" WC="1" LANG="dan"/>
							<SP ID="SP164" WIDTH="46" HPOS="711" VPOS="3111"/>
							<String ID="STRING191" STYLEREFS="STYLE2" HEIGHT="92" WIDTH="218" HPOS="757" VPOS="3111" CONTENT="beviise" WC="0.88" LANG="dan"/>
							<SP ID="SP165" WIDTH="62" HPOS="975" VPOS="3111"/>
							<String ID="STRING192" STYLEREFS="STYLE2" HEIGHT="72" WIDTH="116" HPOS="1037" VPOS="3119" CONTENT="den" WC="0.75" LANG="dan"/>
							<SP ID="SP166" WIDTH="42" HPOS="1153" VPOS="3119"/>
							<String ID="STRING193" STYLEREFS="STYLE2" HEIGHT="72" WIDTH="168" HPOS="1195" VPOS="3131" CONTENT="unge" WC="0.66" LANG="dan"/>
							<SP ID="SP167" WIDTH="46" HPOS="1363" VPOS="3131"/>
							<String ID="STRING194" STYLEREFS="STYLE2" HEIGHT="102" WIDTH="432" HPOS="1409" VPOS="3111" CONTENT="Vundlæges" WC="0.75" LANG="dan"/>
						</TextLine>
						<TextLine ID="LINE28" HEIGHT="104" WIDTH="1694" HPOS="145" VPOS="3209">
							<String ID="STRING195" STYLEREFS="STYLE2" HEIGHT="96" WIDTH="384" HPOS="145" VPOS="3209" CONTENT="Færdighed" WC="0.58" LANG="dan"/>
							<SP ID="SP168" WIDTH="58" HPOS="529" VPOS="3209"/>
							<String ID="STRING196" STYLEREFS="STYLE2" HEIGHT="72" WIDTH="80" HPOS="587" VPOS="3235" CONTENT="og" WC="0.52" LANG="dan"/>
							<SP ID="SP169" WIDTH="54" HPOS="667" VPOS="3235"/>
							<String ID="STRING197" STYLEREFS="STYLE2" HEIGHT="98" WIDTH="284" HPOS="721" VPOS="3211" CONTENT="Indsigt" WC="0.88" LANG="dan"/>
							<SP ID="SP170" WIDTH="58" HPOS="1005" VPOS="3211"/>
							<String ID="STRING198" STYLEREFS="STYLE2" HEIGHT="76" WIDTH="18" HPOS="1063" VPOS="3213" CONTENT="i" WC="0.55" LANG="dan"/>
							<SP ID="SP171" WIDTH="44" HPOS="1081" VPOS="3213"/>
							<String ID="STRING199" STYLEREFS="STYLE2" HEIGHT="92" WIDTH="94" HPOS="1125" VPOS="3213" CONTENT="sin" WC="1" LANG="dan"/>
							<SP ID="SP172" WIDTH="48" HPOS="1219" VPOS="3213"/>
							<String ID="STRING200" STYLEREFS="STYLE2" HEIGHT="104" WIDTH="426" HPOS="1267" VPOS="3209" CONTENT="Videnskab," WC="0.67" LANG="dan"/>
							<SP ID="SP173" WIDTH="64" HPOS="1693" VPOS="3209"/>
							<String ID="STRING201" STYLEREFS="STYLE2" HEIGHT="74" WIDTH="82" HPOS="1757" VPOS="3239" CONTENT="og" WC="0.34" LANG="dan"/>
						</TextLine>
						<TextLine ID="LINE29" HEIGHT="98" WIDTH="1690" HPOS="145" VPOS="3309">
							<String ID="STRING202" STYLEREFS="STYLE2" HEIGHT="72" WIDTH="216" HPOS="145" VPOS="3315" CONTENT="endnu" WC="0.92" LANG="dan"/>
							<SP ID="SP174" WIDTH="44" HPOS="361" VPOS="3315"/>
							<String ID="STRING203" STYLEREFS="STYLE2" HEIGHT="76" WIDTH="242" HPOS="405" VPOS="3315" CONTENT="mindre" WC="0.77" LANG="dan"/>
							<SP ID="SP175" WIDTH="42" HPOS="647" VPOS="3315"/>
							<String ID="STRING204" STYLEREFS="STYLE2" HEIGHT="60" WIDTH="164" HPOS="689" VPOS="3331" CONTENT="være" WC="0.86" LANG="dan"/>
							<SP ID="SP176" WIDTH="46" HPOS="853" VPOS="3331"/>
							<String ID="STRING205" STYLEREFS="STYLE2" HEIGHT="98" WIDTH="380" HPOS="899" VPOS="3309" CONTENT="Tilhorerne" WC="0.77" LANG="dan"/>
							<SP ID="SP177" WIDTH="48" HPOS="1279" VPOS="3309"/>
							<String ID="STRING206" STYLEREFS="STYLE2" HEIGHT="74" WIDTH="66" HPOS="1327" VPOS="3315" CONTENT="ti!" WC="0.75" LANG="dan"/>
							<SP ID="SP178" WIDTH="44" HPOS="1393" VPOS="3315"/>
							<String ID="STRING207" STYLEREFS="STYLE2" HEIGHT="74" WIDTH="200" HPOS="1437" VPOS="3333" CONTENT="nogen" WC="0.79" LANG="dan"/>
							<SP ID="SP179" WIDTH="44" HPOS="1637" VPOS="3333"/>
							<String ID="STRING208" STYLEREFS="STYLE2" HEIGHT="92" WIDTH="154" HPOS="1681" VPOS="3315" CONTENT="sand" WC="0.89" LANG="dan"/>
						</TextLine>
						<TextLine ID="LINE30" HEIGHT="104" WIDTH="1662" HPOS="143" VPOS="3405">
							<String ID="STRING209" STYLEREFS="STYLE2" HEIGHT="98" WIDTH="238" HPOS="143" VPOS="3405" CONTENT="Nytte." WC="0.74" LANG="dan"/>
							<SP ID="SP180" WIDTH="46" HPOS="381" VPOS="3405"/>
							<String ID="STRING210" STYLEREFS="STYLE2" HEIGHT="20" WIDTH="126" HPOS="427" VPOS="3449" CONTENT="—" WC="1" LANG="dan"/>
							<SP ID="SP181" WIDTH="52" HPOS="553" VPOS="3449"/>
							<String ID="STRING211" STYLEREFS="STYLE2" HEIGHT="84" WIDTH="168" HPOS="605" VPOS="3409" CONTENT="Kan" WC="0.8" LANG="dan"/>
							<SP ID="SP182" WIDTH="44" HPOS="773" VPOS="3409"/>
							<String ID="STRING212" STYLEREFS="STYLE2" HEIGHT="60" WIDTH="158" HPOS="817" VPOS="3431" CONTENT="man" WC="0.33" LANG="dan"/>
							<SP ID="SP183" WIDTH="44" HPOS="975" VPOS="3431"/>
							<String ID="STRING213" STYLEREFS="STYLE2" HEIGHT="74" WIDTH="18" HPOS="1019" VPOS="3415" CONTENT="i" WC="0.42" LANG="dan"/>
							<SP ID="SP184" WIDTH="40" HPOS="1037" VPOS="3415"/>
							<String ID="STRING214" STYLEREFS="STYLE2" HEIGHT="76" WIDTH="118" HPOS="1077" VPOS="3415" CONTENT="alle" WC="0.54" LANG="dan"/>
							<SP ID="SP185" WIDTH="34" HPOS="1195" VPOS="3415"/>
							<String ID="STRING215" STYLEREFS="STYLE2" HEIGHT="78" WIDTH="200" HPOS="1229" VPOS="3415" CONTENT="andre" WC="0.83" LANG="dan"/>
							<SP ID="SP186" WIDTH="44" HPOS="1429" VPOS="3415"/>
							<String ID="STRING216" STYLEREFS="STYLE2" HEIGHT="98" WIDTH="332" HPOS="1473" VPOS="3411" CONTENT="Videnska" SUBS_TYPE="HypPart1" SUBS_CONTENT="Videnskaber," WC="0.6" LANG="dan"/>
							<HYP CONTENT="-"/>
						</TextLine>
						<TextLine ID="LINE31" HEIGHT="94" WIDTH="132" HPOS="1693" VPOS="3515">
							<String ID="STRING217" STYLEREFS="STYLE2" HEIGHT="94" WIDTH="132" HPOS="1693" VPOS="3515" CONTENT="ber," SUBS_TYPE="HypPart2" SUBS_CONTENT="Videnskaber," WC="0.71" LANG="dan"/>
						</TextLine>
					</TextBlock>
				</ComposedBlock>
			</PrintSpace>
		</Page>
	</Layout>
</alto>
