<?xml version="1.0" encoding="utf-8"?>
<alto xmlns="http://www.loc.gov/standards/alto/ns-v3#" xmlns:xs="http://www.w3.org/2001/XMLSchema-instance" xmlns:xlink="http://www.w3.org/1999/xlink">
	<Description>
		<MeasurementUnit>pixel</MeasurementUnit>
		<sourceImageInformation>
			<fileName>130017168275_1_010_009_018.tif</fileName>
		</sourceImageInformation>
		<OCRProcessing ID="OCR1">
			<ocrProcessingStep>
				<processingDateTime>2018-09-13</processingDateTime>
				<processingAgency>Zissor AS</processingAgency>
				<processingStepSettings>Combined OCR</processingStepSettings>
				<processingSoftware>
					<softwareCreator>Zissor AS</softwareCreator>
					<softwareName>ContentOCR-11; ContentOCR-Tesseract</softwareName>
					<softwareVersion>2.0.2; 2.0.0</softwareVersion>
					<applicationDescription>OCR Component for Zissor Content System</applicationDescription>
				</processingSoftware>
			</ocrProcessingStep>
		</OCRProcessing>
	</Description>
	<Styles>
		<TextStyle ID="STYLE1" FONTFAMILY="Arial" FONTSIZE="10.5" FONTSTYLE=""/>
		<TextStyle ID="STYLE2" FONTFAMILY="Arial" FONTSIZE="12" FONTSTYLE=""/>
		<TextStyle ID="STYLE3" FONTFAMILY="Arial" FONTSIZE="13" FONTSTYLE=""/>
	</Styles>
	<Layout>
		<Page ID="PAGE414" HEIGHT="4503" WIDTH="2939" PHYSICAL_IMG_NR="414" PROCESSING="OCR1" PC="0.64">
			<TopMargin HEIGHT="426" WIDTH="2939" HPOS="0" VPOS="0"/>
			<LeftMargin HEIGHT="3146" WIDTH="958" HPOS="0" VPOS="426"/>
			<RightMargin HEIGHT="3146" WIDTH="255" HPOS="2684" VPOS="426"/>
			<BottomMargin HEIGHT="929" WIDTH="2939" HPOS="0" VPOS="3574"/>
			<PrintSpace ID="PRINTSPACE1" HEIGHT="3146" WIDTH="1724" HPOS="959" VPOS="427">
				<ComposedBlock xs:type="ComposedBlockType" ID="ARTICLE109823" HEIGHT="3146" WIDTH="1724" HPOS="959" VPOS="427" xlink:type="simple">
					<TextBlock xs:type="TextBlockType" ID="ZONE1143071" HEIGHT="66" WIDTH="90" HPOS="999" VPOS="427" xlink:type="simple">
						<TextLine ID="LINE1" HEIGHT="66" WIDTH="90" HPOS="999" VPOS="427">
							<String ID="STRING1" STYLEREFS="STYLE1" HEIGHT="48" WIDTH="28" HPOS="999" VPOS="435" CONTENT="r" WC="0.29" LANG="nob"/>
							<SP ID="SP1" WIDTH="18" HPOS="1027" VPOS="435"/>
							<String ID="STRING2" STYLEREFS="STYLE1" HEIGHT="66" WIDTH="44" HPOS="1045" VPOS="427" CONTENT="8" WC="1" LANG="nob"/>
						</TextLine>
					</TextBlock>
					<TextBlock xs:type="TextBlockType" ID="ZONE1143072" HEIGHT="2888" WIDTH="1724" HPOS="959" VPOS="593" xlink:type="simple">
						<TextLine ID="LINE2" HEIGHT="106" WIDTH="1474" HPOS="1209" VPOS="593">
							<String ID="STRING3" STYLEREFS="STYLE1" HEIGHT="80" WIDTH="190" HPOS="1209" VPOS="599" CONTENT="Man" WC="0.77" LANG="deu"/>
							<SP ID="SP2" WIDTH="46" HPOS="1399" VPOS="599"/>
							<String ID="STRING4" STYLEREFS="STYLE1" HEIGHT="60" WIDTH="62" HPOS="1445" VPOS="617" CONTENT="er" WC="0.63" LANG="deu"/>
							<SP ID="SP3" WIDTH="40" HPOS="1507" VPOS="617"/>
							<String ID="STRING5" STYLEREFS="STYLE1" HEIGHT="74" WIDTH="132" HPOS="1547" VPOS="617" CONTENT="paa" WC="0.84" LANG="deu"/>
							<SP ID="SP4" WIDTH="58" HPOS="1679" VPOS="617"/>
							<String ID="STRING6" STYLEREFS="STYLE1" HEIGHT="76" WIDTH="198" HPOS="1737" VPOS="601" CONTENT="denne" WC="0.85" LANG="dan"/>
							<SP ID="SP5" WIDTH="40" HPOS="1935" VPOS="601"/>
							<String ID="STRING7" STYLEREFS="STYLE1" HEIGHT="92" WIDTH="154" HPOS="1975" VPOS="593" CONTENT="Bid" WC="0.28" LANG="dan"/>
							<SP ID="SP6" WIDTH="54" HPOS="2129" VPOS="593"/>
							<String ID="STRING8" STYLEREFS="STYLE1" HEIGHT="78" WIDTH="200" HPOS="2183" VPOS="617" CONTENT="meget" WC="0.76" LANG="dan"/>
							<SP ID="SP7" WIDTH="44" HPOS="2383" VPOS="617"/>
							<String ID="STRING9" STYLEREFS="STYLE1" HEIGHT="100" WIDTH="256" HPOS="2427" VPOS="599" CONTENT="sysselsat" WC="0.78" LANG="dan"/>
						</TextLine>
						<TextLine ID="LINE3" HEIGHT="106" WIDTH="1682" HPOS="995" VPOS="695">
							<String ID="STRING10" STYLEREFS="STYLE1" HEIGHT="76" WIDTH="144" HPOS="995" VPOS="703" CONTENT="med" WC="0.76" LANG="dan"/>
							<SP ID="SP8" WIDTH="44" HPOS="1139" VPOS="703"/>
							<String ID="STRING11" STYLEREFS="STYLE1" HEIGHT="96" WIDTH="292" HPOS="1183" VPOS="697" CONTENT="politiske," WC="0.63" LANG="dan"/>
							<SP ID="SP9" WIDTH="44" HPOS="1475" VPOS="697"/>
							<String ID="STRING12" STYLEREFS="STYLE1" HEIGHT="96" WIDTH="412" HPOS="1519" VPOS="695" CONTENT="oekonomiste" WC="0.59" LANG="dan"/>
							<SP ID="SP10" WIDTH="40" HPOS="1931" VPOS="695"/>
							<String ID="STRING13" STYLEREFS="STYLE1" HEIGHT="72" WIDTH="80" HPOS="1971" VPOS="719" CONTENT="og" WC="0.6" LANG="dan"/>
							<SP ID="SP11" WIDTH="36" HPOS="2051" VPOS="719"/>
							<String ID="STRING14" STYLEREFS="STYLE1" HEIGHT="72" WIDTH="200" HPOS="2087" VPOS="707" CONTENT="andre" WC="0.73" LANG="dan"/>
							<SP ID="SP12" WIDTH="36" HPOS="2287" VPOS="707"/>
							<String ID="STRING15" STYLEREFS="STYLE1" HEIGHT="102" WIDTH="354" HPOS="2323" VPOS="699" CONTENT="Projecrer," WC="0.59" LANG="dan"/>
						</TextLine>
						<TextLine ID="LINE4" HEIGHT="108" WIDTH="1686" HPOS="995" VPOS="793">
							<String ID="STRING16" STYLEREFS="STYLE1" HEIGHT="92" WIDTH="136" HPOS="995" VPOS="799" CONTENT="som" WC="0.91" LANG="dan"/>
							<SP ID="SP13" WIDTH="44" HPOS="1131" VPOS="799"/>
							<String ID="STRING17" STYLEREFS="STYLE1" HEIGHT="92" WIDTH="154" HPOS="1175" VPOS="793" CONTENT="efter" WC="0.89" LANG="dan"/>
							<SP ID="SP14" WIDTH="40" HPOS="1329" VPOS="793"/>
							<String ID="STRING18" STYLEREFS="STYLE1" HEIGHT="96" WIDTH="452" HPOS="1369" VPOS="793" CONTENT="Opfindernes" WC="0.84" LANG="dan"/>
							<SP ID="SP15" WIDTH="36" HPOS="1821" VPOS="793"/>
							<String ID="STRING19" STYLEREFS="STYLE1" HEIGHT="108" WIDTH="440" HPOS="1857" VPOS="793" CONTENT="Foregivende" WC="0.74" LANG="dan"/>
							<SP ID="SP16" WIDTH="54" HPOS="2297" VPOS="793"/>
							<String ID="STRING20" STYLEREFS="STYLE1" HEIGHT="92" WIDTH="120" HPOS="2351" VPOS="801" CONTENT="stal" WC="0.63" LANG="dan"/>
							<SP ID="SP17" WIDTH="42" HPOS="2471" VPOS="801"/>
							<String ID="STRING21" STYLEREFS="STYLE1" HEIGHT="88" WIDTH="168" HPOS="2513" VPOS="807" CONTENT="giøre" WC="0.76" LANG="dan"/>
						</TextLine>
						<TextLine ID="LINE5" HEIGHT="110" WIDTH="1679" HPOS="994" VPOS="885">
							<String ID="STRING22" STYLEREFS="STYLE2" HEIGHT="100" WIDTH="426" HPOS="994" VPOS="894" CONTENT="Menneskene" WC="0.85" LANG="dan"/>
							<SP ID="SP18" WIDTH="45" HPOS="1420" VPOS="894"/>
							<String ID="STRING23" STYLEREFS="STYLE1" HEIGHT="72" WIDTH="78" HPOS="1465" VPOS="917" CONTENT="og" WC="0.56" LANG="dan"/>
							<SP ID="SP19" WIDTH="42" HPOS="1543" VPOS="917"/>
							<String ID="STRING24" STYLEREFS="STYLE1" HEIGHT="96" WIDTH="288" HPOS="1585" VPOS="893" CONTENT="Rigerne" WC="0.64" LANG="dan"/>
							<SP ID="SP20" WIDTH="66" HPOS="1873" VPOS="893"/>
							<String ID="STRING25" STYLEREFS="STYLE1" HEIGHT="106" WIDTH="322" HPOS="1939" VPOS="885" CONTENT="lykkelige;" WC="0.67" LANG="dan"/>
							<SP ID="SP21" WIDTH="48" HPOS="2261" VPOS="885"/>
							<String ID="STRING26" STYLEREFS="STYLE1" HEIGHT="58" WIDTH="140" HPOS="2309" VPOS="919" CONTENT="men" WC="0.85" LANG="dan"/>
							<SP ID="SP22" WIDTH="42" HPOS="2449" VPOS="919"/>
							<String ID="STRING27" STYLEREFS="STYLE1" HEIGHT="92" WIDTH="182" HPOS="2491" VPOS="903" CONTENT="ingen" WC="0.73" LANG="dan"/>
						</TextLine>
						<TextLine ID="LINE6" HEIGHT="112" WIDTH="1680" HPOS="993" VPOS="991">
							<String ID="STRING28" STYLEREFS="STYLE1" HEIGHT="92" WIDTH="326" HPOS="993" VPOS="995" CONTENT="bekymrer" WC="0.63" LANG="dan"/>
							<SP ID="SP23" WIDTH="44" HPOS="1319" VPOS="995"/>
							<String ID="STRING29" STYLEREFS="STYLE1" HEIGHT="98" WIDTH="92" HPOS="1363" VPOS="991" CONTENT="sig" WC="0.39" LANG="dan"/>
							<SP ID="SP24" WIDTH="40" HPOS="1455" VPOS="991"/>
							<String ID="STRING30" STYLEREFS="STYLE1" HEIGHT="58" WIDTH="106" HPOS="1495" VPOS="1013" CONTENT="om" WC="0.52" LANG="dan"/>
							<SP ID="SP25" WIDTH="46" HPOS="1601" VPOS="1013"/>
							<String ID="STRING31" STYLEREFS="STYLE1" HEIGHT="72" WIDTH="118" HPOS="1647" VPOS="999" CONTENT="den" WC="0.79" LANG="dan"/>
							<SP ID="SP26" WIDTH="40" HPOS="1765" VPOS="999"/>
							<String ID="STRING32" STYLEREFS="STYLE1" HEIGHT="94" WIDTH="352" HPOS="1805" VPOS="995" CONTENT="medicinste" WC="0.6" LANG="dan"/>
							<SP ID="SP27" WIDTH="42" HPOS="2157" VPOS="995"/>
							<String ID="STRING33" STYLEREFS="STYLE1" HEIGHT="110" WIDTH="280" HPOS="2199" VPOS="993" CONTENT="Politie," WC="0.75" LANG="dan"/>
							<SP ID="SP28" WIDTH="64" HPOS="2479" VPOS="993"/>
							<String ID="STRING34" STYLEREFS="STYLE1" HEIGHT="86" WIDTH="130" HPOS="2543" VPOS="1001" CONTENT="som" WC="0.53" LANG="dan"/>
						</TextLine>
						<TextLine ID="LINE7" HEIGHT="98" WIDTH="1686" HPOS="993" VPOS="1095">
							<String ID="STRING35" STYLEREFS="STYLE1" HEIGHT="92" WIDTH="218" HPOS="993" VPOS="1099" CONTENT="daglig" WC="0.62" LANG="dan"/>
							<SP ID="SP29" WIDTH="42" HPOS="1211" VPOS="1099"/>
							<String ID="STRING36" STYLEREFS="STYLE1" HEIGHT="88" WIDTH="310" HPOS="1253" VPOS="1101" CONTENT="geraader" WC="0.72" LANG="dan"/>
							<SP ID="SP30" WIDTH="38" HPOS="1563" VPOS="1101"/>
							<String ID="STRING37" STYLEREFS="STYLE2" HEIGHT="59" WIDTH="165" HPOS="1601" VPOS="1111" CONTENT="meer" WC="0.83" LANG="dan"/>
							<SP ID="SP31" WIDTH="45" HPOS="1766" VPOS="1111"/>
							<String ID="STRING38" STYLEREFS="STYLE1" HEIGHT="74" WIDTH="80" HPOS="1811" VPOS="1113" CONTENT="og" WC="0.81" LANG="dan"/>
							<SP ID="SP32" WIDTH="44" HPOS="1891" VPOS="1113"/>
							<String ID="STRING39" STYLEREFS="STYLE1" HEIGHT="60" WIDTH="166" HPOS="1935" VPOS="1113" CONTENT="meer" WC="0.9" LANG="dan"/>
							<SP ID="SP33" WIDTH="36" HPOS="2101" VPOS="1113"/>
							<String ID="STRING40" STYLEREFS="STYLE1" HEIGHT="74" WIDTH="18" HPOS="2137" VPOS="1099" CONTENT="i" WC="1" LANG="dan"/>
							<SP ID="SP34" WIDTH="26" HPOS="2155" VPOS="1099"/>
							<String ID="STRING41" STYLEREFS="STYLE1" HEIGHT="98" WIDTH="288" HPOS="2181" VPOS="1095" CONTENT="Forfald." WC="0.64" LANG="dan"/>
							<SP ID="SP35" WIDTH="52" HPOS="2469" VPOS="1095"/>
							<String ID="STRING42" STYLEREFS="STYLE1" HEIGHT="84" WIDTH="158" HPOS="2521" VPOS="1099" CONTENT="Det" WC="0.54" LANG="dan"/>
						</TextLine>
						<TextLine ID="LINE8" HEIGHT="106" WIDTH="1692" HPOS="985" VPOS="1187">
							<String ID="STRING43" STYLEREFS="STYLE1" HEIGHT="88" WIDTH="254" HPOS="985" VPOS="1197" CONTENT="fletteste" WC="0.57" LANG="dan"/>
							<SP ID="SP36" WIDTH="38" HPOS="1239" VPOS="1197"/>
							<String ID="STRING44" STYLEREFS="STYLE1" HEIGHT="98" WIDTH="392" HPOS="1277" VPOS="1191" CONTENT="-Håndværk" WC="0.74" LANG="dan"/>
							<SP ID="SP37" WIDTH="40" HPOS="1669" VPOS="1191"/>
							<String ID="STRING45" STYLEREFS="STYLE1" HEIGHT="60" WIDTH="62" HPOS="1709" VPOS="1211" CONTENT="er" WC="0.7" LANG="dan"/>
							<SP ID="SP38" WIDTH="40" HPOS="1771" VPOS="1211"/>
							<String ID="STRING46" STYLEREFS="STYLE1" HEIGHT="74" WIDTH="144" HPOS="1811" VPOS="1199" CONTENT="med" WC="0.62" LANG="dan"/>
							<SP ID="SP39" WIDTH="44" HPOS="1955" VPOS="1199"/>
							<String ID="STRING47" STYLEREFS="STYLE1" HEIGHT="90" WIDTH="128" HPOS="1999" VPOS="1193" CONTENT="sine" WC="0.93" LANG="dan"/>
							<SP ID="SP40" WIDTH="34" HPOS="2127" VPOS="1193"/>
							<String ID="STRING48" STYLEREFS="STYLE1" HEIGHT="106" WIDTH="380" HPOS="2161" VPOS="1187" CONTENT="Privilegier" WC="0.75" LANG="dan"/>
							<SP ID="SP41" WIDTH="42" HPOS="2541" VPOS="1187"/>
							<String ID="STRING49" STYLEREFS="STYLE1" HEIGHT="78" WIDTH="94" HPOS="2583" VPOS="1201" CONTENT="de«" WC="0.75" LANG="dan"/>
						</TextLine>
						<TextLine ID="LINE9" HEIGHT="118" WIDTH="1712" HPOS="969" VPOS="1273">
							<String ID="STRING50" STYLEREFS="STYLE1" HEIGHT="92" WIDTH="270" HPOS="969" VPOS="1295" CONTENT="-styrtet," WC="0.59" LANG="dan"/>
							<SP ID="SP42" WIDTH="70" HPOS="1239" VPOS="1295"/>
							<String ID="STRING51" STYLEREFS="STYLE1" HEIGHT="94" WIDTH="202" HPOS="1309" VPOS="1293" CONTENT="hvilke" WC="0.84" LANG="dan"/>
							<SP ID="SP43" WIDTH="44" HPOS="1511" VPOS="1293"/>
							<String ID="STRING52" STYLEREFS="STYLE1" HEIGHT="94" WIDTH="194" HPOS="1555" VPOS="1289" CONTENT="ogsaa" WC="0.75" LANG="dan"/>
							<SP ID="SP44" WIDTH="44" HPOS="1749" VPOS="1289"/>
							<String ID="STRING53" STYLEREFS="STYLE1" HEIGHT="82" WIDTH="160" HPOS="1793" VPOS="1289" CONTENT="blive" WC="0.7" LANG="dan"/>
							<SP ID="SP45" WIDTH="42" HPOS="1953" VPOS="1289"/>
							<String ID="STRING54" STYLEREFS="STYLE1" HEIGHT="118" WIDTH="492" HPOS="1995" VPOS="1273" CONTENT="handthævede;" WC="0.7" LANG="dan"/>
							<SP ID="SP46" WIDTH="52" HPOS="2487" VPOS="1273"/>
							<String ID="STRING55" STYLEREFS="STYLE1" HEIGHT="62" WIDTH="142" HPOS="2539" VPOS="1317" CONTENT="men" WC="0.9" LANG="dan"/>
						</TextLine>
						<TextLine ID="LINE10" HEIGHT="108" WIDTH="1664" HPOS="983" VPOS="1387">
							<String ID="STRING56" STYLEREFS="STYLE1" HEIGHT="72" WIDTH="122" HPOS="983" VPOS="1399" CONTENT="den" WC="0.88" LANG="dan"/>
							<SP ID="SP47" WIDTH="44" HPOS="1105" VPOS="1399"/>
							<String ID="STRING57" STYLEREFS="STYLE1" HEIGHT="90" WIDTH="238" HPOS="1149" VPOS="1393" CONTENT="ædleste" WC="0.78" LANG="dan"/>
							<SP ID="SP48" WIDTH="40" HPOS="1387" VPOS="1393"/>
							<String ID="STRING58" STYLEREFS="STYLE1" HEIGHT="92" WIDTH="78" HPOS="1427" VPOS="1387" CONTENT="af" WC="0.66" LANG="dan"/>
							<SP ID="SP49" WIDTH="34" HPOS="1505" VPOS="1387"/>
							<String ID="STRING59" STYLEREFS="STYLE1" HEIGHT="96" WIDTH="532" HPOS="1539" VPOS="1387" CONTENT="Videnstaberne" WC="0.62" LANG="dan"/>
							<SP ID="SP50" WIDTH="44" HPOS="2071" VPOS="1387"/>
							<String ID="STRING60" STYLEREFS="STYLE1" HEIGHT="62" WIDTH="64" HPOS="2115" VPOS="1413" CONTENT="er" WC="0.63" LANG="dan"/>
							<SP ID="SP51" WIDTH="40" HPOS="2179" VPOS="1413"/>
							<String ID="STRING61" STYLEREFS="STYLE1" HEIGHT="76" WIDTH="166" HPOS="2219" VPOS="1399" CONTENT="uden" WC="0.71" LANG="dan"/>
							<SP ID="SP52" WIDTH="34" HPOS="2385" VPOS="1399"/>
							<String ID="STRING62" STYLEREFS="STYLE1" HEIGHT="74" WIDTH="84" HPOS="2419" VPOS="1401" CONTENT="all" WC="1" LANG="dan"/>
							<SP ID="SP53" WIDTH="30" HPOS="2503" VPOS="1401"/>
							<String ID="STRING63" STYLEREFS="STYLE1" HEIGHT="102" WIDTH="114" HPOS="2533" VPOS="1393" CONTENT="Po" SUBS_TYPE="HypPart1" SUBS_CONTENT="Politie," WC="0.34" LANG="dan"/>
							<HYP CONTENT="-"/>
						</TextLine>
						<TextLine ID="LINE11" HEIGHT="100" WIDTH="1662" HPOS="985" VPOS="1489">
							<String ID="STRING64" STYLEREFS="STYLE1" HEIGHT="90" WIDTH="146" HPOS="985" VPOS="1495" CONTENT="litie," SUBS_TYPE="HypPart2" SUBS_CONTENT="Politie," WC="0.79" LANG="dan"/>
							<SP ID="SP54" WIDTH="58" HPOS="1131" VPOS="1495"/>
							<String ID="STRING65" STYLEREFS="STYLE1" HEIGHT="74" WIDTH="80" HPOS="1189" VPOS="1513" CONTENT="og" WC="0.41" LANG="dan"/>
							<SP ID="SP55" WIDTH="46" HPOS="1269" VPOS="1513"/>
							<String ID="STRING66" STYLEREFS="STYLE1" HEIGHT="70" WIDTH="70" HPOS="1315" VPOS="1499" CONTENT="de" WC="0.77" LANG="dan"/>
							<SP ID="SP56" WIDTH="46" HPOS="1385" VPOS="1499"/>
							<String ID="STRING67" STYLEREFS="STYLE1" HEIGHT="100" WIDTH="414" HPOS="1431" VPOS="1489" CONTENT="Privilegier," WC="0.65" LANG="dan"/>
							<SP ID="SP57" WIDTH="40" HPOS="1845" VPOS="1489"/>
							<String ID="STRING68" STYLEREFS="STYLE1" HEIGHT="92" WIDTH="132" HPOS="1885" VPOS="1489" CONTENT="som" WC="0.66" LANG="dan"/>
							<SP ID="SP58" WIDTH="42" HPOS="2017" VPOS="1489"/>
							<String ID="STRING69" STYLEREFS="STYLE1" HEIGHT="74" WIDTH="118" HPOS="2059" VPOS="1499" CONTENT="den" WC="0.86" LANG="dan"/>
							<SP ID="SP59" WIDTH="42" HPOS="2177" VPOS="1499"/>
							<String ID="STRING70" STYLEREFS="STYLE1" HEIGHT="94" WIDTH="140" HPOS="2219" VPOS="1495" CONTENT="har," WC="0.87" LANG="dan"/>
							<SP ID="SP60" WIDTH="44" HPOS="2359" VPOS="1495"/>
							<String ID="STRING71" STYLEREFS="STYLE1" HEIGHT="80" WIDTH="160" HPOS="2403" VPOS="1495" CONTENT="blive" WC="0.78" LANG="dan"/>
							<SP ID="SP61" WIDTH="38" HPOS="2563" VPOS="1495"/>
							<String ID="STRING72" STYLEREFS="STYLE2" HEIGHT="79" WIDTH="46" HPOS="2601" VPOS="1496" CONTENT="n" SUBS_TYPE="HypPart1" SUBS_CONTENT="nsraset" WC="0.73" LANG="dan"/>
							<HYP CONTENT="-"/>
						</TextLine>
						<TextLine ID="LINE12" HEIGHT="106" WIDTH="1691" HPOS="978" VPOS="1587">
							<String ID="STRING73" STYLEREFS="STYLE3" HEIGHT="99" WIDTH="242" HPOS="978" VPOS="1588" CONTENT="sraset" SUBS_TYPE="HypPart2" SUBS_CONTENT="nsraset" WC="0.85" LANG="dan"/>
							<SP ID="SP62" WIDTH="-241" HPOS="1220" VPOS="1588"/>
							<String ID="STRING74" STYLEREFS="STYLE1" HEIGHT="98" WIDTH="242" HPOS="979" VPOS="1589" CONTENT="straffet" WC="0.73" LANG="dan"/>
							<SP ID="SP63" WIDTH="58" HPOS="1221" VPOS="1589"/>
							<String ID="STRING75" STYLEREFS="STYLE1" HEIGHT="74" WIDTH="394" HPOS="1279" VPOS="1597" CONTENT="ovmrædre." WC="0.66" LANG="dan"/>
							<SP ID="SP64" WIDTH="128" HPOS="1673" VPOS="1597"/>
							<String ID="STRING76" STYLEREFS="STYLE1" HEIGHT="84" WIDTH="206" HPOS="1801" VPOS="1587" CONTENT="Naar" WC="0.83" LANG="dan"/>
							<SP ID="SP65" WIDTH="42" HPOS="2007" VPOS="1587"/>
							<String ID="STRING77" STYLEREFS="STYLE1" HEIGHT="74" WIDTH="200" HPOS="2049" VPOS="1599" CONTENT="andre" WC="0.78" LANG="dan"/>
							<SP ID="SP66" WIDTH="36" HPOS="2249" VPOS="1599"/>
							<String ID="STRING78" STYLEREFS="STYLE1" HEIGHT="106" WIDTH="384" HPOS="2285" VPOS="1587" CONTENT="Politielove" WC="0.8" LANG="dan"/>
						</TextLine>
						<TextLine ID="LINE13" HEIGHT="96" WIDTH="1666" HPOS="977" VPOS="1689">
							<String ID="STRING79" STYLEREFS="STYLE1" HEIGHT="90" WIDTH="430" HPOS="977" VPOS="1695" CONTENT="overtrædes," WC="0.82" LANG="dan"/>
							<SP ID="SP67" WIDTH="50" HPOS="1407" VPOS="1695"/>
							<String ID="STRING80" STYLEREFS="STYLE1" HEIGHT="92" WIDTH="136" HPOS="1457" VPOS="1689" CONTENT="som" WC="0.67" LANG="dan"/>
							<SP ID="SP68" WIDTH="41" HPOS="1593" VPOS="1689"/>
							<String ID="STRING81" STYLEREFS="STYLE2" HEIGHT="65" WIDTH="179" HPOS="1634" VPOS="1703" CONTENT="enten" WC="0.88" LANG="dan"/>
							<SP ID="SP69" WIDTH="40" HPOS="1813" VPOS="1703"/>
							<String ID="STRING82" STYLEREFS="STYLE1" HEIGHT="74" WIDTH="254" HPOS="1853" VPOS="1707" CONTENT="angaae" WC="0.93" LANG="dan"/>
							<SP ID="SP70" WIDTH="40" HPOS="2107" VPOS="1707"/>
							<String ID="STRING83" STYLEREFS="STYLE1" HEIGHT="84" WIDTH="310" HPOS="2147" VPOS="1691" CONTENT="Statens" WC="0.71" LANG="dan"/>
							<SP ID="SP71" WIDTH="40" HPOS="2457" VPOS="1691"/>
							<String ID="STRING84" STYLEREFS="STYLE1" HEIGHT="82" WIDTH="146" HPOS="2497" VPOS="1693" CONTENT="Sik" SUBS_TYPE="HypPart1" SUBS_CONTENT="Sikkerhed," WC="0.57" LANG="dan"/>
							<HYP CONTENT="-"/>
						</TextLine>
						<TextLine ID="LINE14" HEIGHT="106" WIDTH="1662" HPOS="979" VPOS="1785">
							<String ID="STRING85" STYLEREFS="STYLE1" HEIGHT="92" WIDTH="262" HPOS="979" VPOS="1789" CONTENT="kerhed," SUBS_TYPE="HypPart2" SUBS_CONTENT="Sikkerhed," WC="0.73" LANG="dan"/>
							<SP ID="SP72" WIDTH="70" HPOS="1241" VPOS="1789"/>
							<String ID="STRING86" STYLEREFS="STYLE1" HEIGHT="74" WIDTH="142" HPOS="1311" VPOS="1793" CONTENT="eller" WC="0.91" LANG="dan"/>
							<SP ID="SP73" WIDTH="60" HPOS="1453" VPOS="1793"/>
							<String ID="STRING87" STYLEREFS="STYLE1" HEIGHT="56" WIDTH="74" HPOS="1513" VPOS="1811" CONTENT="en" WC="1" LANG="dan"/>
							<SP ID="SP74" WIDTH="62" HPOS="1587" VPOS="1811"/>
							<String ID="STRING88" STYLEREFS="STYLE1" HEIGHT="98" WIDTH="684" HPOS="1649" VPOS="1785" CONTENT="Handværksmands" WC="0.82" LANG="dan"/>
							<SP ID="SP75" WIDTH="52" HPOS="2333" VPOS="1785"/>
							<String ID="STRING89" STYLEREFS="STYLE1" HEIGHT="100" WIDTH="256" HPOS="2385" VPOS="1791" CONTENT="Privile" SUBS_TYPE="HypPart1" SUBS_CONTENT="Privilegier," WC="0.82" LANG="dan"/>
							<HYP CONTENT="-"/>
						</TextLine>
						<TextLine ID="LINE15" HEIGHT="102" WIDTH="1696" HPOS="973" VPOS="1885">
							<String ID="STRING90" STYLEREFS="STYLE1" HEIGHT="92" WIDTH="168" HPOS="973" VPOS="1891" CONTENT="gier," SUBS_TYPE="HypPart2" SUBS_CONTENT="Privilegier," WC="0.75" LANG="dan"/>
							<SP ID="SP76" WIDTH="82" HPOS="1141" VPOS="1891"/>
							<String ID="STRING91" STYLEREFS="STYLE1" HEIGHT="92" WIDTH="112" HPOS="1223" VPOS="1885" CONTENT="saa" WC="0.89" LANG="dan"/>
							<SP ID="SP77" WIDTH="62" HPOS="1335" VPOS="1885"/>
							<String ID="STRING92" STYLEREFS="STYLE1" HEIGHT="80" WIDTH="194" HPOS="1397" VPOS="1887" CONTENT="bliver" WC="0.76" LANG="dan"/>
							<SP ID="SP78" WIDTH="56" HPOS="1591" VPOS="1887"/>
							<String ID="STRING93" STYLEREFS="STYLE1" HEIGHT="94" WIDTH="364" HPOS="1647" VPOS="1887" CONTENT="Angiveren" WC="0.83" LANG="dan"/>
							<SP ID="SP79" WIDTH="62" HPOS="2011" VPOS="1887"/>
							<String ID="STRING94" STYLEREFS="STYLE1" HEIGHT="98" WIDTH="332" HPOS="2073" VPOS="1887" CONTENT="belønnet," WC="0.91" LANG="dan"/>
							<SP ID="SP80" WIDTH="88" HPOS="2405" VPOS="1887"/>
							<String ID="STRING95" STYLEREFS="STYLE1" HEIGHT="98" WIDTH="176" HPOS="2493" VPOS="1889" CONTENT="hans" WC="0.89" LANG="dan"/>
						</TextLine>
						<TextLine ID="LINE16" HEIGHT="102" WIDTH="1700" HPOS="971" VPOS="1983">
							<String ID="STRING96" STYLEREFS="STYLE1" HEIGHT="84" WIDTH="222" HPOS="971" VPOS="1985" CONTENT="Navn" WC="0.82" LANG="dan"/>
							<SP ID="SP81" WIDTH="40" HPOS="1193" VPOS="1985"/>
							<String ID="STRING97" STYLEREFS="STYLE1" HEIGHT="94" WIDTH="258" HPOS="1233" VPOS="1983" CONTENT="fortiet," WC="0.58" LANG="dan"/>
							<SP ID="SP82" WIDTH="44" HPOS="1491" VPOS="1983"/>
							<String ID="STRING98" STYLEREFS="STYLE1" HEIGHT="76" WIDTH="80" HPOS="1535" VPOS="2007" CONTENT="og" WC="0.43" LANG="dan"/>
							<SP ID="SP83" WIDTH="64" HPOS="1615" VPOS="2007"/>
							<String ID="STRING99" STYLEREFS="STYLE1" HEIGHT="92" WIDTH="130" HPOS="1679" VPOS="1987" CONTENT="han" WC="0.85" LANG="dan"/>
							<SP ID="SP84" WIDTH="56" HPOS="1809" VPOS="1987"/>
							<String ID="STRING100" STYLEREFS="STYLE1" HEIGHT="96" WIDTH="120" HPOS="1865" VPOS="1985" CONTENT="har" WC="0.65" LANG="dan"/>
							<SP ID="SP85" WIDTH="64" HPOS="1985" VPOS="1985"/>
							<String ID="STRING101" STYLEREFS="STYLE1" HEIGHT="94" WIDTH="186" HPOS="2049" VPOS="1987" CONTENT="ingen" WC="0.77" LANG="dan"/>
							<SP ID="SP86" WIDTH="62" HPOS="2235" VPOS="1987"/>
							<String ID="STRING102" STYLEREFS="STYLE1" HEIGHT="94" WIDTH="374" HPOS="2297" VPOS="1991" CONTENT="Meylighed" WC="0.66" LANG="dan"/>
						</TextLine>
						<TextLine ID="LINE17" HEIGHT="104" WIDTH="1668" HPOS="971" VPOS="2079">
							<String ID="STRING103" STYLEREFS="STYLE1" HEIGHT="100" WIDTH="244" HPOS="971" VPOS="2083" CONTENT="herfore" WC="0.74" LANG="dan"/>
							<SP ID="SP87" WIDTH="42" HPOS="1215" VPOS="2083"/>
							<String ID="STRING104" STYLEREFS="STYLE1" HEIGHT="62" WIDTH="72" HPOS="1257" VPOS="2101" CONTENT="at" WC="0.65" LANG="dan"/>
							<SP ID="SP88" WIDTH="40" HPOS="1329" VPOS="2101"/>
							<String ID="STRING105" STYLEREFS="STYLE1" HEIGHT="100" WIDTH="282" HPOS="1369" VPOS="2081" CONTENT="befrygte" WC="0.66" LANG="dan"/>
							<SP ID="SP89" WIDTH="42" HPOS="1651" VPOS="2081"/>
							<String ID="STRING106" STYLEREFS="STYLE1" HEIGHT="100" WIDTH="102" HPOS="1693" VPOS="2079" CONTENT="for" WC="0.51" LANG="dan"/>
							<SP ID="SP90" WIDTH="44" HPOS="1795" VPOS="2079"/>
							<String ID="STRING107" STYLEREFS="STYLE1" HEIGHT="86" WIDTH="96" HPOS="1839" VPOS="2089" CONTENT="sin" WC="0.91" LANG="dan"/>
							<SP ID="SP91" WIDTH="34" HPOS="1935" VPOS="2089"/>
							<String ID="STRING108" STYLEREFS="STYLE1" HEIGHT="104" WIDTH="276" HPOS="1969" VPOS="2079" CONTENT="Person." WC="0.84" LANG="dan"/>
							<SP ID="SP92" WIDTH="102" HPOS="2245" VPOS="2079"/>
							<String ID="STRING109" STYLEREFS="STYLE1" HEIGHT="88" WIDTH="142" HPOS="2347" VPOS="2083" CONTENT="Wil" WC="0.74" LANG="dan"/>
							<SP ID="SP93" WIDTH="40" HPOS="2489" VPOS="2083"/>
							<String ID="STRING110" STYLEREFS="STYLE1" HEIGHT="74" WIDTH="110" HPOS="2529" VPOS="2095" CONTENT="der" SUBS_TYPE="HypPart1" SUBS_CONTENT="derimod" WC="0.61" LANG="dan"/>
							<HYP CONTENT="-"/>
						</TextLine>
						<TextLine ID="LINE18" HEIGHT="102" WIDTH="1660" HPOS="971" VPOS="2181">
							<String ID="STRING111" STYLEREFS="STYLE1" HEIGHT="76" WIDTH="174" HPOS="971" VPOS="2189" CONTENT="imod" SUBS_TYPE="HypPart2" SUBS_CONTENT="derimod" WC="0.44" LANG="dan"/>
							<SP ID="SP94" WIDTH="44" HPOS="1145" VPOS="2189"/>
							<String ID="STRING112" STYLEREFS="STYLE1" HEIGHT="56" WIDTH="74" HPOS="1189" VPOS="2205" CONTENT="en" WC="1" LANG="dan"/>
							<SP ID="SP95" WIDTH="42" HPOS="1263" VPOS="2205"/>
							<String ID="STRING113" STYLEREFS="STYLE1" HEIGHT="94" WIDTH="172" HPOS="1305" VPOS="2183" CONTENT="Læge" WC="0.75" LANG="dan"/>
							<SP ID="SP96" WIDTH="44" HPOS="1477" VPOS="2183"/>
							<String ID="STRING114" STYLEREFS="STYLE1" HEIGHT="94" WIDTH="256" HPOS="1521" VPOS="2187" CONTENT="begiære" WC="0.77" LANG="dan"/>
							<SP ID="SP97" WIDTH="44" HPOS="1777" VPOS="2187"/>
							<String ID="STRING115" STYLEREFS="STYLE1" HEIGHT="100" WIDTH="384" HPOS="1821" VPOS="2181" CONTENT="Bestyrtelse" WC="0.62" LANG="dan"/>
							<SP ID="SP98" WIDTH="28" HPOS="2205" VPOS="2181"/>
							<String ID="STRING116" STYLEREFS="STYLE1" HEIGHT="72" WIDTH="132" HPOS="2233" VPOS="2205" CONTENT="paa" WC="0.92" LANG="dan"/>
							<SP ID="SP99" WIDTH="24" HPOS="2365" VPOS="2205"/>
							<String ID="STRING117" STYLEREFS="STYLE1" HEIGHT="94" WIDTH="80" HPOS="2389" VPOS="2189" CONTENT="sit" WC="0.64" LANG="dan"/>
							<SP ID="SP100" WIDTH="28" HPOS="2469" VPOS="2189"/>
							<String ID="STRING118" STYLEREFS="STYLE1" HEIGHT="98" WIDTH="134" HPOS="2497" VPOS="2185" CONTENT="Pri" SUBS_TYPE="HypPart1" SUBS_CONTENT="Privilegium," WC="0.73" LANG="dan"/>
							<HYP CONTENT="-"/>
						</TextLine>
						<TextLine ID="LINE19" HEIGHT="104" WIDTH="1698" HPOS="969" VPOS="2279">
							<String ID="STRING119" STYLEREFS="STYLE1" HEIGHT="92" WIDTH="326" HPOS="969" VPOS="2287" CONTENT="vilegium," SUBS_TYPE="HypPart2" SUBS_CONTENT="Privilegium," WC="0.8" LANG="dan"/>
							<SP ID="SP101" WIDTH="40" HPOS="1295" VPOS="2287"/>
							<String ID="STRING120" STYLEREFS="STYLE1" HEIGHT="92" WIDTH="114" HPOS="1335" VPOS="2279" CONTENT="saa" WC="0.81" LANG="dan"/>
							<SP ID="SP102" WIDTH="42" HPOS="1449" VPOS="2279"/>
							<String ID="STRING121" STYLEREFS="STYLE1" HEIGHT="78" WIDTH="164" HPOS="1491" VPOS="2285" CONTENT="vilde" WC="0.77" LANG="dan"/>
							<SP ID="SP103" WIDTH="42" HPOS="1655" VPOS="2285"/>
							<String ID="STRING122" STYLEREFS="STYLE1" HEIGHT="60" WIDTH="160" HPOS="1697" VPOS="2303" CONTENT="man" WC="0.98" LANG="dan"/>
							<SP ID="SP104" WIDTH="40" HPOS="1857" VPOS="2303"/>
							<String ID="STRING123" STYLEREFS="STYLE1" HEIGHT="96" WIDTH="78" HPOS="1897" VPOS="2281" CONTENT="af" WC="0.85" LANG="dan"/>
							<SP ID="SP105" WIDTH="50" HPOS="1975" VPOS="2281"/>
							<String ID="STRING124" STYLEREFS="STYLE1" HEIGHT="58" WIDTH="72" HPOS="2025" VPOS="2305" CONTENT="en" WC="1" LANG="dan"/>
							<SP ID="SP106" WIDTH="66" HPOS="2097" VPOS="2305"/>
							<String ID="STRING125" STYLEREFS="STYLE1" HEIGHT="104" WIDTH="276" HPOS="2163" VPOS="2279" CONTENT="offentlig" WC="0.76" LANG="dan"/>
							<SP ID="SP107" WIDTH="44" HPOS="2439" VPOS="2279"/>
							<String ID="STRING126" STYLEREFS="STYLE1" HEIGHT="96" WIDTH="184" HPOS="2483" VPOS="2285" CONTENT="Sag" WC="0.53" LANG="dan"/>
						</TextLine>
						<TextLine ID="LINE20" HEIGHT="116" WIDTH="1694" HPOS="973" VPOS="2363">
							<String ID="STRING127" STYLEREFS="STYLE1" HEIGHT="92" WIDTH="84" HPOS="973" VPOS="2381" CONTENT="see" WC="0.95" LANG="dan"/>
							<SP ID="SP108" WIDTH="40" HPOS="1057" VPOS="2381"/>
							<String ID="STRING128" STYLEREFS="STYLE1" HEIGHT="56" WIDTH="76" HPOS="1097" VPOS="2403" CONTENT="en" WC="1" LANG="dan"/>
							<SP ID="SP109" WIDTH="44" HPOS="1173" VPOS="2403"/>
							<String ID="STRING129" STYLEREFS="STYLE1" HEIGHT="90" WIDTH="242" HPOS="1217" VPOS="2385" CONTENT="privat," WC="0.79" LANG="dan"/>
							<SP ID="SP110" WIDTH="46" HPOS="1459" VPOS="2385"/>
							<String ID="STRING130" STYLEREFS="STYLE1" HEIGHT="74" WIDTH="82" HPOS="1505" VPOS="2403" CONTENT="og" WC="0.63" LANG="dan"/>
							<SP ID="SP111" WIDTH="20" HPOS="1587" VPOS="2403"/>
							<String ID="STRING131" STYLEREFS="STYLE1" HEIGHT="96" WIDTH="218" HPOS="1607" VPOS="2381" CONTENT="Lægen" WC="0.81" LANG="dan"/>
							<SP ID="SP112" WIDTH="42" HPOS="1825" VPOS="2381"/>
							<String ID="STRING132" STYLEREFS="STYLE1" HEIGHT="98" WIDTH="174" HPOS="1867" VPOS="2379" CONTENT="finde" WC="0.87" LANG="dan"/>
							<SP ID="SP113" WIDTH="40" HPOS="2041" VPOS="2379"/>
							<String ID="STRING133" STYLEREFS="STYLE1" HEIGHT="96" WIDTH="92" HPOS="2081" VPOS="2383" CONTENT="sig" WC="0.45" LANG="dan"/>
							<SP ID="SP114" WIDTH="40" HPOS="2173" VPOS="2383"/>
							<String ID="STRING134" STYLEREFS="STYLE1" HEIGHT="116" WIDTH="270" HPOS="2213" VPOS="2363" CONTENT="forsuglt" WC="0.72" LANG="dan"/>
							<SP ID="SP115" WIDTH="38" HPOS="2483" VPOS="2363"/>
							<String ID="STRING135" STYLEREFS="STYLE1" HEIGHT="76" WIDTH="146" HPOS="2521" VPOS="2391" CONTENT="med" WC="0.75" LANG="dan"/>
						</TextLine>
						<TextLine ID="LINE21" HEIGHT="102" WIDTH="1694" HPOS="969" VPOS="2479">
							<String ID="STRING136" STYLEREFS="STYLE1" HEIGHT="98" WIDTH="172" HPOS="969" VPOS="2481" CONTENT="Had" WC="0.58" LANG="dan"/>
							<SP ID="SP116" WIDTH="32" HPOS="1141" VPOS="2481"/>
							<String ID="STRING137" STYLEREFS="STYLE1" HEIGHT="74" WIDTH="78" HPOS="1173" VPOS="2503" CONTENT="og" WC="0.32" LANG="dan"/>
							<SP ID="SP117" WIDTH="26" HPOS="1251" VPOS="2503"/>
							<String ID="STRING138" STYLEREFS="STYLE1" HEIGHT="100" WIDTH="378" HPOS="1277" VPOS="2479" CONTENT="Fiendstab," WC="0.63" LANG="dan"/>
							<SP ID="SP118" WIDTH="42" HPOS="1655" VPOS="2479"/>
							<String ID="STRING139" STYLEREFS="STYLE1" HEIGHT="94" WIDTH="68" HPOS="1697" VPOS="2481" CONTENT="ja" WC="0.74" LANG="dan"/>
							<SP ID="SP119" WIDTH="26" HPOS="1765" VPOS="2481"/>
							<String ID="STRING140" STYLEREFS="STYLE1" HEIGHT="82" WIDTH="298" HPOS="1791" VPOS="2481" CONTENT="indviklet" WC="0.72" LANG="dan"/>
							<SP ID="SP120" WIDTH="34" HPOS="2089" VPOS="2481"/>
							<String ID="STRING141" STYLEREFS="STYLE1" HEIGHT="76" WIDTH="20" HPOS="2123" VPOS="2485" CONTENT="i" WC="0.59" LANG="dan"/>
							<SP ID="SP121" WIDTH="36" HPOS="2143" VPOS="2485"/>
							<String ID="STRING142" STYLEREFS="STYLE1" HEIGHT="60" WIDTH="74" HPOS="2179" VPOS="2503" CONTENT="en" WC="1" LANG="dan"/>
							<SP ID="SP122" WIDTH="26" HPOS="2253" VPOS="2503"/>
							<String ID="STRING143" STYLEREFS="STYLE1" HEIGHT="102" WIDTH="384" HPOS="2279" VPOS="2479" CONTENT="fortrædelig" WC="0.74" LANG="dan"/>
						</TextLine>
						<TextLine ID="LINE22" HEIGHT="102" WIDTH="1694" HPOS="969" VPOS="2579">
							<String ID="STRING144" STYLEREFS="STYLE1" HEIGHT="100" WIDTH="282" HPOS="969" VPOS="2581" CONTENT="Proces." WC="0.78" LANG="dan"/>
							<SP ID="SP123" WIDTH="136" HPOS="1251" VPOS="2581"/>
							<String ID="STRING145" STYLEREFS="STYLE1" HEIGHT="96" WIDTH="398" HPOS="1387" VPOS="2579" CONTENT="Desuagtet" WC="0.7" LANG="dan"/>
							<SP ID="SP124" WIDTH="60" HPOS="1785" VPOS="2579"/>
							<String ID="STRING146" STYLEREFS="STYLE1" HEIGHT="60" WIDTH="66" HPOS="1845" VPOS="2603" CONTENT="er" WC="0.66" LANG="dan"/>
							<SP ID="SP125" WIDTH="54" HPOS="1911" VPOS="2603"/>
							<String ID="STRING147" STYLEREFS="STYLE1" HEIGHT="76" WIDTH="102" HPOS="1965" VPOS="2587" CONTENT="det" WC="0.57" LANG="dan"/>
							<SP ID="SP126" WIDTH="58" HPOS="2067" VPOS="2587"/>
							<String ID="STRING148" STYLEREFS="STYLE1" HEIGHT="88" WIDTH="128" HPOS="2125" VPOS="2587" CONTENT="dog" WC="0.37" LANG="dan"/>
							<SP ID="SP127" WIDTH="52" HPOS="2253" VPOS="2587"/>
							<String ID="STRING149" STYLEREFS="STYLE1" HEIGHT="96" WIDTH="358" HPOS="2305" VPOS="2583" CONTENT="aabenbar," WC="0.79" LANG="dan"/>
						</TextLine>
						<TextLine ID="LINE23" HEIGHT="100" WIDTH="1699" HPOS="967" VPOS="2679">
							<String ID="STRING150" STYLEREFS="STYLE1" HEIGHT="60" WIDTH="72" HPOS="967" VPOS="2701" CONTENT="ar" WC="0.64" LANG="dan"/>
							<SP ID="SP128" WIDTH="36" HPOS="1039" VPOS="2701"/>
							<String ID="STRING151" STYLEREFS="STYLE1" HEIGHT="60" WIDTH="168" HPOS="1075" VPOS="2701" CONTENT="naar" WC="0.83" LANG="dan"/>
							<SP ID="SP129" WIDTH="36" HPOS="1243" VPOS="2701"/>
							<String ID="STRING152" STYLEREFS="STYLE1" HEIGHT="62" WIDTH="58" HPOS="1279" VPOS="2697" CONTENT="et" WC="0.64" LANG="dan"/>
							<SP ID="SP130" WIDTH="40" HPOS="1337" VPOS="2697"/>
							<String ID="STRING153" STYLEREFS="STYLE1" HEIGHT="94" WIDTH="220" HPOS="1377" VPOS="2679" CONTENT="Laugs" WC="0.73" LANG="dan"/>
							<SP ID="SP131" WIDTH="36" HPOS="1597" VPOS="2679"/>
							<String ID="STRING154" STYLEREFS="STYLE1" HEIGHT="100" WIDTH="384" HPOS="1633" VPOS="2679" CONTENT="Privilegier" WC="0.75" LANG="dan"/>
							<SP ID="SP132" WIDTH="42" HPOS="2017" VPOS="2679"/>
							<String ID="STRING155" STYLEREFS="STYLE1" HEIGHT="86" WIDTH="422" HPOS="2059" VPOS="2689" CONTENT="overtrædes," WC="0.8" LANG="dan"/>
							<SP ID="SP133" WIDTH="65" HPOS="2481" VPOS="2689"/>
							<String ID="STRING156" STYLEREFS="STYLE2" HEIGHT="94" WIDTH="120" HPOS="2546" VPOS="2680" CONTENT="saae" WC="0.77" LANG="dan"/>
						</TextLine>
						<TextLine ID="LINE24" HEIGHT="104" WIDTH="1652" HPOS="967" VPOS="2775">
							<String ID="STRING157" STYLEREFS="STYLE1" HEIGHT="76" WIDTH="120" HPOS="967" VPOS="2785" CONTENT="lide" WC="0.75" LANG="dan"/>
							<SP ID="SP134" WIDTH="52" HPOS="1087" VPOS="2785"/>
							<String ID="STRING158" STYLEREFS="STYLE1" HEIGHT="72" WIDTH="200" HPOS="1139" VPOS="2787" CONTENT="allene" WC="1" LANG="nob"/>
							<SP ID="SP135" WIDTH="48" HPOS="1339" VPOS="2787"/>
							<String ID="STRING159" STYLEREFS="STYLE1" HEIGHT="74" WIDTH="74" HPOS="1387" VPOS="2787" CONTENT="de" WC="0.66" LANG="dan"/>
							<SP ID="SP136" WIDTH="52" HPOS="1461" VPOS="2787"/>
							<String ID="STRING160" STYLEREFS="STYLE1" HEIGHT="96" WIDTH="112" HPOS="1513" VPOS="2775" CONTENT="faa" WC="0.84" LANG="dan"/>
							<SP ID="SP137" WIDTH="58" HPOS="1625" VPOS="2775"/>
							<String ID="STRING161" STYLEREFS="STYLE1" HEIGHT="100" WIDTH="358" HPOS="1683" VPOS="2779" CONTENT="Personer," WC="0.78" LANG="dan"/>
							<SP ID="SP138" WIDTH="74" HPOS="2041" VPOS="2779"/>
							<String ID="STRING162" STYLEREFS="STYLE1" HEIGHT="92" WIDTH="128" HPOS="2115" VPOS="2779" CONTENT="som" WC="0.67" LANG="dan"/>
							<SP ID="SP139" WIDTH="44" HPOS="2243" VPOS="2779"/>
							<String ID="STRING163" STYLEREFS="STYLE1" HEIGHT="60" WIDTH="92" HPOS="2287" VPOS="2801" CONTENT="ere" WC="0.89" LANG="dan"/>
							<SP ID="SP140" WIDTH="48" HPOS="2379" VPOS="2801"/>
							<String ID="STRING164" STYLEREFS="STYLE1" HEIGHT="74" WIDTH="20" HPOS="2427" VPOS="2783" CONTENT="i" WC="1" LANG="dan"/>
							<SP ID="SP141" WIDTH="42" HPOS="2447" VPOS="2783"/>
							<String ID="STRING165" STYLEREFS="STYLE1" HEIGHT="84" WIDTH="130" HPOS="2489" VPOS="2779" CONTENT="Lau" SUBS_TYPE="HypPart1" SUBS_CONTENT="Lauget;" WC="0.65" LANG="deu"/>
							<HYP CONTENT="-"/>
						</TextLine>
						<TextLine ID="LINE25" HEIGHT="100" WIDTH="1652" HPOS="965" VPOS="2877">
							<String ID="STRING166" STYLEREFS="STYLE1" HEIGHT="80" WIDTH="140" HPOS="965" VPOS="2897" CONTENT="get;" SUBS_TYPE="HypPart2" SUBS_CONTENT="Lauget;" WC="0.61" LANG="deu"/>
							<SP ID="SP142" WIDTH="50" HPOS="1105" VPOS="2897"/>
							<String ID="STRING167" STYLEREFS="STYLE1" HEIGHT="60" WIDTH="146" HPOS="1155" VPOS="2901" CONTENT="men" WC="0.94" LANG="dan"/>
							<SP ID="SP143" WIDTH="44" HPOS="1301" VPOS="2901"/>
							<String ID="STRING168" STYLEREFS="STYLE1" HEIGHT="58" WIDTH="168" HPOS="1345" VPOS="2901" CONTENT="naar" WC="0.88" LANG="dan"/>
							<SP ID="SP144" WIDTH="38" HPOS="1513" VPOS="2901"/>
							<String ID="STRING169" STYLEREFS="STYLE1" HEIGHT="94" WIDTH="322" HPOS="1551" VPOS="2879" CONTENT="Lægernes" WC="0.75" LANG="dan"/>
							<SP ID="SP145" WIDTH="48" HPOS="1873" VPOS="2879"/>
							<String ID="STRING170" STYLEREFS="STYLE1" HEIGHT="100" WIDTH="388" HPOS="1921" VPOS="2877" CONTENT="Privilegier" WC="0.62" LANG="dan"/>
							<SP ID="SP146" WIDTH="42" HPOS="2309" VPOS="2877"/>
							<String ID="STRING171" STYLEREFS="STYLE1" HEIGHT="62" WIDTH="266" HPOS="2351" VPOS="2897" CONTENT="overtræ" SUBS_TYPE="HypPart1" SUBS_CONTENT="overtrædes," WC="0.77" LANG="dan"/>
							<HYP CONTENT="-"/>
						</TextLine>
						<TextLine ID="LINE26" HEIGHT="100" WIDTH="1680" HPOS="967" VPOS="2977">
							<String ID="STRING172" STYLEREFS="STYLE1" HEIGHT="90" WIDTH="154" HPOS="967" VPOS="2987" CONTENT="des," SUBS_TYPE="HypPart2" SUBS_CONTENT="overtrædes," WC="0.83" LANG="dan"/>
							<SP ID="SP147" WIDTH="68" HPOS="1121" VPOS="2987"/>
							<String ID="STRING173" STYLEREFS="STYLE1" HEIGHT="74" WIDTH="80" HPOS="1189" VPOS="3001" CONTENT="og" WC="0.46" LANG="dan"/>
							<SP ID="SP148" WIDTH="58" HPOS="1269" VPOS="3001"/>
							<String ID="STRING174" STYLEREFS="STYLE1" HEIGHT="76" WIDTH="110" HPOS="1327" VPOS="2987" CONTENT="der" WC="0.65" LANG="dan"/>
							<SP ID="SP149" WIDTH="56" HPOS="1437" VPOS="2987"/>
							<String ID="STRING175" STYLEREFS="STYLE1" HEIGHT="58" WIDTH="64" HPOS="1493" VPOS="3001" CONTENT="er" WC="0.81" LANG="dan"/>
							<SP ID="SP150" WIDTH="40" HPOS="1557" VPOS="3001"/>
							<String ID="STRING176" STYLEREFS="STYLE1" HEIGHT="94" WIDTH="184" HPOS="1597" VPOS="2981" CONTENT="ingen" WC="0.77" LANG="dan"/>
							<SP ID="SP151" WIDTH="40" HPOS="1781" VPOS="2981"/>
							<String ID="STRING177" STYLEREFS="STYLE1" HEIGHT="100" WIDTH="318" HPOS="1821" VPOS="2977" CONTENT="medicinst" WC="0.59" LANG="dan"/>
							<SP ID="SP152" WIDTH="38" HPOS="2139" VPOS="2977"/>
							<String ID="STRING178" STYLEREFS="STYLE1" HEIGHT="100" WIDTH="280" HPOS="2177" VPOS="2977" CONTENT="Politie," WC="0.71" LANG="dan"/>
							<SP ID="SP153" WIDTH="74" HPOS="2457" VPOS="2977"/>
							<String ID="STRING179" STYLEREFS="STYLE1" HEIGHT="96" WIDTH="116" HPOS="2531" VPOS="2977" CONTENT="saa" WC="0.79" LANG="dan"/>
						</TextLine>
						<TextLine ID="LINE27" HEIGHT="98" WIDTH="1686" HPOS="963" VPOS="3077">
							<String ID="STRING180" STYLEREFS="STYLE1" HEIGHT="78" WIDTH="118" HPOS="963" VPOS="3081" CONTENT="lide" WC="0.82" LANG="dan"/>
							<SP ID="SP154" WIDTH="38" HPOS="1081" VPOS="3081"/>
							<String ID="STRING181" STYLEREFS="STYLE1" HEIGHT="74" WIDTH="120" HPOS="1119" VPOS="3087" CONTENT="alle" WC="1" LANG="dan"/>
							<SP ID="SP155" WIDTH="24" HPOS="1239" VPOS="3087"/>
							<String ID="STRING182" STYLEREFS="STYLE1" HEIGHT="96" WIDTH="370" HPOS="1263" VPOS="3079" CONTENT="Mennesker" WC="0.74" LANG="dan"/>
							<SP ID="SP156" WIDTH="48" HPOS="1633" VPOS="3079"/>
							<String ID="STRING183" STYLEREFS="STYLE1" HEIGHT="76" WIDTH="328" HPOS="1681" VPOS="3085" CONTENT="derunder." WC="0.64" LANG="dan"/>
							<SP ID="SP157" WIDTH="40" HPOS="2009" VPOS="3085"/>
							<String ID="STRING184" STYLEREFS="STYLE1" HEIGHT="12" WIDTH="124" HPOS="2049" VPOS="3121" CONTENT="—" WC="1" LANG="dan"/>
							<SP ID="SP158" WIDTH="46" HPOS="2173" VPOS="3121"/>
							<String ID="STRING185" STYLEREFS="STYLE1" HEIGHT="86" WIDTH="204" HPOS="2219" VPOS="3077" CONTENT="Vore" WC="0.55" LANG="dan"/>
							<SP ID="SP159" WIDTH="38" HPOS="2423" VPOS="3077"/>
							<String ID="STRING186" STYLEREFS="STYLE1" HEIGHT="74" WIDTH="188" HPOS="2461" VPOS="3099" CONTENT="nyere" WC="0.96" LANG="dan"/>
						</TextLine>
						<TextLine ID="LINE28" HEIGHT="106" WIDTH="1670" HPOS="959" VPOS="3171">
							<String ID="STRING187" STYLEREFS="STYLE1" HEIGHT="84" WIDTH="414" HPOS="959" VPOS="3177" CONTENT="Oekonomer" WC="0.78" LANG="dan"/>
							<SP ID="SP160" WIDTH="46" HPOS="1373" VPOS="3177"/>
							<String ID="STRING188" STYLEREFS="STYLE1" HEIGHT="94" WIDTH="202" HPOS="1419" VPOS="3183" CONTENT="striide" WC="0.6" LANG="dan"/>
							<SP ID="SP161" WIDTH="42" HPOS="1621" VPOS="3183"/>
							<String ID="STRING189" STYLEREFS="STYLE1" HEIGHT="94" WIDTH="102" HPOS="1663" VPOS="3179" CONTENT="for" WC="0.71" LANG="dan"/>
							<SP ID="SP162" WIDTH="40" HPOS="1765" VPOS="3179"/>
							<String ID="STRING190" STYLEREFS="STYLE1" HEIGHT="62" WIDTH="68" HPOS="1805" VPOS="3199" CONTENT="ar" WC="0.64" LANG="dan"/>
							<SP ID="SP163" WIDTH="40" HPOS="1873" VPOS="3199"/>
							<String ID="STRING191" STYLEREFS="STYLE1" HEIGHT="100" WIDTH="144" HPOS="1913" VPOS="3175" CONTENT="faae" WC="1" LANG="dan"/>
							<SP ID="SP164" WIDTH="38" HPOS="2057" VPOS="3175"/>
							<String ID="STRING192" STYLEREFS="STYLE1" HEIGHT="100" WIDTH="290" HPOS="2095" VPOS="3175" CONTENT="Laugene" WC="0.84" LANG="nob"/>
							<SP ID="SP165" WIDTH="34" HPOS="2385" VPOS="3175"/>
							<String ID="STRING193" STYLEREFS="STYLE1" HEIGHT="104" WIDTH="210" HPOS="2419" VPOS="3171" CONTENT="afstaf" SUBS_TYPE="HypPart1" SUBS_CONTENT="afstaffede," WC="0.88" LANG="dan"/>
							<HYP CONTENT="-"/>
						</TextLine>
						<TextLine ID="LINE29" HEIGHT="100" WIDTH="1688" HPOS="959" VPOS="3275">
							<String ID="STRING194" STYLEREFS="STYLE1" HEIGHT="98" WIDTH="178" HPOS="959" VPOS="3275" CONTENT="fede," SUBS_TYPE="HypPart2" SUBS_CONTENT="afstaffede," WC="0.81" LANG="dan"/>
							<SP ID="SP166" WIDTH="74" HPOS="1137" VPOS="3275"/>
							<String ID="STRING195" STYLEREFS="STYLE1" HEIGHT="72" WIDTH="134" HPOS="1211" VPOS="3301" CONTENT="paa" WC="1" LANG="dan"/>
							<SP ID="SP167" WIDTH="70" HPOS="1345" VPOS="3301"/>
							<String ID="STRING196" STYLEREFS="STYLE1" HEIGHT="72" WIDTH="100" HPOS="1415" VPOS="3289" CONTENT="det" WC="0.55" LANG="dan"/>
							<SP ID="SP168" WIDTH="74" HPOS="1515" VPOS="3289"/>
							<String ID="STRING197" STYLEREFS="STYLE1" HEIGHT="58" WIDTH="70" HPOS="1589" VPOS="3301" CONTENT="ar" WC="0.65" LANG="dan"/>
							<SP ID="SP169" WIDTH="66" HPOS="1659" VPOS="3301"/>
							<String ID="STRING198" STYLEREFS="STYLE1" HEIGHT="74" WIDTH="74" HPOS="1725" VPOS="3287" CONTENT="de" WC="0.74" LANG="dan"/>
							<SP ID="SP170" WIDTH="74" HPOS="1799" VPOS="3287"/>
							<String ID="STRING199" STYLEREFS="STYLE1" HEIGHT="94" WIDTH="152" HPOS="1873" VPOS="3281" CONTENT="beste" WC="0.71" LANG="nob"/>
							<SP ID="SP171" WIDTH="70" HPOS="2025" VPOS="3281"/>
							<String ID="STRING200" STYLEREFS="STYLE1" HEIGHT="92" WIDTH="278" HPOS="2095" VPOS="3279" CONTENT="Mestere" WC="0.77" LANG="nob"/>
							<SP ID="SP172" WIDTH="68" HPOS="2373" VPOS="3279"/>
							<String ID="STRING201" STYLEREFS="STYLE1" HEIGHT="98" WIDTH="206" HPOS="2441" VPOS="3277" CONTENT="stulde" WC="0.72" LANG="dan"/>
						</TextLine>
						<TextLine ID="LINE30" HEIGHT="104" WIDTH="1684" HPOS="959" VPOS="3377">
							<String ID="STRING202" STYLEREFS="STYLE1" HEIGHT="96" WIDTH="162" HPOS="959" VPOS="3377" CONTENT="have" WC="0.72" LANG="dan"/>
							<SP ID="SP173" WIDTH="44" HPOS="1121" VPOS="3377"/>
							<String ID="STRING203" STYLEREFS="STYLE1" HEIGHT="80" WIDTH="122" HPOS="1165" VPOS="3383" CONTENT="den" WC="0.79" LANG="dan"/>
							<SP ID="SP174" WIDTH="42" HPOS="1287" VPOS="3383"/>
							<String ID="STRING204" STYLEREFS="STYLE1" HEIGHT="98" WIDTH="218" HPOS="1329" VPOS="3383" CONTENT="største" WC="0.58" LANG="dan"/>
							<SP ID="SP175" WIDTH="40" HPOS="1547" VPOS="3383"/>
							<String ID="STRING205" STYLEREFS="STYLE1" HEIGHT="102" WIDTH="306" HPOS="1587" VPOS="3379" CONTENT="Næring," WC="0.66" LANG="dan"/>
							<SP ID="SP176" WIDTH="44" HPOS="1893" VPOS="3379"/>
							<String ID="STRING206" STYLEREFS="STYLE1" HEIGHT="82" WIDTH="176" HPOS="1937" VPOS="3397" CONTENT="ogat" WC="0.59" LANG="dan"/>
							<SP ID="SP177" WIDTH="38" HPOS="2113" VPOS="3397"/>
							<String ID="STRING207" STYLEREFS="STYLE1" HEIGHT="86" WIDTH="122" HPOS="2151" VPOS="3377" CONTENT="ikke" WC="0.83" LANG="dan"/>
							<SP ID="SP178" WIDTH="36" HPOS="2273" VPOS="3377"/>
							<String ID="STRING208" STYLEREFS="STYLE1" HEIGHT="96" WIDTH="108" HPOS="2309" VPOS="3379" CONTENT="saa" WC="0.96" LANG="dan"/>
							<SP ID="SP179" WIDTH="40" HPOS="2417" VPOS="3379"/>
							<String ID="STRING209" STYLEREFS="STYLE1" HEIGHT="62" WIDTH="186" HPOS="2457" VPOS="3399" CONTENT="man-" WC="0.81" LANG="dan"/>
						</TextLine>
					</TextBlock>
					<TextBlock xs:type="TextBlockType" ID="ZONE1143073" HEIGHT="76" WIDTH="160" HPOS="2479" VPOS="3497" xlink:type="simple">
						<TextLine ID="LINE31" HEIGHT="76" WIDTH="160" HPOS="2479" VPOS="3497">
							<String ID="STRING210" STYLEREFS="STYLE1" HEIGHT="12" WIDTH="8" HPOS="2479" VPOS="3551" CONTENT="^" WC="1" LANG="dan"/>
							<SP ID="SP180" WIDTH="82" HPOS="2487" VPOS="3551"/>
							<String ID="STRING211" STYLEREFS="STYLE1" HEIGHT="76" WIDTH="70" HPOS="2569" VPOS="3497" CONTENT="ge" WC="0.63" LANG="dan"/>
						</TextLine>
					</TextBlock>
				</ComposedBlock>
			</PrintSpace>
		</Page>
	</Layout>
</alto>
