2857 4515
875 489 94 46 IS

868 694 160 62 Maa
1059 675 208 81 betale
1297 674 205 94 alting
1531 678 170 86 dyrt.
1805 671 222 88 Dette
2059 673 186 98 synes
2273 672 141 98 mig
2441 672 156 84 bur»

868 813 74 74 de
976 807 202 96 ogsaa
1218 808 352 78 overveies.

1076 1011 118 86 En
1258 1005 654 99 Compagnie-Chef
1956 1013 120 76 ved
2132 1006 466 94 Soe-Etaten,

866 1163 76 60 en
970 1138 582 97 Cscadrons-Chef
1570 1154 82 82 og
1688 1159 74 58 en
1782 1137 368 98 Capimin,
2208 1138 134 92 som
2380 1136 132 92 har
2542 1150 62 64 et

869 1274 416 95 Compagnie
1315 1280 118 70 ved
1467 1284 74 68 de
1579 1271 356 95 gevorbene
1979 1269 474 94 Regimenter,
2503 1288 100 58 ere

865 1411 80 76 de
987 1403 188 98 første
1221 1404 134 90 som
1401 1422 160 58 man
1593 1407 384 88 nogenledes
2009 1399 124 78 kan
2167 1401 124 93 sige
2331 1420 148 72 om,
2533 1414 74 64 at

867 1543 76 74 de
985 1537 120 94 har
1151 1533 370 95 Levebrød;
1589 1532 94 90 thi
1731 1539 74 70 de
1851 1529 362 95 besværlige
2257 1528 206 88 Tider
2509 1534 96 78 vil

867 1671 101 94 jeg
1015 1667 168 92 sætte
1245 1670 166 72 uden
1451 1658 104 98 for
1609 1662 584 95 Betragtningen,
2253 1658 226 96 efterdi
2525 1670 78 72 de

868 1799 244 96 trykker
1154 1797 214 93 saavel
1414 1804 120 68 den
1570 1816 110 57 ene
1720 1793 258 82 Stand
2014 1793 134 90 som
2194 1800 122 70 den
2366 1800 236 72 anden.

866 1933 176 80 Men
1070 1929 164 94 hvor
1266 1928 200 80 bliver
1496 1934 88 72 da
1620 1919 828 99 Subalterne-Øfficieren
2482 1926 122 94 af?

868 2061 106 84 Er
1010 2061 134 90 han
1172 2058 122 78 ikke
1326 2064 180 72 værd
1540 2070 72 62 at
1642 2071 146 74 agte
1818 2059 182 90 paa?
2054 2055 216 98 Hvad
2302 2056 134 96 han
2480 2056 126 92 har

870 2211 75 62 ak
980 2197 133 76 leve
1146 2186 81 94 af
1252 2210 65 56 er
1354 2192 95 74 alt
1480 2184 103 96 for
1610 2191 101 75 vel
1752 2183 279 98 bekiem,
2094 2191 75 76 til
2204 2204 73 60 at
2310 2188 103 94 jeg
2452 2188 127 90 fful-

869 2335 80 70 de
991 2323 244 96 behøve
1283 2334 70 64 at
1399 2316 230 96 anføre
1677 2325 144 90 det,
1885 2341 84 74 og
2021 2321 100 94 jeg
2165 2335 170 61 troer
2381 2340 226 74 neppe,

871 2475 74 64 at
993 2477 206 76 nogen
1255 2454 388 92 paastaaer,
1713 2465 72 64 at
1831 2449 134 96 han
2023 2451 124 78 kan
2191 2450 254 78 komme
2493 2464 112 68 ud.

869 2591 406 92 Regningen
1311 2604 64 58 er
1405 2582 124 80 ikke
1563 2598 164 75 tung
1773 2597 70 62 ar
1891 2585 222 90 giøre,
2171 2602 82 72 og
2301 2590 106 70 der
2451 2584 156 90 skeer

872 2721 312 93 letteligen
1231 2730 75 64 at
1357 2722 113 72 der
1521 2715 299 90 mangler
1877 2733 79 56 en
1999 2711 303 98 Portion
2359 2716 21 76 i
2433 2714 177 94 hans

870 2851 442 94 Madspand,
1392 2852 174 72 uden
1614 2860 74 62 at
1748 2863 76 58 en
1882 2839 434 100 foregaaende
2378 2844 232 98 Dags

874 2981 336 96 Ødselhed
1242 2978 122 96 har
1414 2972 294 96 forvoldt
1766 2987 140 82 der,
1968 2991 230 80 uagtet
2246 2974 138 100 Hr.
2430 2978 146 100 Phi-

874 3115 362 94 locleresias
1268 3108 188 98 synes
1488 3126 70 62 at
1592 3108 198 79 tvivle
1828 3117 246 72 derom.
2182 3106 274 100 Enhver
2488 3112 122 94 seer

875 3253 140 88 vel,
1081 3261 72 64 at
1194 3242 101 96 jeg
1348 3240 187 84 ikkun
1591 3244 166 81 taler
1813 3261 112 64 om
1976 3247 187 94 dem,
2238 3242 133 98 som
2421 3248 188 98 ingen

875 3379 264 82 Midler
1181 3375 142 99 har.

2451 3576 160 92 Det
