2990 4581
1657 422 84 62 45

360 605 82 76 og
472 584 192 80 Decket*
716 579 412 97 Sportlerne
1152 579 270 77 imellem
1448 579 130 96 sig,
1630 574 108 94 faa
1782 593 72 64 at

356 685 175 68 vice
568 680 595 82 Landsdommerne
1208 674 136 94 har'
1382 680 201 89 større
1610 672 243 90 Byrde

358 799 83 74 og
469 776 188 95 Tab,
691 781 116 74 end
831 765 130 97 som
991 770 218 97 Nytte
1237 770 408 92 afEmbedet
1659 822 24 46 ,
1717 770 134 94 fan*

355 879 201 91 længe
585 880 73 74 de
690 873 48 76 ei
765 873 161 78 blive
951 870 283 93 virkelige
1271 868 425 92 Dommere,
1749 870 109 89 faa

358 973 122 94 har
528 980 74 74 de
652 975 86 76 da
798 967 252 94 Brod;
1116 966 394 97 Imidlertid
1572 967 126 77 kan
1744 972 112 75 det-

355 1087 168 60 være
555 1067 154 79 uvis
739 1083 70 62 at
838 1070 73 74 de
943 1083 204 74 nogen
1180 1061 133 87 Tid
1353 1069 199 85 naaet
1584 1068 123 76 det.

255 1186 68 71 4.
377 1165 420 95 Laugmænd,
823 1161 406 94 Landstings
1249 1160 332 80 Skrivere
1603 1182 78 72 og
1701 1160 126 95 Hø-

360 1283 136 58 rere
513 1264 119 86 har
665 1261 211 79 baade
902 1258 142 95 visse
1086 1265 76 86 øg
1186 1254 188 98 uvisse
1403 1257 453 96 Indkomster.

352 1357 123 97 Øg
498 1358 132 90 som
664 1365 72 74 de
766 1363 106 74 der
899 1353 181 91 skulle
1124 1351 268 97 asgaae,
1446 1353 124 80 ikke
1602 1354 47 94 fi
1666 1352 34 78 k
1744 1373 80 58 no-

155 1474 104 78 get
309 1473 70 64 at
423 1458 222 90 bestille
687 1459 144 72 med
896 1448 299 84 Embeds
1232 1448 493 98 Forretninger,
1781 1469 82 74 og

165 1553 253 96 følgelig
471 1554 50 76 ei
563 1552 182 92 heller
793 1542 244 100 behøve
1093 1548 178 79 dertil
1321 1566 72 60 at
1437 1552 288 75 anvende
1779 1551 76 74 de

156 1650 520 95 Bekostninger,
730 1645 136 86 fom
900 1652 338 87 medgaaer
1266 1640 98 96 for
1394 1664 232 72 mange
1658 1660 68 62 at
1744 1643 86 76 rei-

156 1748 56 92 fe
244 1750 66 78 til
364 1747 331 93 Tingene,
770 1738 244 93 faafom
1088 1741 601 89 Landsdommere,
1744 1744 110 73 der

161 1846 164 94 have
363 1849 152 87 lang
541 1838 150 84 Vei
715 1837 102 92 fra
847 1842 176 72 deres
1043 1835 458 96 Herregarde
1533 1840 140 73 eller
1701 1832 122 91 Op-

159 1944 191 94 holds
385 1939 286 81 Slæder
703 1937 66 76 ril
795 1931 275 96 Tinget,
1123 1951 146 59 men
1291 1931 287 83 derimod
1605 1930 20 78 i
1657 1934 197 76 Heres

156 2040 194 91 ledige
378 2035 222 86 Timer
626 2034 206 77 kunde
854 2024 282 99 foretage
1166 2031 88 92 sig
1284 2045 184 78 noget
1494 2033 224 87 andet,
1742 2026 112 92 faa

158 2136 323 94 behøvede
528 2138 73 74 de
654 2129 51 78 ei
748 2133 183 88 heller
982 2132 121 74 den
1152 2124 145 96 visse
1334 2148 81 71 og
1450 2125 193 93 uvisse
1672 2124 181 91 Løn,

157 2232 134 94 fom
327 2235 76 74 de
445 2250 92 56 nu
573 2228 200 94 have;
827 2229 124 87 dog
1009 2222 134 89 fom
1189 2229 100 73 det
1315 2239 124 63 var
1489 2222 240 94 billigt,
1783 2233 76 64 at

159 2336 75 76 de
263 2330 205 77 burde
501 2330 169 90 nyde
711 2334 227 79 noget,
991 2318 185 79 indtil
1211 2325 73 71 de
1319 2322 119 73 ved
1467 2314 267 87 Døden
1763 2311 79 94 as-

162 2426 134 96 gik,
350 2423 112 92 faa
492 2420 206 78 kunde
728 2424 286 85 oprettes
1048 2435 74 56 en
1166 2412 192 96 Casse
1412 2419 120 72 ved
1570 2413 292 95 Høyeste

164 2522 183 93 Ret,
432 2517 231 93 hvortil
704 2513 207 78 kunde
950 2518 283 87 erlegges
1266 2525 193 79 noget
1516 2509 75 93 af
1630 2516 117 72 alle
1786 2513 77 76 dr

167 2618 296 93 Sager,
517 2612 136 94 fom
687 2607 298 91 indkom,
1019 2614 106 71 der
1159 2607 206 79 kunde
1399 2605 156 78 blive
1595 2604 240 84 tilDee-

169 2718 131 91 ling
333 2713 273 78 imellem
641 2714 183 87 dem,
881 2704 147 90 hvis
1061 2702 425 97 Indkomster
1515 2708 117 75 ved
1665 2708 199 74 denne

172 2808 420 102 Forandring
616 2807 238 78 aldeles
888 2800 138 80 blev
1054 2807 144 74 dem
1260 2802 288 95 betaget,
1606 2808 84 72 da
1726 2796 108 92 saa-

171 2915 136 73 dan
336 2905 375 93 Depurat,
766 2895 227 97 ligesaa
1042 2903 99 74 vel
1202 2897 211 81 kunde
1442 2893 221 92 fvares
1692 2892 79 82 af
1792 2915 75 60 en

173 3004 180 95 Sag
387 3009 120 71 ved
539 3000 78 98 H
631 3001 196 92 øyeste
845 2992 180 98 Rer,
1057 2991 132 94 fom
1219 3002 120 72 den
1365 2995 334 94 tilligemed
1735 3013 96 58 me-

171 3124 109 74 re,
337 3119 91 60 nu
461 3118 157 58 maa
651 3096 221 91 fvares
915 3098 119 73 ved
1083 3091 439 94 Oberretten;
1573 3096 121 74 ved
1713 3088 129 98 hvil-

174 3200 100 78 ker
304 3203 72 74 de
414 3196 304 93 stridende
750 3189 262 98 Parter
1046 3187 210 82 endda
1280 3188 428 96 profiterede,
1736 3184 138 83 idet

172 3304 81 72 de
278 3297 165 90 fleste
484 3314 79 72 og
608 3284 291 94 dubieufe
952 3286 287 96 Sager,
1308 3282 133 94 fom
1482 3283 283 79 kommer
1806 3287 69 76 til

175 3392 430 94 Oberretten,
673 3387 290 82 kommer
990 3382 231 101 ogsaa
1257 3382 68 82 til
1371 3382 288 96 Høyeste
1693 3380 178 97 Ret,
