2935 4497
1726 390 76 66 II

911 556 230 98 §.2g.

379 649 117 88 En
515 644 101 98 D
626 672 278 63 ommere
920 672 160 60 maa
1099 649 131 80 ikke
1260 664 206 82 nægte
1500 667 206 78 nogen
1721 648 139 84 Ret-

176 762 148 81 ten,
380 771 80 76 og
506 752 248 98 følgelig
798 753 52 80 ei
890 770 160 60 maa
1090 763 204 82 nægte
1352 767 210 76 nogen
1588 761 74 66 at
1698 742 160 98 frem-

174 850 211 91 legge,
430 834 217 110 beviife
695 873 80 74 og
802 844 341 101 fremføre,
1190 847 179 94 hvad
1396 846 131 94 han
1558 848 187 92 veed,
1774 843 119 82 udi

175 946 122 76 den
337 941 180 103 Sag
551 948 134 92 som
705 949 130 92 han
865 949 118 85 har
1013 948 262 92 stævnet
1301 944 152 94 udi,
1511 947 130 90 dog
1673 960 62 60 er
1757 942 136 92 han

156 1059 82 64 et
259 1036 365 97 forbunden
663 1047 69 78 til
761 1061 71 64 at
871 1060 147 78 tage
1047 1044 177 79 imod
1255 1045 149 91 det,
1457 1038 137 91 som
1619 1059 65 58 er
1715 1044 179 76 uden

172 1134 102 96 for
308 1135 260 101 Sagen
614 1164 80 75 og
724 1139 458 96 Stevningen.
1288 1136 142 96 Jeg
1460 1149 434 83 meenerogat

178 1234 139 96 han
342 1235 19 76 i
392 1239 209 98 Følge
642 1237 79 82 af
746 1239 277 93 samme,
1092 1253 63 58 er
1208 1231 381 96 forbunden
1628 1235 113 91 til,
1814 1245 79 64 ar

183 1350 148 75 tage
359 1337 178 79 imod
569 1344 76 74 de
673 1335 318 94 fornødne
1029 1332 428 94 Erindringer
1491 1331 20 78 i
1535 1327 326 100 Protocol-

154 1516 8 8 ,
187 1436 99 83 le«
305 1461 81 74 og
413 1438 465 91 procedurerne
907 1428 135 94 fom
1073 1435 75 76 de
1173 1427 247 97 falder,
1455 1426 439 96 omendffiønt

172 1532 76 84 de
280 1551 198 82 gaaer
496 1536 174 76 uden
686 1527 100 100 for
816 1529 258 95 Sagen
1096 1577 22 44 ,
1150 1549 82 74 og
1274 1546 170 60 naar
1474 1547 210 76 nogen
1698 1522 162 96 frem-

172 1624 291 88 kommer
490 1634 149 76 med
660 1643 191 82 noget
882 1625 335 95 unyttigt,
1246 1624 437 93 urimmeligt,
1722 1642 141 56 uan-

173 1731 292 97 stændigt
513 1746 80 74 og
627 1726 258 95 Sagen
933 1721 590 92 uvedkommende,
1599 1725 88 74 da
1737 1722 122 74 den-

175 1850 151 58 nem
353 1821 211 86 derfor
589 1840 73 62 at
689 1825 305 74 muletete
1015 1840 81 71 og
1127 1817 189 93 tillige
1333 1822 287 87 advare,
1675 1814 213 78 videre

174 1942 72 62 at
284 1925 290 88 enrholde
616 1922 92 92 sig
744 1913 102 96 fra
882 1914 156 96 stigt.
1144 1910 250 97 Ligesaa
1422 1932 64 59 er
1514 1913 132 90 han
1682 1910 174 80 alleti-

170 2026 111 74 der
322 2021 221 94 sikrere
600 2019 161 88 ved,
830 2028 73 63 at
956 2026 243 79 antage
1258 2009 177 95 hvad
1486 2005 137 96 som
1696 2006 191 98 søges

167 2116 300 97 fremlagt
527 2134 82 74 og
645 2107 256 97 bevtist,
973 2114 120 75 end
1139 2091 134 108 fom
1325 2122 72 62 at
1437 2104 268 98 forkaste
1741 2110 144 74 eller

167 2192 333 121 forhindre
529 2216 143 88 det,
729 2204 439 96 omendfkiøm
1215 2211 105 74 det
1349 2202 127 79 kan
1493 2203 167 92 have
1685 2200 203 84 Skin

168 2310 116 97 af,
342 2327 74 64 at
452 2326 162 80 gaae
646 2299 296 96 udenfor
982 2300 464 94 Stævningen
1480 2319 78 74 og
1590 2297 300 97 Sagen;

172 2416 129 89 dog
336 2424 195 61 mane
582 2402 135 94 han
756 2421 51 56 et
850 2398 219 80 tillade
1116 2412 197 79 noget
1368 2392 309 95 fremført
1710 2396 181 81 imod

175 2510 316 92 ustævnte
521 2496 386 100 Personer,
963 2500 170 74 uden
1177 2498 146 75 med
1379 2500 120 74 den
1563 2491 322 98 Clausul,

173 2620 73 64 at
281 2608 105 75 det
409 2614 333 78 angaaer,
797 2613 65 58 er
893 2592 139 94 sagt
1059 2587 111 98 af,
1225 2597 145 72 eller
1401 2612 63 56 er
1503 2591 153 96 hørt
1685 2610 203 58 omen

170 2704 278 90 ustævnt
470 2692 298 100 Person,
826 2711 80 75 og
938 2686 174 92 hans
1144 2685 220 83 Navn
1394 2708 156 59 maa
1572 2687 126 86 ikke
1714 2706 142 60 næv-

170 2808 155 81 nes,
382 2798 147 76 med
570 2790 255 80 mindre
874 2793 109 75 der
1033 2797 253 67 maatte
1342 2804 171 60 være
1562 2787 21 78 i
1632 2775 225 93 Delin-

169 2891 470 99 qventSager,
657 2884 100 95 for
777 2884 256 93 saavidt
1053 2882 136 93 som
1209 2902 290 78 angaaer
1523 2889 120 74 den
1661 2879 197 94 Skyl-

167 2982 602 106 digessOodagelsV
823 2985 51 78 ei
903 2984 187 96 heller
1117 2999 159 60 maa
1327 2984 171 92 han,
1549 2982 178 78 imod

452 3090 312 104 paalegge
796 3102 208 74 nogen
1036 3096 60 62 et
1148 3075 242 84 Vidne
1420 3076 102 100 for
1562 3085 120 80 den
1700 3076 180 99 Ret,

176 3186 133 92 som
340 3185 51 78 ei
424 3203 65 62 er
520 3182 185 98 hans
738 3195 159 66 rette
914 3175 423 99 Værneting.

972 3474 193 87 Do
1124 3499 46 52 2

1546 3475 60 98 §.
1662 3498 118 68 29.
