2792 4412
847 401 96 53 20

847 604 252 98 saaer-,
1190 609 70 64 at
1306 595 102 74 det
1460 586 202 82 kunde
1720 589 226 94 giøres
1992 580 360 108 fornøden;
2418 608 154 63 men

848 735 167 94 hvor
1046 730 121 94 stal
1198 727 131 92 han
1362 721 147 91 faae
1540 730 103 72 det
1672 721 211 98 stærke
1920 721 293 99 Helbred
2250 721 111 97 fra
2398 743 173 61 mere

845 875 120 70 end
995 868 202 74 andre
1223 853 204 100 Folk?

1048 1044 224 82 Andre
1312 1045 158 92 sige,
1522 1052 72 64 at
1624 1039 92 76 alt
1746 1034 142 99 slige
1940 1056 64 60 er
2040 1057 74 58 en
2150 1033 208 100 Folge
2392 1034 82 94 af
2492 1051 80 66 ett

846 1177 323 99 Øfftcievé
1196 1179 275 75 Metier,
1528 1192 81 74 og
1638 1167 219 94 derfor
1908 1170 119 80 bor
2068 1167 133 100 han
2238 1176 177 71 taale
2442 1178 129 85 det,

849 1333 82 74 og
967 1314 100 94 jeg
1097 1332 64 58 er
1201 1311 174 92 eenig
1413 1316 144 70 med
1587 1314 190 81 dem,
1835 1301 134 93 han
2027 1302 124 79 bor
2203 1303 126 78 ikke
2371 1306 202 74 allene

848 1452 174 75 taale
1066 1456 144 81 det,
1262 1465 148 56 mm
1466 1442 130 92 han
1648 1439 120 78 bor
1818 1440 174 74 male
2036 1444 104 69 det
2178 1436 260 92 villigen
2488 1451 84 78 og

848 1591 171 70 uden
1050 1576 239 95 Knur;
1334 1594 145 60 men
1510 1574 123 90 just
1668 1567 170 90 fordi
1874 1576 102 68 det
2016 1588 64 56 er
2132 1587 75 60 en
2250 1565 208 97 Følge
2500 1559 85 90 af

851 1713 178 98 hans
1073 1715 282 90 Metier,
1409 1702 248 98 derfore
1687 1699 186 98 synes
1927 1704 132 92 mig
2107 1715 72 64 at
2223 1707 106 72 det
2369 1696 204 82 buroe

851 1844 449 95 paaffionneS.

1018 2021 319 94 Bester,
1392 2018 137 80 min
1564 2014 251 97 Herre!
1872 2006 573 101 afforegaaende,
2500 2023 77 66 ak

857 2179 76 56 en
965 2156 282 94 Officier
1281 2149 126 78 ikke
1437 2147 280 92 alleneste
1745 2145 124 76 kan
1921 2142 248 78 komme
2213 2157 70 66 ril
2331 2166 70 58 at
2455 2156 90 67 ud-

857 2290 210 105 saae,
1125 2307 145 56 men
1303 2303 71 58 at
1405 2282 133 88 han
1579 2275 123 96 oste
1732 2259 340 112 virke-Ugen
2113 2279 305 92 udstaaer
2449 2299 99 56 me-

860 2441 66 60 re
946 2421 154 81 Om
1130 2440 76 56 en
1238 2425 198 69 andre
1454 2412 518 84 Embedsmænd
2004 2406 80 95 af
2110 2411 118 92 lige
2250 2409 300 94 Værdig-

861 2553 120 94 hed
1027 2560 144 68 med
1225 2547 198 94 ham,
1489 2564 82 72 og
1633 2557 72 62 at
1753 2539 136 96 han
1946 2532 335 103 folgeiigen
2331 2540 250 92 snarers

861 2681 124 82 kan
1021 2682 164 80 blive
1207 2677 177 96 Syg
1415 2688 118 68 end
1565 2684 113 87 de;
1741 2691 70 60 at
1845 2674 134 92 han
2009 2694 62 56 er
2105 2671 191 95 fattig
2325 2674 120 90 har
2483 2680 99 92 jeg

864 2817 264 76 allerede
1172 2808 224 97 forhen
1444 2808 168 92 viist.
1738 2805 144 96 Jeg
1932 2804 124 88 har
2100 2821 194 60 været
2338 2804 246 84 Vidne

864 2947 73 78 til
970 2948 77 74 de
1076 2942 217 97 Ting,
1346 2941 135 92 som
1512 2938 121 78 nok
1666 2937 207 76 kunde
1908 2926 213 104 præsse
2156 2933 267 90 Taarer
2466 2949 117 86 ud,

867 3099 84 76 og
983 3074 248 88 dersom
1263 3067 132 92 De
1425 3072 118 90 selv
1583 3068 208 98 havde
1831 3067 152 93 seer:
2437 3070 148 99 Jeg

868 3222 171 66 troer
1093 3204 131 83 De
1268 3225 64 58 er
1374 3224 76 62 en
1500 3203 392 81 medlidende
1931 3200 273 95 Mand,
2270 3221 170 61 mere
2492 3207 94 78 vil

868 3343 101 96 jeg
1004 3336 122 82 ikke
1162 3340 144 95 sige.

2343 3472 244 103 Kastes
