<?xml version="1.0" encoding="utf-8"?>
<alto xmlns="http://www.loc.gov/standards/alto/ns-v3#" xmlns:xs="http://www.w3.org/2001/XMLSchema-instance" xmlns:xlink="http://www.w3.org/1999/xlink">
	<Description>
		<MeasurementUnit>pixel</MeasurementUnit>
		<sourceImageInformation>
			<fileName>130017168275_1_010_008_025.tif</fileName>
		</sourceImageInformation>
		<OCRProcessing ID="OCR1">
			<ocrProcessingStep>
				<processingDateTime>2018-09-13</processingDateTime>
				<processingAgency>Zissor AS</processingAgency>
				<processingStepSettings>Combined OCR</processingStepSettings>
				<processingSoftware>
					<softwareCreator>Zissor AS</softwareCreator>
					<softwareName>ContentOCR-11; ContentOCR-Tesseract</softwareName>
					<softwareVersion>2.0.2; 2.0.0</softwareVersion>
					<applicationDescription>OCR Component for Zissor Content System</applicationDescription>
				</processingSoftware>
			</ocrProcessingStep>
		</OCRProcessing>
	</Description>
	<Styles>
		<TextStyle ID="STYLE1" FONTFAMILY="Arial" FONTSIZE="10.5" FONTSTYLE=""/>
		<TextStyle ID="STYLE2" FONTFAMILY="Arial" FONTSIZE="12" FONTSTYLE=""/>
		<TextStyle ID="STYLE3" FONTFAMILY="Arial" FONTSIZE="13" FONTSTYLE=""/>
		<TextStyle ID="STYLE4" FONTFAMILY="Arial" FONTSIZE="30" FONTSTYLE="bold"/>
		<TextStyle ID="STYLE5" FONTFAMILY="Arial" FONTSIZE="13" FONTSTYLE="bold"/>
		<TextStyle ID="STYLE6" FONTFAMILY="Arial" FONTSIZE="3" FONTSTYLE=""/>
		<TextStyle ID="STYLE7" FONTFAMILY="Arial" FONTSIZE="10.5" FONTSTYLE="italics"/>
		<TextStyle ID="STYLE8" FONTFAMILY="Times New Roman" FONTSIZE="8" FONTSTYLE="bold"/>
		<TextStyle ID="STYLE9" FONTFAMILY="Arial" FONTSIZE="10" FONTSTYLE=""/>
		<TextStyle ID="STYLE10" FONTFAMILY="Arial" FONTSIZE="23" FONTSTYLE="bold"/>
	</Styles>
	<Layout>
		<Page ID="PAGE365" HEIGHT="4465" WIDTH="2914" PHYSICAL_IMG_NR="365" PROCESSING="OCR1" PC="0.82">
			<TopMargin HEIGHT="0" WIDTH="2914" HPOS="0" VPOS="0"/>
			<LeftMargin HEIGHT="4469" WIDTH="169" HPOS="0" VPOS="0"/>
			<RightMargin HEIGHT="4469" WIDTH="103" HPOS="2811" VPOS="0"/>
			<BottomMargin HEIGHT="-6" WIDTH="2914" HPOS="0" VPOS="4471"/>
			<PrintSpace ID="PRINTSPACE1" HEIGHT="4469" WIDTH="2640" HPOS="170" VPOS="1">
				<ComposedBlock xs:type="ComposedBlockType" ID="ARTICLE109774" HEIGHT="4469" WIDTH="2640" HPOS="170" VPOS="1" xlink:type="simple">
					<Illustration xs:type="IllustrationType" ID="ZONE1142780" HEIGHT="441" WIDTH="1092" HPOS="1716" VPOS="1" xlink:type="simple"/>
					<TextBlock xs:type="TextBlockType" ID="ZONE1142781" HEIGHT="2944" WIDTH="1757" HPOS="170" VPOS="469" xlink:type="simple">
						<TextLine ID="LINE1" HEIGHT="104" WIDTH="1698" HPOS="189" VPOS="471">
							<String ID="STRING1" STYLEREFS="STYLE1" HEIGHT="100" WIDTH="368" HPOS="189" VPOS="471" CONTENT="tighediall" WC="0.75" LANG="dan"/>
							<SP ID="SP1" WIDTH="24" HPOS="557" VPOS="471"/>
							<String ID="STRING2" STYLEREFS="STYLE1" HEIGHT="96" WIDTH="96" HPOS="581" VPOS="474" CONTENT="sin" WC="0.67" LANG="dan"/>
							<SP ID="SP2" WIDTH="36" HPOS="677" VPOS="474"/>
							<String ID="STRING3" STYLEREFS="STYLE1" HEIGHT="99" WIDTH="396" HPOS="713" VPOS="473" CONTENT="Elendighed" WC="0.74" LANG="dan"/>
							<SP ID="SP3" WIDTH="18" HPOS="1109" VPOS="473"/>
							<String ID="STRING4" STYLEREFS="STYLE1" HEIGHT="46" WIDTH="24" HPOS="1127" VPOS="526" CONTENT="," WC="0.79" LANG="dan"/>
							<SP ID="SP4" WIDTH="52" HPOS="1151" VPOS="526"/>
							<String ID="STRING5" STYLEREFS="STYLE1" HEIGHT="81" WIDTH="128" HPOS="1203" VPOS="474" CONTENT="ikke" WC="0.7" LANG="dan"/>
							<SP ID="SP5" WIDTH="34" HPOS="1331" VPOS="474"/>
							<String ID="STRING6" STYLEREFS="STYLE1" HEIGHT="96" WIDTH="260" HPOS="1365" VPOS="474" CONTENT="undseer" WC="0.73" LANG="dan"/>
							<SP ID="SP6" WIDTH="28" HPOS="1625" VPOS="474"/>
							<String ID="STRING7" STYLEREFS="STYLE1" HEIGHT="95" WIDTH="88" HPOS="1653" VPOS="478" CONTENT="sig" WC="0.51" LANG="dan"/>
							<SP ID="SP7" WIDTH="18" HPOS="1741" VPOS="478"/>
							<String ID="STRING8" STYLEREFS="STYLE1" HEIGHT="98" WIDTH="128" HPOS="1759" VPOS="477" CONTENT="for," WC="0.62" LANG="dan"/>
						</TextLine>
						<TextLine ID="LINE2" HEIGHT="101" WIDTH="1702" HPOS="187" VPOS="572">
							<String ID="STRING9" STYLEREFS="STYLE1" HEIGHT="62" WIDTH="74" HPOS="187" VPOS="591" CONTENT="at" WC="0.77" LANG="dan"/>
							<SP ID="SP8" WIDTH="32" HPOS="261" VPOS="591"/>
							<String ID="STRING10" STYLEREFS="STYLE1" HEIGHT="93" WIDTH="300" HPOS="293" VPOS="573" CONTENT="udbryde" WC="0.6" LANG="dan"/>
							<SP ID="SP9" WIDTH="28" HPOS="593" VPOS="573"/>
							<String ID="STRING11" STYLEREFS="STYLE1" HEIGHT="74" WIDTH="142" HPOS="621" VPOS="581" CONTENT="med" WC="0.86" LANG="dan"/>
							<SP ID="SP10" WIDTH="30" HPOS="763" VPOS="581"/>
							<String ID="STRING12" STYLEREFS="STYLE1" HEIGHT="96" WIDTH="144" HPOS="793" VPOS="573" CONTENT="disse" WC="0.8" LANG="dan"/>
							<SP ID="SP11" WIDTH="30" HPOS="937" VPOS="573"/>
							<String ID="STRING13" STYLEREFS="STYLE1" HEIGHT="88" WIDTH="196" HPOS="967" VPOS="572" CONTENT="Ord:" WC="0.48" LANG="dan"/>
							<SP ID="SP12" WIDTH="52" HPOS="1163" VPOS="572"/>
							<String ID="STRING14" STYLEREFS="STYLE1" HEIGHT="100" WIDTH="144" HPOS="1215" VPOS="573" CONTENT="Jeg" WC="0.85" LANG="dan"/>
							<SP ID="SP13" WIDTH="32" HPOS="1359" VPOS="573"/>
							<String ID="STRING15" STYLEREFS="STYLE2" HEIGHT="90" WIDTH="121" HPOS="1391" VPOS="574" CONTENT="skal" WC="0.84" LANG="dan"/>
							<SP ID="SP14" WIDTH="35" HPOS="1512" VPOS="574"/>
							<String ID="STRING16" STYLEREFS="STYLE1" HEIGHT="96" WIDTH="166" HPOS="1547" VPOS="574" CONTENT="spille" WC="0.83" LANG="dan"/>
							<SP ID="SP15" WIDTH="30" HPOS="1713" VPOS="574"/>
							<String ID="STRING17" STYLEREFS="STYLE1" HEIGHT="76" WIDTH="146" HPOS="1743" VPOS="583" CONTENT="med" WC="0.73" LANG="dan"/>
						</TextLine>
						<TextLine ID="LINE3" HEIGHT="104" WIDTH="1713" HPOS="185" VPOS="669">
							<String ID="STRING18" STYLEREFS="STYLE1" HEIGHT="98" WIDTH="165" HPOS="185" VPOS="669" CONTENT="Jer:" WC="0.78" LANG="dan"/>
							<SP ID="SP16" WIDTH="53" HPOS="350" VPOS="669"/>
							<String ID="STRING19" STYLEREFS="STYLE1" HEIGHT="99" WIDTH="67" HPOS="403" VPOS="669" CONTENT="J" WC="1" LANG="dan"/>
							<SP ID="SP17" WIDTH="25" HPOS="470" VPOS="669"/>
							<String ID="STRING20" STYLEREFS="STYLE1" HEIGHT="94" WIDTH="119" HPOS="495" VPOS="672" CONTENT="ffal" WC="0.61" LANG="dan"/>
							<SP ID="SP18" WIDTH="47" HPOS="614" VPOS="672"/>
							<String ID="STRING21" STYLEREFS="STYLE1" HEIGHT="85" WIDTH="253" HPOS="661" VPOS="670" CONTENT="komme" WC="0.8" LANG="dan"/>
							<SP ID="SP19" WIDTH="48" HPOS="914" VPOS="670"/>
							<String ID="STRING22" STYLEREFS="STYLE1" HEIGHT="78" WIDTH="134" HPOS="962" VPOS="676" CONTENT="tids" WC="0.57" LANG="dan"/>
							<SP ID="SP20" WIDTH="38" HPOS="1096" VPOS="676"/>
							<String ID="STRING23" STYLEREFS="STYLE1" HEIGHT="81" WIDTH="158" HPOS="1134" VPOS="673" CONTENT="nok:" WC="0.75" LANG="dan"/>
							<SP ID="SP21" WIDTH="79" HPOS="1292" VPOS="673"/>
							<String ID="STRING24" STYLEREFS="STYLE1" HEIGHT="99" WIDTH="293" HPOS="1371" VPOS="673" CONTENT="Jegskal" WC="0.8" LANG="dan"/>
							<SP ID="SP22" WIDTH="49" HPOS="1664" VPOS="673"/>
							<String ID="STRING25" STYLEREFS="STYLE1" HEIGHT="99" WIDTH="185" HPOS="1713" VPOS="674" CONTENT="holde" WC="0.64" LANG="dan"/>
						</TextLine>
						<TextLine ID="LINE4" HEIGHT="109" WIDTH="1714" HPOS="186" VPOS="766">
							<String ID="STRING26" STYLEREFS="STYLE1" HEIGHT="74" WIDTH="110" HPOS="186" VPOS="773" CONTENT="det" WC="0.68" LANG="dan"/>
							<SP ID="SP23" WIDTH="40" HPOS="296" VPOS="773"/>
							<String ID="STRING27" STYLEREFS="STYLE1" HEIGHT="74" WIDTH="142" HPOS="336" VPOS="774" CONTENT="med" WC="0.77" LANG="dan"/>
							<SP ID="SP24" WIDTH="40" HPOS="478" VPOS="774"/>
							<String ID="STRING28" STYLEREFS="STYLE1" HEIGHT="98" WIDTH="132" HPOS="518" VPOS="768" CONTENT="Jer" WC="0.86" LANG="dan"/>
							<SP ID="SP25" WIDTH="28" HPOS="650" VPOS="768"/>
							<String ID="STRING29" STYLEREFS="STYLE1" HEIGHT="78" WIDTH="70" HPOS="678" VPOS="773" CONTENT="til" WC="0.59" LANG="dan"/>
							<SP ID="SP26" WIDTH="48" HPOS="748" VPOS="773"/>
							<String ID="STRING30" STYLEREFS="STYLE1" HEIGHT="106" WIDTH="292" HPOS="796" VPOS="769" CONTENT="Høyeste" WC="0.78" LANG="nob"/>
							<SP ID="SP27" WIDTH="52" HPOS="1088" VPOS="769"/>
							<String ID="STRING31" STYLEREFS="STYLE1" HEIGHT="103" WIDTH="184" HPOS="1140" VPOS="766" CONTENT="Rer;" WC="0.64" LANG="dan"/>
							<SP ID="SP28" WIDTH="54" HPOS="1324" VPOS="766"/>
							<String ID="STRING32" STYLEREFS="STYLE1" HEIGHT="74" WIDTH="80" HPOS="1378" VPOS="793" CONTENT="og" WC="0.55" LANG="dan"/>
							<SP ID="SP29" WIDTH="74" HPOS="1458" VPOS="793"/>
							<String ID="STRING33" STYLEREFS="STYLE1" HEIGHT="97" WIDTH="258" HPOS="1532" VPOS="770" CONTENT="derefter" WC="0.87" LANG="dan"/>
							<SP ID="SP30" WIDTH="46" HPOS="1790" VPOS="770"/>
							<String ID="STRING34" STYLEREFS="STYLE1" HEIGHT="58" WIDTH="64" HPOS="1836" VPOS="793" CONTENT="er" WC="0.63" LANG="dan"/>
						</TextLine>
						<TextLine ID="LINE5" HEIGHT="105" WIDTH="1695" HPOS="188" VPOS="863">
							<String ID="STRING35" STYLEREFS="STYLE1" HEIGHT="96" WIDTH="135" HPOS="188" VPOS="865" CONTENT="han" WC="0.92" LANG="dan"/>
							<SP ID="SP31" WIDTH="39" HPOS="323" VPOS="865"/>
							<String ID="STRING36" STYLEREFS="STYLE1" HEIGHT="78" WIDTH="21" HPOS="362" VPOS="867" CONTENT="i" WC="0.37" LANG="dan"/>
							<SP ID="SP32" WIDTH="39" HPOS="383" VPOS="867"/>
							<String ID="STRING37" STYLEREFS="STYLE1" HEIGHT="87" WIDTH="257" HPOS="422" VPOS="863" CONTENT="Stand" WC="0.64" LANG="dan"/>
							<SP ID="SP33" WIDTH="37" HPOS="679" VPOS="863"/>
							<String ID="STRING38" STYLEREFS="STYLE1" HEIGHT="80" WIDTH="69" HPOS="716" VPOS="871" CONTENT="til" WC="0.66" LANG="dan"/>
							<SP ID="SP34" WIDTH="43" HPOS="785" VPOS="871"/>
							<String ID="STRING39" STYLEREFS="STYLE1" HEIGHT="62" WIDTH="73" HPOS="828" VPOS="887" CONTENT="at" WC="0.71" LANG="dan"/>
							<SP ID="SP35" WIDTH="53" HPOS="901" VPOS="887"/>
							<String ID="STRING40" STYLEREFS="STYLE1" HEIGHT="79" WIDTH="321" HPOS="954" VPOS="870" CONTENT="iuvenrere" WC="0.65" LANG="dan"/>
							<SP ID="SP36" WIDTH="51" HPOS="1275" VPOS="870"/>
							<String ID="STRING41" STYLEREFS="STYLE1" HEIGHT="76" WIDTH="73" HPOS="1326" VPOS="875" CONTENT="de" WC="0.75" LANG="dan"/>
							<SP ID="SP37" WIDTH="53" HPOS="1399" VPOS="875"/>
							<String ID="STRING42" STYLEREFS="STYLE1" HEIGHT="89" WIDTH="247" HPOS="1452" VPOS="869" CONTENT="Eortra" WC="0.5" LANG="dan"/>
							<SP ID="SP38" WIDTH="28" HPOS="1699" VPOS="869"/>
							<String ID="STRING43" STYLEREFS="STYLE3" HEIGHT="97" WIDTH="156" HPOS="1727" VPOS="871" CONTENT="Pre" SUBS_TYPE="HypPart1" SUBS_CONTENT="Pretentioner" WC="0.83" LANG="dan"/>
							<HYP CONTENT="-"/>
						</TextLine>
						<TextLine ID="LINE6" HEIGHT="104" WIDTH="1686" HPOS="185" VPOS="962">
							<String ID="STRING44" STYLEREFS="STYLE2" HEIGHT="81" WIDTH="314" HPOS="185" VPOS="964" CONTENT="tentioner" SUBS_TYPE="HypPart2" SUBS_CONTENT="Pretentioner" WC="0.88" LANG="dan"/>
							<SP ID="SP39" WIDTH="36" HPOS="499" VPOS="964"/>
							<String ID="STRING45" STYLEREFS="STYLE1" HEIGHT="96" WIDTH="134" HPOS="535" VPOS="962" CONTENT="som" WC="0.61" LANG="dan"/>
							<SP ID="SP40" WIDTH="38" HPOS="669" VPOS="962"/>
							<String ID="STRING46" STYLEREFS="STYLE1" HEIGHT="96" WIDTH="208" HPOS="707" VPOS="967" CONTENT="aldrig" WC="0.71" LANG="dan"/>
							<SP ID="SP41" WIDTH="20" HPOS="915" VPOS="967"/>
							<String ID="STRING47" STYLEREFS="STYLE1" HEIGHT="97" WIDTH="164" HPOS="935" VPOS="967" CONTENT="have" WC="0.79" LANG="dan"/>
							<SP ID="SP42" WIDTH="16" HPOS="1099" VPOS="967"/>
							<String ID="STRING48" STYLEREFS="STYLE1" HEIGHT="68" WIDTH="194" HPOS="1115" VPOS="983" CONTENT="været" WC="0.8" LANG="dan"/>
							<SP ID="SP43" WIDTH="28" HPOS="1309" VPOS="983"/>
							<String ID="STRING49" STYLEREFS="STYLE1" HEIGHT="97" WIDTH="128" HPOS="1337" VPOS="969" CONTENT="til," WC="0.83" LANG="dan"/>
							<SP ID="SP44" WIDTH="52" HPOS="1465" VPOS="969"/>
							<String ID="STRING50" STYLEREFS="STYLE1" HEIGHT="92" WIDTH="68" HPOS="1517" VPOS="968" CONTENT="ja" WC="1" LANG="dan"/>
							<SP ID="SP45" WIDTH="30" HPOS="1585" VPOS="968"/>
							<String ID="STRING51" STYLEREFS="STYLE1" HEIGHT="75" WIDTH="118" HPOS="1615" VPOS="974" CONTENT="end" WC="0.9" LANG="dan"/>
							<SP ID="SP46" WIDTH="36" HPOS="1733" VPOS="974"/>
							<String ID="STRING52" STYLEREFS="STYLE1" HEIGHT="62" WIDTH="102" HPOS="1769" VPOS="991" CONTENT="me" SUBS_TYPE="HypPart1" SUBS_CONTENT="mere," WC="0.84" LANG="dan"/>
							<HYP CONTENT="-"/>
						</TextLine>
						<TextLine ID="LINE7" HEIGHT="100" WIDTH="1718" HPOS="187" VPOS="1062">
							<String ID="STRING53" STYLEREFS="STYLE1" HEIGHT="80" WIDTH="106" HPOS="187" VPOS="1079" CONTENT="re," SUBS_TYPE="HypPart2" SUBS_CONTENT="mere," WC="0.8" LANG="dan"/>
							<SP ID="SP47" WIDTH="50" HPOS="293" VPOS="1079"/>
							<String ID="STRING54" STYLEREFS="STYLE1" HEIGHT="78" WIDTH="136" HPOS="343" VPOS="1081" CONTENT="paa" WC="0.79" LANG="dan"/>
							<SP ID="SP48" WIDTH="62" HPOS="479" VPOS="1081"/>
							<String ID="STRING55" STYLEREFS="STYLE1" HEIGHT="94" WIDTH="332" HPOS="541" VPOS="1062" CONTENT="saadanne" WC="0.89" LANG="dan"/>
							<SP ID="SP49" WIDTH="70" HPOS="873" VPOS="1062"/>
							<String ID="STRING56" STYLEREFS="STYLE1" HEIGHT="98" WIDTH="274" HPOS="943" VPOS="1064" CONTENT="urigtige" WC="0.62" LANG="dan"/>
							<SP ID="SP50" WIDTH="72" HPOS="1217" VPOS="1064"/>
							<String ID="STRING57" STYLEREFS="STYLE1" HEIGHT="97" WIDTH="444" HPOS="1289" VPOS="1065" CONTENT="Beretninger" WC="0.81" LANG="dan"/>
							<SP ID="SP51" WIDTH="66" HPOS="1733" VPOS="1065"/>
							<String ID="STRING58" STYLEREFS="STYLE1" HEIGHT="62" WIDTH="106" HPOS="1799" VPOS="1083" CONTENT="tor" WC="0.5" LANG="dan"/>
						</TextLine>
						<TextLine ID="LINE8" HEIGHT="98" WIDTH="1711" HPOS="191" VPOS="1161">
							<String ID="STRING59" STYLEREFS="STYLE1" HEIGHT="95" WIDTH="383" HPOS="191" VPOS="1161" CONTENT="understaae" WC="0.75" LANG="dan"/>
							<SP ID="SP52" WIDTH="33" HPOS="574" VPOS="1161"/>
							<String ID="STRING60" STYLEREFS="STYLE1" HEIGHT="95" WIDTH="89" HPOS="607" VPOS="1164" CONTENT="sig" WC="0.58" LANG="dan"/>
							<SP ID="SP53" WIDTH="57" HPOS="696" VPOS="1164"/>
							<String ID="STRING61" STYLEREFS="STYLE1" HEIGHT="80" WIDTH="69" HPOS="753" VPOS="1165" CONTENT="til" WC="0.65" LANG="dan"/>
							<SP ID="SP54" WIDTH="43" HPOS="822" VPOS="1165"/>
							<String ID="STRING62" STYLEREFS="STYLE1" HEIGHT="66" WIDTH="71" HPOS="865" VPOS="1177" CONTENT="at" WC="1" LANG="dan"/>
							<SP ID="SP55" WIDTH="55" HPOS="936" VPOS="1177"/>
							<String ID="STRING63" STYLEREFS="STYLE1" HEIGHT="94" WIDTH="275" HPOS="991" VPOS="1162" CONTENT="anholde" WC="0.84" LANG="dan"/>
							<SP ID="SP56" WIDTH="67" HPOS="1266" VPOS="1162"/>
							<String ID="STRING64" STYLEREFS="STYLE1" HEIGHT="58" WIDTH="107" HPOS="1333" VPOS="1183" CONTENT="om" WC="0.51" LANG="dan"/>
							<SP ID="SP57" WIDTH="41" HPOS="1440" VPOS="1183"/>
							<String ID="STRING65" STYLEREFS="STYLE1" HEIGHT="74" WIDTH="421" HPOS="1481" VPOS="1164" CONTENT="Beneficium" WC="0.53" LANG="dan"/>
						</TextLine>
						<TextLine ID="LINE9" HEIGHT="105" WIDTH="1688" HPOS="186" VPOS="1258">
							<String ID="STRING66" STYLEREFS="STYLE1" HEIGHT="95" WIDTH="550" HPOS="186" VPOS="1262" CONTENT="pauperutis,oj}" WC="0.46" LANG="dan"/>
							<SP ID="SP58" WIDTH="34" HPOS="736" VPOS="1262"/>
							<String ID="STRING67" STYLEREFS="STYLE1" HEIGHT="96" WIDTH="322" HPOS="770" VPOS="1259" CONTENT="endskiønt" WC="0.78" LANG="dan"/>
							<SP ID="SP59" WIDTH="42" HPOS="1092" VPOS="1259"/>
							<String ID="STRING68" STYLEREFS="STYLE1" HEIGHT="96" WIDTH="134" HPOS="1134" VPOS="1260" CONTENT="han" WC="0.87" LANG="dan"/>
							<SP ID="SP60" WIDTH="32" HPOS="1268" VPOS="1260"/>
							<String ID="STRING69" STYLEREFS="STYLE1" HEIGHT="78" WIDTH="52" HPOS="1300" VPOS="1261" CONTENT="ei" WC="1" LANG="deu"/>
							<SP ID="SP61" WIDTH="31" HPOS="1352" VPOS="1261"/>
							<String ID="STRING70" STYLEREFS="STYLE3" HEIGHT="95" WIDTH="181" HPOS="1383" VPOS="1258" CONTENT="saaer" WC="0.88" LANG="dan"/>
							<SP ID="SP62" WIDTH="30" HPOS="1564" VPOS="1258"/>
							<String ID="STRING71" STYLEREFS="STYLE1" HEIGHT="93" WIDTH="156" HPOS="1594" VPOS="1268" CONTENT="den," WC="0.75" LANG="dan"/>
							<SP ID="SP63" WIDTH="24" HPOS="1750" VPOS="1268"/>
							<String ID="STRING72" STYLEREFS="STYLE1" HEIGHT="94" WIDTH="100" HPOS="1774" VPOS="1269" CONTENT="for" SUBS_TYPE="HypPart1" SUBS_CONTENT="forfølger" WC="0.5" LANG="dan"/>
							<HYP CONTENT="-"/>
						</TextLine>
						<TextLine ID="LINE10" HEIGHT="107" WIDTH="1694" HPOS="184" VPOS="1354">
							<String ID="STRING73" STYLEREFS="STYLE1" HEIGHT="98" WIDTH="206" HPOS="184" VPOS="1355" CONTENT="følger" SUBS_TYPE="HypPart2" SUBS_CONTENT="forfølger" WC="0.72" LANG="dan"/>
							<SP ID="SP64" WIDTH="30" HPOS="390" VPOS="1355"/>
							<String ID="STRING74" STYLEREFS="STYLE1" HEIGHT="93" WIDTH="94" HPOS="420" VPOS="1357" CONTENT="sin" WC="0.75" LANG="dan"/>
							<SP ID="SP65" WIDTH="44" HPOS="514" VPOS="1357"/>
							<String ID="STRING75" STYLEREFS="STYLE1" HEIGHT="101" WIDTH="224" HPOS="558" VPOS="1354" CONTENT="Sag," WC="0.57" LANG="dan"/>
							<SP ID="SP66" WIDTH="58" HPOS="782" VPOS="1354"/>
							<String ID="STRING76" STYLEREFS="STYLE1" HEIGHT="61" WIDTH="110" HPOS="840" VPOS="1377" CONTENT="om" WC="0.56" LANG="dan"/>
							<SP ID="SP67" WIDTH="30" HPOS="950" VPOS="1377"/>
							<String ID="STRING77" STYLEREFS="STYLE1" HEIGHT="96" WIDTH="134" HPOS="980" VPOS="1358" CONTENT="han" WC="0.87" LANG="dan"/>
							<SP ID="SP68" WIDTH="38" HPOS="1114" VPOS="1358"/>
							<String ID="STRING78" STYLEREFS="STYLE1" HEIGHT="92" WIDTH="207" HPOS="1152" VPOS="1369" CONTENT="endog" WC="0.6" LANG="dan"/>
							<SP ID="SP69" WIDTH="39" HPOS="1359" VPOS="1369"/>
							<String ID="STRING79" STYLEREFS="STYLE1" HEIGHT="79" WIDTH="180" HPOS="1398" VPOS="1360" CONTENT="dertil" WC="0.74" LANG="dan"/>
							<SP ID="SP70" WIDTH="31" HPOS="1578" VPOS="1360"/>
							<String ID="STRING80" STYLEREFS="STYLE2" HEIGHT="96" WIDTH="122" HPOS="1609" VPOS="1358" CONTENT="skal" WC="0.87" LANG="dan"/>
							<SP ID="SP71" WIDTH="39" HPOS="1731" VPOS="1358"/>
							<String ID="STRING81" STYLEREFS="STYLE1" HEIGHT="76" WIDTH="108" HPOS="1770" VPOS="1373" CONTENT="laa" SUBS_TYPE="HypPart1" SUBS_CONTENT="laane," WC="1" LANG="dan"/>
							<HYP CONTENT="-"/>
						</TextLine>
						<TextLine ID="LINE11" HEIGHT="100" WIDTH="1720" HPOS="185" VPOS="1452">
							<String ID="STRING82" STYLEREFS="STYLE1" HEIGHT="76" WIDTH="114" HPOS="185" VPOS="1473" CONTENT="ne," SUBS_TYPE="HypPart2" SUBS_CONTENT="laane," WC="0.86" LANG="dan"/>
							<SP ID="SP72" WIDTH="58" HPOS="299" VPOS="1473"/>
							<String ID="STRING83" STYLEREFS="STYLE1" HEIGHT="75" WIDTH="80" HPOS="357" VPOS="1473" CONTENT="og" WC="0.52" LANG="dan"/>
							<SP ID="SP73" WIDTH="32" HPOS="437" VPOS="1473"/>
							<String ID="STRING84" STYLEREFS="STYLE1" HEIGHT="94" WIDTH="214" HPOS="469" VPOS="1452" CONTENT="derfor" WC="0.69" LANG="dan"/>
							<SP ID="SP74" WIDTH="48" HPOS="683" VPOS="1452"/>
							<String ID="STRING85" STYLEREFS="STYLE1" HEIGHT="93" WIDTH="276" HPOS="731" VPOS="1459" CONTENT="bedrage" WC="0.77" LANG="dan"/>
							<SP ID="SP75" WIDTH="48" HPOS="1007" VPOS="1459"/>
							<String ID="STRING86" STYLEREFS="STYLE1" HEIGHT="77" WIDTH="220" HPOS="1055" VPOS="1460" CONTENT="andre." WC="0.86" LANG="dan"/>
							<SP ID="SP76" WIDTH="105" HPOS="1275" VPOS="1460"/>
							<String ID="STRING87" STYLEREFS="STYLE1" HEIGHT="99" WIDTH="225" HPOS="1380" VPOS="1453" CONTENT="Nogle" WC="0.8" LANG="dan"/>
							<SP ID="SP77" WIDTH="45" HPOS="1605" VPOS="1453"/>
							<String ID="STRING88" STYLEREFS="STYLE1" HEIGHT="94" WIDTH="111" HPOS="1650" VPOS="1456" CONTENT="saa" WC="0.8" LANG="dan"/>
							<SP ID="SP78" WIDTH="46" HPOS="1761" VPOS="1456"/>
							<String ID="STRING89" STYLEREFS="STYLE1" HEIGHT="74" WIDTH="98" HPOS="1807" VPOS="1467" CONTENT="vel" WC="0.96" LANG="dan"/>
						</TextLine>
						<TextLine ID="LINE12" HEIGHT="108" WIDTH="1690" HPOS="183" VPOS="1547">
							<String ID="STRING90" STYLEREFS="STYLE1" HEIGHT="100" WIDTH="266" HPOS="183" VPOS="1547" CONTENT="Fattige" WC="0.84" LANG="dan"/>
							<SP ID="SP79" WIDTH="24" HPOS="449" VPOS="1547"/>
							<String ID="STRING91" STYLEREFS="STYLE1" HEIGHT="94" WIDTH="136" HPOS="473" VPOS="1548" CONTENT="som" WC="0.73" LANG="dan"/>
							<SP ID="SP80" WIDTH="40" HPOS="609" VPOS="1548"/>
							<String ID="STRING92" STYLEREFS="STYLE1" HEIGHT="99" WIDTH="178" HPOS="649" VPOS="1550" CONTENT="Rige" WC="0.65" LANG="dan"/>
							<SP ID="SP81" WIDTH="42" HPOS="827" VPOS="1550"/>
							<String ID="STRING93" STYLEREFS="STYLE1" HEIGHT="94" WIDTH="164" HPOS="869" VPOS="1553" CONTENT="have" WC="0.9" LANG="dan"/>
							<SP ID="SP82" WIDTH="28" HPOS="1033" VPOS="1553"/>
							<String ID="STRING94" STYLEREFS="STYLE1" HEIGHT="96" WIDTH="242" HPOS="1061" VPOS="1553" CONTENT="urolige" WC="0.58" LANG="dan"/>
							<SP ID="SP83" WIDTH="34" HPOS="1303" VPOS="1553"/>
							<String ID="STRING95" STYLEREFS="STYLE1" HEIGHT="98" WIDTH="320" HPOS="1337" VPOS="1551" CONTENT="Hoveder" WC="0.62" LANG="dan"/>
							<SP ID="SP84" WIDTH="26" HPOS="1657" VPOS="1551"/>
							<String ID="STRING96" STYLEREFS="STYLE1" HEIGHT="75" WIDTH="78" HPOS="1683" VPOS="1578" CONTENT="og" WC="0.71" LANG="dan"/>
							<SP ID="SP85" WIDTH="20" HPOS="1761" VPOS="1578"/>
							<String ID="STRING97" STYLEREFS="STYLE1" HEIGHT="94" WIDTH="92" HPOS="1781" VPOS="1561" CONTENT="fin" SUBS_TYPE="HypPart1" SUBS_CONTENT="finder" WC="0.48" LANG="dan"/>
							<HYP CONTENT="-"/>
						</TextLine>
						<TextLine ID="LINE13" HEIGHT="121" WIDTH="1719" HPOS="187" VPOS="1630">
							<String ID="STRING98" STYLEREFS="STYLE1" HEIGHT="74" WIDTH="111" HPOS="187" VPOS="1653" CONTENT="der" SUBS_TYPE="HypPart2" SUBS_CONTENT="finder" WC="0.64" LANG="dan"/>
							<SP ID="SP86" WIDTH="41" HPOS="298" VPOS="1653"/>
							<String ID="STRING99" STYLEREFS="STYLE1" HEIGHT="115" WIDTH="363" HPOS="339" VPOS="1630" CONTENT="Fornøjelse" WC="0.69" LANG="dan"/>
							<SP ID="SP87" WIDTH="49" HPOS="702" VPOS="1630"/>
							<String ID="STRING100" STYLEREFS="STYLE1" HEIGHT="82" WIDTH="111" HPOS="751" VPOS="1649" CONTENT="udi" WC="0.63" LANG="dan"/>
							<SP ID="SP88" WIDTH="51" HPOS="862" VPOS="1649"/>
							<String ID="STRING101" STYLEREFS="STYLE1" HEIGHT="64" WIDTH="73" HPOS="913" VPOS="1666" CONTENT="at" WC="0.66" LANG="dan"/>
							<SP ID="SP89" WIDTH="67" HPOS="986" VPOS="1666"/>
							<String ID="STRING102" STYLEREFS="STYLE1" HEIGHT="92" WIDTH="163" HPOS="1053" VPOS="1650" CONTENT="have" WC="0.98" LANG="dan"/>
							<SP ID="SP90" WIDTH="37" HPOS="1216" VPOS="1650"/>
							<String ID="STRING103" STYLEREFS="STYLE1" HEIGHT="99" WIDTH="375" HPOS="1253" VPOS="1648" CONTENT="Processer," WC="0.8" LANG="dan"/>
							<SP ID="SP91" WIDTH="73" HPOS="1628" VPOS="1648"/>
							<String ID="STRING104" STYLEREFS="STYLE1" HEIGHT="88" WIDTH="205" HPOS="1701" VPOS="1663" CONTENT="endog" WC="0.66" LANG="dan"/>
						</TextLine>
						<TextLine ID="LINE14" HEIGHT="103" WIDTH="1716" HPOS="188" VPOS="1744">
							<String ID="STRING105" STYLEREFS="STYLE1" HEIGHT="74" WIDTH="146" HPOS="188" VPOS="1751" CONTENT="med" WC="0.66" LANG="dan"/>
							<SP ID="SP92" WIDTH="36" HPOS="334" VPOS="1751"/>
							<String ID="STRING106" STYLEREFS="STYLE1" HEIGHT="91" WIDTH="184" HPOS="370" VPOS="1749" CONTENT="dem," WC="0.71" LANG="dan"/>
							<SP ID="SP93" WIDTH="30" HPOS="554" VPOS="1749"/>
							<String ID="STRING107" STYLEREFS="STYLE1" HEIGHT="94" WIDTH="134" HPOS="584" VPOS="1744" CONTENT="fom" WC="0.56" LANG="dan"/>
							<SP ID="SP94" WIDTH="16" HPOS="718" VPOS="1744"/>
							<String ID="STRING108" STYLEREFS="STYLE1" HEIGHT="94" WIDTH="206" HPOS="734" VPOS="1747" CONTENT="aldrig" WC="0.62" LANG="dan"/>
							<SP ID="SP95" WIDTH="22" HPOS="940" VPOS="1747"/>
							<String ID="STRING109" STYLEREFS="STYLE1" HEIGHT="94" WIDTH="120" HPOS="962" VPOS="1744" CONTENT="har" WC="0.77" LANG="dan"/>
							<SP ID="SP96" WIDTH="24" HPOS="1082" VPOS="1744"/>
							<String ID="STRING110" STYLEREFS="STYLE2" HEIGHT="98" WIDTH="171" HPOS="1106" VPOS="1746" CONTENT="gjort" WC="0.85" LANG="dan"/>
							<SP ID="SP97" WIDTH="33" HPOS="1277" VPOS="1746"/>
							<String ID="STRING111" STYLEREFS="STYLE1" HEIGHT="72" WIDTH="146" HPOS="1310" VPOS="1753" CONTENT="dem" WC="0.76" LANG="dan"/>
							<SP ID="SP98" WIDTH="38" HPOS="1456" VPOS="1753"/>
							<String ID="STRING112" STYLEREFS="STYLE1" HEIGHT="76" WIDTH="190" HPOS="1494" VPOS="1766" CONTENT="noget" WC="0.79" LANG="dan"/>
							<SP ID="SP99" WIDTH="16" HPOS="1684" VPOS="1766"/>
							<String ID="STRING113" STYLEREFS="STYLE1" HEIGHT="95" WIDTH="204" HPOS="1700" VPOS="1752" CONTENT="imod," WC="0.45" LANG="dan"/>
						</TextLine>
						<TextLine ID="LINE15" HEIGHT="101" WIDTH="1732" HPOS="176" VPOS="1839">
							<String ID="STRING114" STYLEREFS="STYLE2" HEIGHT="93" WIDTH="229" HPOS="176" VPOS="1839" CONTENT="saaat" WC="0.85" LANG="dan"/>
							<SP ID="SP100" WIDTH="-69" HPOS="405" VPOS="1839"/>
							<String ID="STRING115" STYLEREFS="STYLE1" HEIGHT="62" WIDTH="70" HPOS="336" VPOS="1857" CONTENT="at" WC="0.87" LANG="dan"/>
							<SP ID="SP101" WIDTH="30" HPOS="406" VPOS="1857"/>
							<String ID="STRING116" STYLEREFS="STYLE1" HEIGHT="76" WIDTH="102" HPOS="436" VPOS="1848" CONTENT="det" WC="0.54" LANG="dan"/>
							<SP ID="SP102" WIDTH="42" HPOS="538" VPOS="1848"/>
							<String ID="STRING117" STYLEREFS="STYLE1" HEIGHT="60" WIDTH="62" HPOS="580" VPOS="1862" CONTENT="er" WC="0.83" LANG="dan"/>
							<SP ID="SP103" WIDTH="36" HPOS="642" VPOS="1862"/>
							<String ID="STRING118" STYLEREFS="STYLE1" HEIGHT="77" WIDTH="144" HPOS="678" VPOS="1850" CONTENT="dem" WC="0.68" LANG="dan"/>
							<SP ID="SP104" WIDTH="48" HPOS="822" VPOS="1850"/>
							<String ID="STRING119" STYLEREFS="STYLE1" HEIGHT="95" WIDTH="114" HPOS="870" VPOS="1845" CONTENT="lige" WC="0.89" LANG="dan"/>
							<SP ID="SP105" WIDTH="20" HPOS="984" VPOS="1845"/>
							<String ID="STRING120" STYLEREFS="STYLE1" HEIGHT="85" WIDTH="246" HPOS="1004" VPOS="1854" CONTENT="meget," WC="0.82" LANG="dan"/>
							<SP ID="SP106" WIDTH="54" HPOS="1250" VPOS="1854"/>
							<String ID="STRING121" STYLEREFS="STYLE1" HEIGHT="67" WIDTH="186" HPOS="1304" VPOS="1859" CONTENT="enten" WC="0.98" LANG="dan"/>
							<SP ID="SP107" WIDTH="28" HPOS="1490" VPOS="1859"/>
							<String ID="STRING122" STYLEREFS="STYLE1" HEIGHT="78" WIDTH="74" HPOS="1518" VPOS="1848" CONTENT="de" WC="0.79" LANG="dan"/>
							<SP ID="SP108" WIDTH="30" HPOS="1592" VPOS="1848"/>
							<String ID="STRING123" STYLEREFS="STYLE1" HEIGHT="92" WIDTH="120" HPOS="1622" VPOS="1846" CONTENT="har" WC="0.65" LANG="dan"/>
							<SP ID="SP109" WIDTH="20" HPOS="1742" VPOS="1846"/>
							<String ID="STRING124" STYLEREFS="STYLE1" HEIGHT="82" WIDTH="146" HPOS="1762" VPOS="1849" CONTENT="Ret" WC="0.63" LANG="dan"/>
						</TextLine>
						<TextLine ID="LINE16" HEIGHT="104" WIDTH="1705" HPOS="176" VPOS="1939">
							<String ID="STRING125" STYLEREFS="STYLE1" HEIGHT="72" WIDTH="145" HPOS="176" VPOS="1945" CONTENT="øllet" WC="0.83" LANG="dan"/>
							<SP ID="SP110" WIDTH="31" HPOS="321" VPOS="1945"/>
							<String ID="STRING126" STYLEREFS="STYLE1" HEIGHT="89" WIDTH="209" HPOS="352" VPOS="1941" CONTENT="Urer," WC="0.71" LANG="dan"/>
							<SP ID="SP111" WIDTH="59" HPOS="561" VPOS="1941"/>
							<String ID="STRING127" STYLEREFS="STYLE1" HEIGHT="75" WIDTH="79" HPOS="620" VPOS="1960" CONTENT="og" WC="0.55" LANG="dan"/>
							<SP ID="SP112" WIDTH="61" HPOS="699" VPOS="1960"/>
							<String ID="STRING128" STYLEREFS="STYLE1" HEIGHT="96" WIDTH="191" HPOS="760" VPOS="1939" CONTENT="hvem" WC="0.72" LANG="dan"/>
							<SP ID="SP113" WIDTH="55" HPOS="951" VPOS="1939"/>
							<String ID="STRING129" STYLEREFS="STYLE1" HEIGHT="78" WIDTH="103" HPOS="1006" VPOS="1946" CONTENT="det" WC="0.64" LANG="dan"/>
							<SP ID="SP114" WIDTH="27" HPOS="1109" VPOS="1946"/>
							<String ID="STRING130" STYLEREFS="STYLE1" HEIGHT="59" WIDTH="63" HPOS="1136" VPOS="1960" CONTENT="er" WC="0.83" LANG="dan"/>
							<SP ID="SP115" WIDTH="31" HPOS="1199" VPOS="1960"/>
							<String ID="STRING131" STYLEREFS="STYLE1" HEIGHT="94" WIDTH="217" HPOS="1230" VPOS="1941" CONTENT="imod," WC="0.6" LANG="dan"/>
							<SP ID="SP116" WIDTH="59" HPOS="1447" VPOS="1941"/>
							<String ID="STRING132" STYLEREFS="STYLE1" HEIGHT="64" WIDTH="169" HPOS="1506" VPOS="1962" CONTENT="naar" WC="0.9" LANG="dan"/>
							<SP ID="SP117" WIDTH="45" HPOS="1675" VPOS="1962"/>
							<String ID="STRING133" STYLEREFS="STYLE1" HEIGHT="74" WIDTH="73" HPOS="1720" VPOS="1953" CONTENT="de" WC="0.8" LANG="dan"/>
							<SP ID="SP118" WIDTH="33" HPOS="1793" VPOS="1953"/>
							<String ID="STRING134" STYLEREFS="STYLE1" HEIGHT="96" WIDTH="55" HPOS="1826" VPOS="1947" CONTENT="ik" SUBS_TYPE="HypPart1" SUBS_CONTENT="ikkun" WC="1" LANG="dan"/>
							<HYP CONTENT="-"/>
						</TextLine>
						<TextLine ID="LINE17" HEIGHT="103" WIDTH="1728" HPOS="185" VPOS="2032">
							<String ID="STRING135" STYLEREFS="STYLE1" HEIGHT="80" WIDTH="134" HPOS="185" VPOS="2037" CONTENT="kun" SUBS_TYPE="HypPart2" SUBS_CONTENT="ikkun" WC="0.74" LANG="dan"/>
							<SP ID="SP119" WIDTH="42" HPOS="319" VPOS="2037"/>
							<String ID="STRING136" STYLEREFS="STYLE1" HEIGHT="81" WIDTH="128" HPOS="361" VPOS="2035" CONTENT="kan" WC="1" LANG="dan"/>
							<SP ID="SP120" WIDTH="26" HPOS="489" VPOS="2035"/>
							<String ID="STRING137" STYLEREFS="STYLE1" HEIGHT="94" WIDTH="146" HPOS="515" VPOS="2032" CONTENT="faae" WC="1" LANG="dan"/>
							<SP ID="SP121" WIDTH="26" HPOS="661" VPOS="2032"/>
							<String ID="STRING138" STYLEREFS="STYLE1" HEIGHT="98" WIDTH="290" HPOS="687" VPOS="2037" CONTENT="Proceß." WC="0.67" LANG="deu"/>
							<SP ID="SP122" WIDTH="106" HPOS="977" VPOS="2037"/>
							<String ID="STRING139" STYLEREFS="STYLE1" HEIGHT="85" WIDTH="228" HPOS="1083" VPOS="2036" CONTENT="Andre" WC="0.72" LANG="dan"/>
							<SP ID="SP123" WIDTH="36" HPOS="1311" VPOS="2036"/>
							<String ID="STRING140" STYLEREFS="STYLE1" HEIGHT="58" WIDTH="98" HPOS="1347" VPOS="2057" CONTENT="ere" WC="1" LANG="dan"/>
							<SP ID="SP124" WIDTH="50" HPOS="1445" VPOS="2057"/>
							<String ID="STRING141" STYLEREFS="STYLE1" HEIGHT="94" WIDTH="104" HPOS="1495" VPOS="2036" CONTENT="for" WC="0.58" LANG="dan"/>
							<SP ID="SP125" WIDTH="44" HPOS="1599" VPOS="2036"/>
							<String ID="STRING142" STYLEREFS="STYLE1" HEIGHT="64" WIDTH="72" HPOS="1643" VPOS="2060" CONTENT="at" WC="0.68" LANG="dan"/>
							<SP ID="SP126" WIDTH="52" HPOS="1715" VPOS="2060"/>
							<String ID="STRING143" STYLEREFS="STYLE1" HEIGHT="76" WIDTH="146" HPOS="1767" VPOS="2049" CONTENT="lade" WC="0.82" LANG="dan"/>
						</TextLine>
						<TextLine ID="LINE18" HEIGHT="104" WIDTH="1730" HPOS="183" VPOS="2131">
							<String ID="STRING144" STYLEREFS="STYLE1" HEIGHT="94" WIDTH="91" HPOS="183" VPOS="2135" CONTENT="sig" WC="0.56" LANG="dan"/>
							<SP ID="SP127" WIDTH="33" HPOS="274" VPOS="2135"/>
							<String ID="STRING145" STYLEREFS="STYLE1" HEIGHT="94" WIDTH="86" HPOS="307" VPOS="2131" CONTENT="see" WC="0.89" LANG="dan"/>
							<SP ID="SP128" WIDTH="26" HPOS="393" VPOS="2131"/>
							<String ID="STRING146" STYLEREFS="STYLE1" HEIGHT="84" WIDTH="208" HPOS="419" VPOS="2132" CONTENT="iblant" WC="0.66" LANG="nob"/>
							<SP ID="SP129" WIDTH="34" HPOS="627" VPOS="2132"/>
							<String ID="STRING147" STYLEREFS="STYLE1" HEIGHT="99" WIDTH="208" HPOS="661" VPOS="2132" CONTENT="Folk," WC="0.81" LANG="dan"/>
							<SP ID="SP130" WIDTH="56" HPOS="869" VPOS="2132"/>
							<String ID="STRING148" STYLEREFS="STYLE1" HEIGHT="72" WIDTH="82" HPOS="925" VPOS="2156" CONTENT="og" WC="0.64" LANG="dan"/>
							<SP ID="SP131" WIDTH="34" HPOS="1007" VPOS="2156"/>
							<String ID="STRING149" STYLEREFS="STYLE1" HEIGHT="78" WIDTH="20" HPOS="1041" VPOS="2132" CONTENT="i" WC="0.57" LANG="dan"/>
							<SP ID="SP132" WIDTH="28" HPOS="1061" VPOS="2132"/>
							<String ID="STRING150" STYLEREFS="STYLE1" HEIGHT="76" WIDTH="122" HPOS="1089" VPOS="2140" CONTENT="den" WC="0.85" LANG="dan"/>
							<SP ID="SP133" WIDTH="22" HPOS="1211" VPOS="2140"/>
							<String ID="STRING151" STYLEREFS="STYLE1" HEIGHT="95" WIDTH="382" HPOS="1233" VPOS="2135" CONTENT="Anledning" WC="0.76" LANG="dan"/>
							<SP ID="SP134" WIDTH="34" HPOS="1615" VPOS="2135"/>
							<String ID="STRING152" STYLEREFS="STYLE1" HEIGHT="92" WIDTH="264" HPOS="1649" VPOS="2143" CONTENT="opfinde" WC="0.75" LANG="dan"/>
						</TextLine>
						<TextLine ID="LINE19" HEIGHT="99" WIDTH="1700" HPOS="184" VPOS="2229">
							<String ID="STRING153" STYLEREFS="STYLE1" HEIGHT="78" WIDTH="228" HPOS="184" VPOS="2247" CONTENT="noget," WC="0.76" LANG="dan"/>
							<SP ID="SP135" WIDTH="54" HPOS="412" VPOS="2247"/>
							<String ID="STRING154" STYLEREFS="STYLE1" HEIGHT="92" WIDTH="138" HPOS="466" VPOS="2230" CONTENT="som" WC="0.66" LANG="dan"/>
							<SP ID="SP136" WIDTH="28" HPOS="604" VPOS="2230"/>
							<String ID="STRING155" STYLEREFS="STYLE1" HEIGHT="81" WIDTH="126" HPOS="632" VPOS="2230" CONTENT="kan" WC="1" LANG="dan"/>
							<SP ID="SP137" WIDTH="22" HPOS="758" VPOS="2230"/>
							<String ID="STRING156" STYLEREFS="STYLE1" HEIGHT="94" WIDTH="142" HPOS="780" VPOS="2233" CONTENT="give" WC="0.84" LANG="dan"/>
							<SP ID="SP138" WIDTH="14" HPOS="922" VPOS="2233"/>
							<String ID="STRING157" STYLEREFS="STYLE1" HEIGHT="96" WIDTH="370" HPOS="936" VPOS="2231" CONTENT="Anledning" WC="0.8" LANG="dan"/>
							<SP ID="SP139" WIDTH="30" HPOS="1306" VPOS="2231"/>
							<String ID="STRING158" STYLEREFS="STYLE1" HEIGHT="78" WIDTH="70" HPOS="1336" VPOS="2231" CONTENT="ril" WC="0.6" LANG="dan"/>
							<SP ID="SP140" WIDTH="29" HPOS="1406" VPOS="2231"/>
							<String ID="STRING159" STYLEREFS="STYLE1" HEIGHT="99" WIDTH="277" HPOS="1435" VPOS="2229" CONTENT="Profeß." WC="0.65" LANG="deu"/>
							<SP ID="SP141" WIDTH="56" HPOS="1712" VPOS="2229"/>
							<String ID="STRING160" STYLEREFS="STYLE1" HEIGHT="80" WIDTH="116" HPOS="1768" VPOS="2237" CONTENT="An" SUBS_TYPE="HypPart1" SUBS_CONTENT="Andreigien" WC="0.82" LANG="deu"/>
							<HYP CONTENT="-"/>
						</TextLine>
						<TextLine ID="LINE20" HEIGHT="102" WIDTH="1726" HPOS="186" VPOS="2324">
							<String ID="STRING161" STYLEREFS="STYLE1" HEIGHT="94" WIDTH="290" HPOS="186" VPOS="2327" CONTENT="dreigien" SUBS_TYPE="HypPart2" SUBS_CONTENT="Andreigien" WC="0.69" LANG="deu"/>
							<SP ID="SP142" WIDTH="36" HPOS="476" VPOS="2327"/>
							<String ID="STRING162" STYLEREFS="STYLE1" HEIGHT="76" WIDTH="86" HPOS="512" VPOS="2328" CONTENT="vil" WC="0.78" LANG="dan"/>
							<SP ID="SP143" WIDTH="40" HPOS="598" VPOS="2328"/>
							<String ID="STRING163" STYLEREFS="STYLE1" HEIGHT="92" WIDTH="164" HPOS="638" VPOS="2328" CONTENT="have" WC="0.78" LANG="dan"/>
							<SP ID="SP144" WIDTH="44" HPOS="802" VPOS="2328"/>
							<String ID="STRING164" STYLEREFS="STYLE1" HEIGHT="84" WIDTH="160" HPOS="846" VPOS="2327" CONTENT="Ord" WC="0.51" LANG="dan"/>
							<SP ID="SP145" WIDTH="30" HPOS="1006" VPOS="2327"/>
							<String ID="STRING165" STYLEREFS="STYLE1" HEIGHT="94" WIDTH="102" HPOS="1036" VPOS="2324" CONTENT="for" WC="0.67" LANG="dan"/>
							<SP ID="SP146" WIDTH="48" HPOS="1138" VPOS="2324"/>
							<String ID="STRING166" STYLEREFS="STYLE1" HEIGHT="62" WIDTH="74" HPOS="1186" VPOS="2345" CONTENT="at" WC="0.68" LANG="dan"/>
							<SP ID="SP147" WIDTH="36" HPOS="1260" VPOS="2345"/>
							<String ID="STRING167" STYLEREFS="STYLE1" HEIGHT="59" WIDTH="166" HPOS="1296" VPOS="2347" CONTENT="være" WC="0.89" LANG="dan"/>
							<SP ID="SP148" WIDTH="46" HPOS="1462" VPOS="2347"/>
							<String ID="STRING168" STYLEREFS="STYLE1" HEIGHT="98" WIDTH="174" HPOS="1508" VPOS="2328" CONTENT="kloge" WC="0.87" LANG="dan"/>
							<SP ID="SP149" WIDTH="38" HPOS="1682" VPOS="2328"/>
							<String ID="STRING169" STYLEREFS="STYLE1" HEIGHT="76" WIDTH="20" HPOS="1720" VPOS="2335" CONTENT="i" WC="0.53" LANG="dan"/>
							<SP ID="SP150" WIDTH="42" HPOS="1740" VPOS="2335"/>
							<String ID="STRING170" STYLEREFS="STYLE1" HEIGHT="82" WIDTH="130" HPOS="1782" VPOS="2333" CONTENT="Lov" WC="0.57" LANG="dan"/>
						</TextLine>
						<TextLine ID="LINE21" HEIGHT="109" WIDTH="1721" HPOS="192" VPOS="2420">
							<String ID="STRING171" STYLEREFS="STYLE1" HEIGHT="74" WIDTH="81" HPOS="192" VPOS="2447" CONTENT="og" WC="0.45" LANG="dan"/>
							<SP ID="SP151" WIDTH="31" HPOS="273" VPOS="2447"/>
							<String ID="STRING172" STYLEREFS="STYLE1" HEIGHT="95" WIDTH="183" HPOS="304" VPOS="2423" CONTENT="Ret," WC="0.81" LANG="dan"/>
							<SP ID="SP152" WIDTH="31" HPOS="487" VPOS="2423"/>
							<String ID="STRING173" STYLEREFS="STYLE1" HEIGHT="94" WIDTH="135" HPOS="518" VPOS="2422" CONTENT="som" WC="0.74" LANG="dan"/>
							<SP ID="SP153" WIDTH="23" HPOS="653" VPOS="2422"/>
							<String ID="STRING174" STYLEREFS="STYLE1" HEIGHT="77" WIDTH="73" HPOS="676" VPOS="2428" CONTENT="de" WC="0.72" LANG="dan"/>
							<SP ID="SP154" WIDTH="41" HPOS="749" VPOS="2428"/>
							<String ID="STRING175" STYLEREFS="STYLE1" HEIGHT="94" WIDTH="217" HPOS="790" VPOS="2423" CONTENT="holder" WC="0.71" LANG="dan"/>
							<SP ID="SP155" WIDTH="47" HPOS="1007" VPOS="2423"/>
							<String ID="STRING176" STYLEREFS="STYLE1" HEIGHT="94" WIDTH="101" HPOS="1054" VPOS="2420" CONTENT="for" WC="0.54" LANG="dan"/>
							<SP ID="SP156" WIDTH="31" HPOS="1155" VPOS="2420"/>
							<String ID="STRING177" STYLEREFS="STYLE1" HEIGHT="62" WIDTH="71" HPOS="1186" VPOS="2441" CONTENT="at" WC="0.77" LANG="dan"/>
							<SP ID="SP157" WIDTH="45" HPOS="1257" VPOS="2441"/>
							<String ID="STRING178" STYLEREFS="STYLE1" HEIGHT="62" WIDTH="165" HPOS="1302" VPOS="2443" CONTENT="være" WC="0.91" LANG="dan"/>
							<SP ID="SP158" WIDTH="35" HPOS="1467" VPOS="2443"/>
							<String ID="STRING179" STYLEREFS="STYLE1" HEIGHT="78" WIDTH="143" HPOS="1502" VPOS="2430" CONTENT="dem" WC="0.63" LANG="dan"/>
							<SP ID="SP159" WIDTH="31" HPOS="1645" VPOS="2430"/>
							<String ID="STRING180" STYLEREFS="STYLE1" HEIGHT="61" WIDTH="81" HPOS="1676" VPOS="2450" CONTENT="en" WC="1" LANG="dan"/>
							<SP ID="SP160" WIDTH="29" HPOS="1757" VPOS="2450"/>
							<String ID="STRING181" STYLEREFS="STYLE1" HEIGHT="96" WIDTH="127" HPOS="1786" VPOS="2433" CONTENT="stor" WC="0.42" LANG="dan"/>
						</TextLine>
						<TextLine ID="LINE22" HEIGHT="102" WIDTH="1696" HPOS="191" VPOS="2519">
							<String ID="STRING182" STYLEREFS="STYLE1" HEIGHT="92" WIDTH="204" HPOS="191" VPOS="2525" CONTENT="ZEre," WC="0.69" LANG="dan"/>
							<SP ID="SP161" WIDTH="46" HPOS="395" VPOS="2525"/>
							<String ID="STRING183" STYLEREFS="STYLE1" HEIGHT="74" WIDTH="80" HPOS="441" VPOS="2542" CONTENT="og" WC="0.33" LANG="dan"/>
							<SP ID="SP162" WIDTH="28" HPOS="521" VPOS="2542"/>
							<String ID="STRING184" STYLEREFS="STYLE1" HEIGHT="81" WIDTH="140" HPOS="549" VPOS="2520" CONTENT="iald" WC="0.96" LANG="dan"/>
							<SP ID="SP163" WIDTH="36" HPOS="689" VPOS="2520"/>
							<String ID="STRING185" STYLEREFS="STYLE1" HEIGHT="76" WIDTH="182" HPOS="725" VPOS="2525" CONTENT="deres" WC="0.85" LANG="dan"/>
							<SP ID="SP164" WIDTH="20" HPOS="907" VPOS="2525"/>
							<String ID="STRING186" STYLEREFS="STYLE1" HEIGHT="96" WIDTH="438" HPOS="927" VPOS="2519" CONTENT="formeentlige" WC="0.76" LANG="dan"/>
							<SP ID="SP165" WIDTH="32" HPOS="1365" VPOS="2519"/>
							<String ID="STRING187" STYLEREFS="STYLE1" HEIGHT="102" WIDTH="376" HPOS="1397" VPOS="2519" CONTENT="Klogskab," WC="0.68" LANG="dan"/>
							<SP ID="SP166" WIDTH="40" HPOS="1773" VPOS="2519"/>
							<String ID="STRING188" STYLEREFS="STYLE1" HEIGHT="78" WIDTH="74" HPOS="1813" VPOS="2529" CONTENT="be" SUBS_TYPE="HypPart1" SUBS_CONTENT="besidde" WC="0.63" LANG="dan"/>
							<HYP CONTENT="-"/>
						</TextLine>
						<TextLine ID="LINE23" HEIGHT="102" WIDTH="1698" HPOS="189" VPOS="2614">
							<String ID="STRING189" STYLEREFS="STYLE1" HEIGHT="92" WIDTH="174" HPOS="189" VPOS="2621" CONTENT="sidde" SUBS_TYPE="HypPart2" SUBS_CONTENT="besidde" WC="0.59" LANG="dan"/>
							<SP ID="SP167" WIDTH="14" HPOS="363" VPOS="2621"/>
							<String ID="STRING190" STYLEREFS="STYLE1" HEIGHT="102" WIDTH="774" HPOS="377" VPOS="2614" CONTENT="storsteVankundighed" WC="0.71" LANG="dan"/>
							<SP ID="SP168" WIDTH="22" HPOS="1151" VPOS="2614"/>
							<String ID="STRING191" STYLEREFS="STYLE1" HEIGHT="75" WIDTH="78" HPOS="1173" VPOS="2638" CONTENT="og" WC="0.46" LANG="dan"/>
							<SP ID="SP169" WIDTH="12" HPOS="1251" VPOS="2638"/>
							<String ID="STRING192" STYLEREFS="STYLE1" HEIGHT="99" WIDTH="344" HPOS="1263" VPOS="2617" CONTENT="Blindhed" WC="0.76" LANG="dan"/>
							<SP ID="SP170" WIDTH="20" HPOS="1607" VPOS="2617"/>
							<String ID="STRING193" STYLEREFS="STYLE1" HEIGHT="72" WIDTH="142" HPOS="1627" VPOS="2631" CONTENT="med" WC="0.66" LANG="dan"/>
							<SP ID="SP171" WIDTH="16" HPOS="1769" VPOS="2631"/>
							<String ID="STRING194" STYLEREFS="STYLE1" HEIGHT="80" WIDTH="102" HPOS="1785" VPOS="2627" CONTENT="uri" SUBS_TYPE="HypPart1" SUBS_CONTENT="urimelige" WC="0.61" LANG="dan"/>
							<HYP CONTENT="-"/>
						</TextLine>
						<TextLine ID="LINE24" HEIGHT="97" WIDTH="1721" HPOS="193" VPOS="2714">
							<String ID="STRING195" STYLEREFS="STYLE1" HEIGHT="94" WIDTH="217" HPOS="193" VPOS="2717" CONTENT="melige" SUBS_TYPE="HypPart2" SUBS_CONTENT="urimelige" WC="0.82" LANG="dan"/>
							<SP ID="SP172" WIDTH="19" HPOS="410" VPOS="2717"/>
							<String ID="STRING196" STYLEREFS="STYLE1" HEIGHT="74" WIDTH="77" HPOS="429" VPOS="2736" CONTENT="og" WC="0.69" LANG="dan"/>
							<SP ID="SP173" WIDTH="15" HPOS="506" VPOS="2736"/>
							<String ID="STRING197" STYLEREFS="STYLE1" HEIGHT="97" WIDTH="759" HPOS="521" VPOS="2714" CONTENT="taabeligeJnventioner" WC="0.78" LANG="dan"/>
							<SP ID="SP174" WIDTH="17" HPOS="1280" VPOS="2714"/>
							<String ID="STRING198" STYLEREFS="STYLE1" HEIGHT="94" WIDTH="103" HPOS="1297" VPOS="2717" CONTENT=";ja" WC="0.61" LANG="dan"/>
							<SP ID="SP175" WIDTH="21" HPOS="1400" VPOS="2717"/>
							<String ID="STRING199" STYLEREFS="STYLE1" HEIGHT="77" WIDTH="71" HPOS="1421" VPOS="2723" CONTENT="de" WC="0.67" LANG="dan"/>
							<SP ID="SP176" WIDTH="23" HPOS="1492" VPOS="2723"/>
							<String ID="STRING200" STYLEREFS="STYLE1" HEIGHT="60" WIDTH="93" HPOS="1515" VPOS="2738" CONTENT="ere" WC="0.84" LANG="dan"/>
							<SP ID="SP177" WIDTH="17" HPOS="1608" VPOS="2738"/>
							<String ID="STRING201" STYLEREFS="STYLE1" HEIGHT="78" WIDTH="19" HPOS="1625" VPOS="2722" CONTENT="i" WC="0.29" LANG="dan"/>
							<SP ID="SP178" WIDTH="13" HPOS="1644" VPOS="2722"/>
							<String ID="STRING202" STYLEREFS="STYLE1" HEIGHT="87" WIDTH="257" HPOS="1657" VPOS="2720" CONTENT="Stand" WC="0.74" LANG="dan"/>
						</TextLine>
						<TextLine ID="LINE25" HEIGHT="105" WIDTH="1722" HPOS="194" VPOS="2813">
							<String ID="STRING203" STYLEREFS="STYLE1" HEIGHT="80" WIDTH="70" HPOS="194" VPOS="2813" CONTENT="til" WC="0.72" LANG="dan"/>
							<SP ID="SP179" WIDTH="20" HPOS="264" VPOS="2813"/>
							<String ID="STRING204" STYLEREFS="STYLE1" HEIGHT="64" WIDTH="74" HPOS="284" VPOS="2831" CONTENT="at" WC="0.8" LANG="dan"/>
							<SP ID="SP180" WIDTH="34" HPOS="358" VPOS="2831"/>
							<String ID="STRING205" STYLEREFS="STYLE1" HEIGHT="90" WIDTH="262" HPOS="392" VPOS="2818" CONTENT="anlegge" WC="0.92" LANG="nob"/>
							<SP ID="SP181" WIDTH="34" HPOS="654" VPOS="2818"/>
							<String ID="STRING206" STYLEREFS="STYLE1" HEIGHT="70" WIDTH="110" HPOS="688" VPOS="2837" CONTENT="z»" WC="1" LANG="dan"/>
							<SP ID="SP182" WIDTH="24" HPOS="798" VPOS="2837"/>
							<String ID="STRING207" STYLEREFS="STYLE1" HEIGHT="70" WIDTH="48" HPOS="822" VPOS="2835" CONTENT="4" WC="0.95" LANG="dan"/>
							<SP ID="SP183" WIDTH="22" HPOS="870" VPOS="2835"/>
							<String ID="STRING208" STYLEREFS="STYLE1" HEIGHT="95" WIDTH="252" HPOS="892" VPOS="2813" CONTENT="Sager" WC="0.79" LANG="dan"/>
							<SP ID="SP184" WIDTH="22" HPOS="1144" VPOS="2813"/>
							<String ID="STRING209" STYLEREFS="STYLE1" HEIGHT="58" WIDTH="106" HPOS="1166" VPOS="2833" CONTENT="om" WC="0.54" LANG="dan"/>
							<SP ID="SP185" WIDTH="24" HPOS="1272" VPOS="2833"/>
							<String ID="STRING210" STYLEREFS="STYLE1" HEIGHT="58" WIDTH="74" HPOS="1296" VPOS="2837" CONTENT="en" WC="1" LANG="dan"/>
							<SP ID="SP186" WIDTH="22" HPOS="1370" VPOS="2837"/>
							<String ID="STRING211" STYLEREFS="STYLE1" HEIGHT="75" WIDTH="80" HPOS="1392" VPOS="2837" CONTENT="og" WC="0.68" LANG="dan"/>
							<SP ID="SP187" WIDTH="34" HPOS="1472" VPOS="2837"/>
							<String ID="STRING212" STYLEREFS="STYLE1" HEIGHT="82" WIDTH="118" HPOS="1506" VPOS="2822" CONTENT="den" WC="0.77" LANG="dan"/>
							<SP ID="SP188" WIDTH="48" HPOS="1624" VPOS="2822"/>
							<String ID="STRING213" STYLEREFS="STYLE1" HEIGHT="102" WIDTH="244" HPOS="1672" VPOS="2816" CONTENT="samme" WC="0.81" LANG="dan"/>
						</TextLine>
						<TextLine ID="LINE26" HEIGHT="107" WIDTH="1695" HPOS="190" VPOS="2908">
							<String ID="STRING214" STYLEREFS="STYLE1" HEIGHT="100" WIDTH="219" HPOS="190" VPOS="2909" CONTENT="Bug," WC="0.53" LANG="dan"/>
							<SP ID="SP189" WIDTH="59" HPOS="409" VPOS="2909"/>
							<String ID="STRING215" STYLEREFS="STYLE1" HEIGHT="92" WIDTH="134" HPOS="468" VPOS="2908" CONTENT="som" WC="0.63" LANG="dan"/>
							<SP ID="SP190" WIDTH="48" HPOS="602" VPOS="2908"/>
							<String ID="STRING216" STYLEREFS="STYLE1" HEIGHT="87" WIDTH="212" HPOS="650" VPOS="2908" CONTENT="kunde" WC="0.83" LANG="dan"/>
							<SP ID="SP191" WIDTH="28" HPOS="862" VPOS="2908"/>
							<String ID="STRING217" STYLEREFS="STYLE1" HEIGHT="78" WIDTH="358" HPOS="890" VPOS="2910" CONTENT="vcnrilercs" WC="0.57" LANG="dan"/>
							<SP ID="SP192" WIDTH="28" HPOS="1248" VPOS="2910"/>
							<String ID="STRING218" STYLEREFS="STYLE1" HEIGHT="77" WIDTH="208" HPOS="1276" VPOS="2919" CONTENT="under" WC="0.73" LANG="dan"/>
							<SP ID="SP193" WIDTH="46" HPOS="1484" VPOS="2919"/>
							<String ID="STRING219" STYLEREFS="STYLE1" HEIGHT="70" WIDTH="74" HPOS="1530" VPOS="2930" CONTENT="et." WC="0.85" LANG="dan"/>
							<SP ID="SP194" WIDTH="118" HPOS="1604" VPOS="2930"/>
							<String ID="STRING220" STYLEREFS="STYLE1" HEIGHT="98" WIDTH="163" HPOS="1722" VPOS="2917" CONTENT="Nog" SUBS_TYPE="HypPart1" SUBS_CONTENT="Nogle" WC="0.87" LANG="dan"/>
							<HYP CONTENT="-"/>
						</TextLine>
						<TextLine ID="LINE27" HEIGHT="107" WIDTH="1694" HPOS="193" VPOS="3005">
							<String ID="STRING221" STYLEREFS="STYLE1" HEIGHT="76" WIDTH="54" HPOS="193" VPOS="3013" CONTENT="le" SUBS_TYPE="HypPart2" SUBS_CONTENT="Nogle" WC="1" LANG="dan"/>
							<SP ID="SP195" WIDTH="28" HPOS="247" VPOS="3013"/>
							<String ID="STRING222" STYLEREFS="STYLE1" HEIGHT="58" WIDTH="96" HPOS="275" VPOS="3029" CONTENT="ere" WC="0.79" LANG="dan"/>
							<SP ID="SP196" WIDTH="60" HPOS="371" VPOS="3029"/>
							<String ID="STRING223" STYLEREFS="STYLE1" HEIGHT="94" WIDTH="112" HPOS="431" VPOS="3006" CONTENT="saa" WC="1" LANG="dan"/>
							<SP ID="SP197" WIDTH="56" HPOS="543" VPOS="3006"/>
							<String ID="STRING224" STYLEREFS="STYLE1" HEIGHT="74" WIDTH="162" HPOS="599" VPOS="3013" CONTENT="onde" WC="0.78" LANG="dan"/>
							<SP ID="SP198" WIDTH="48" HPOS="761" VPOS="3013"/>
							<String ID="STRING225" STYLEREFS="STYLE1" HEIGHT="96" WIDTH="78" HPOS="809" VPOS="3005" CONTENT="af" WC="0.75" LANG="dan"/>
							<SP ID="SP199" WIDTH="42" HPOS="887" VPOS="3005"/>
							<String ID="STRING226" STYLEREFS="STYLE1" HEIGHT="102" WIDTH="362" HPOS="929" VPOS="3005" CONTENT="Naturen," WC="0.7" LANG="dan"/>
							<SP ID="SP200" WIDTH="76" HPOS="1291" VPOS="3005"/>
							<String ID="STRING227" STYLEREFS="STYLE1" HEIGHT="64" WIDTH="74" HPOS="1367" VPOS="3027" CONTENT="at" WC="0.75" LANG="dan"/>
							<SP ID="SP201" WIDTH="56" HPOS="1441" VPOS="3027"/>
							<String ID="STRING228" STYLEREFS="STYLE1" HEIGHT="74" WIDTH="74" HPOS="1497" VPOS="3018" CONTENT="de" WC="0.71" LANG="dan"/>
							<SP ID="SP202" WIDTH="29" HPOS="1571" VPOS="3018"/>
							<String ID="STRING229" STYLEREFS="STYLE2" HEIGHT="100" WIDTH="287" HPOS="1600" VPOS="3012" CONTENT="uskyldig" SUBS_TYPE="HypPart1" SUBS_CONTENT="uskyldig«viis" WC="0.84" LANG="dan"/>
							<HYP CONTENT="-"/>
						</TextLine>
						<TextLine ID="LINE28" HEIGHT="109" WIDTH="1738" HPOS="179" VPOS="3100">
							<String ID="STRING230" STYLEREFS="STYLE2" HEIGHT="81" WIDTH="143" HPOS="179" VPOS="3104" CONTENT="«viis" SUBS_TYPE="HypPart2" SUBS_CONTENT="uskyldig«viis" WC="0.85" LANG="dan"/>
							<SP ID="SP203" WIDTH="21" HPOS="322" VPOS="3104"/>
							<String ID="STRING231" STYLEREFS="STYLE1" HEIGHT="92" WIDTH="358" HPOS="343" VPOS="3100" CONTENT="overfalder" WC="0.73" LANG="dan"/>
							<SP ID="SP204" WIDTH="14" HPOS="701" VPOS="3100"/>
							<String ID="STRING232" STYLEREFS="STYLE1" HEIGHT="76" WIDTH="238" HPOS="715" VPOS="3125" CONTENT="mange" WC="0.8" LANG="dan"/>
							<SP ID="SP205" WIDTH="22" HPOS="953" VPOS="3125"/>
							<String ID="STRING233" STYLEREFS="STYLE1" HEIGHT="99" WIDTH="306" HPOS="975" VPOS="3104" CONTENT="skikkelige" WC="0.84" LANG="dan"/>
							<SP ID="SP206" WIDTH="18" HPOS="1281" VPOS="3104"/>
							<String ID="STRING234" STYLEREFS="STYLE1" HEIGHT="104" WIDTH="424" HPOS="1299" VPOS="3105" CONTENT="Mennesker," WC="0.77" LANG="dan"/>
							<SP ID="SP207" WIDTH="60" HPOS="1723" VPOS="3105"/>
							<String ID="STRING235" STYLEREFS="STYLE1" HEIGHT="92" WIDTH="134" HPOS="1783" VPOS="3113" CONTENT="font" WC="0.24" LANG="dan"/>
						</TextLine>
						<TextLine ID="LINE29" HEIGHT="109" WIDTH="1723" HPOS="193" VPOS="3200">
							<String ID="STRING236" STYLEREFS="STYLE1" HEIGHT="74" WIDTH="265" HPOS="193" VPOS="3209" CONTENT="derover" WC="0.67" LANG="dan"/>
							<SP ID="SP208" WIDTH="27" HPOS="458" VPOS="3209"/>
							<String ID="STRING237" STYLEREFS="STYLE1" HEIGHT="94" WIDTH="101" HPOS="485" VPOS="3200" CONTENT="for" WC="0.52" LANG="dan"/>
							<SP ID="SP209" WIDTH="45" HPOS="586" VPOS="3200"/>
							<String ID="STRING238" STYLEREFS="STYLE1" HEIGHT="67" WIDTH="71" HPOS="631" VPOS="3219" CONTENT="at" WC="0.63" LANG="dan"/>
							<SP ID="SP210" WIDTH="37" HPOS="702" VPOS="3219"/>
							<String ID="STRING239" STYLEREFS="STYLE1" HEIGHT="80" WIDTH="163" HPOS="739" VPOS="3203" CONTENT="blive" WC="0.79" LANG="dan"/>
							<SP ID="SP211" WIDTH="45" HPOS="902" VPOS="3203"/>
							<String ID="STRING240" STYLEREFS="STYLE1" HEIGHT="78" WIDTH="19" HPOS="947" VPOS="3202" CONTENT="i" WC="0.73" LANG="dan"/>
							<SP ID="SP212" WIDTH="43" HPOS="966" VPOS="3202"/>
							<String ID="STRING241" STYLEREFS="STYLE1" HEIGHT="100" WIDTH="213" HPOS="1009" VPOS="3202" CONTENT="Fred," WC="0.6" LANG="dan"/>
							<SP ID="SP213" WIDTH="73" HPOS="1222" VPOS="3202"/>
							<String ID="STRING242" STYLEREFS="STYLE1" HEIGHT="64" WIDTH="189" HPOS="1295" VPOS="3225" CONTENT="maae" WC="0.89" LANG="dan"/>
							<SP ID="SP214" WIDTH="49" HPOS="1484" VPOS="3225"/>
							<String ID="STRING243" STYLEREFS="STYLE1" HEIGHT="96" WIDTH="257" HPOS="1533" VPOS="3208" CONTENT="benytte" WC="0.71" LANG="dan"/>
							<SP ID="SP215" WIDTH="37" HPOS="1790" VPOS="3208"/>
							<String ID="STRING244" STYLEREFS="STYLE1" HEIGHT="94" WIDTH="89" HPOS="1827" VPOS="3215" CONTENT="sig" WC="0.36" LANG="dan"/>
						</TextLine>
						<TextLine ID="LINE30" HEIGHT="110" WIDTH="1718" HPOS="196" VPOS="3297">
							<String ID="STRING245" STYLEREFS="STYLE1" HEIGHT="104" WIDTH="82" HPOS="196" VPOS="3297" CONTENT="af" WC="0.29" LANG="dan"/>
							<SP ID="SP216" WIDTH="34" HPOS="278" VPOS="3297"/>
							<String ID="STRING246" STYLEREFS="STYLE1" HEIGHT="106" WIDTH="318" HPOS="312" VPOS="3301" CONTENT="Justitien" WC="0.62" LANG="deu"/>
							<SP ID="SP217" WIDTH="62" HPOS="630" VPOS="3301"/>
							<String ID="STRING247" STYLEREFS="STYLE1" HEIGHT="88" WIDTH="68" HPOS="692" VPOS="3301" CONTENT="til" WC="0.68" LANG="dan"/>
							<SP ID="SP218" WIDTH="58" HPOS="760" VPOS="3301"/>
							<String ID="STRING248" STYLEREFS="STYLE1" HEIGHT="104" WIDTH="466" HPOS="818" VPOS="3299" CONTENT="Tugtemester," WC="0.64" LANG="dan"/>
							<SP ID="SP219" WIDTH="118" HPOS="1284" VPOS="3299"/>
							<String ID="STRING249" STYLEREFS="STYLE1" HEIGHT="103" WIDTH="222" HPOS="1402" VPOS="3301" CONTENT="Nogle" WC="0.72" LANG="dan"/>
							<SP ID="SP220" WIDTH="50" HPOS="1624" VPOS="3301"/>
							<String ID="STRING250" STYLEREFS="STYLE1" HEIGHT="82" WIDTH="240" HPOS="1674" VPOS="3313" CONTENT="aldeles" WC="0.77" LANG="dan"/>
						</TextLine>
					</TextBlock>
					<TextBlock xs:type="TextBlockType" ID="ZONE1142782" HEIGHT="87" WIDTH="56" HPOS="2742" VPOS="260" xlink:type="simple">
						<TextLine ID="LINE31" HEIGHT="87" WIDTH="56" HPOS="2742" VPOS="260">
							<String ID="STRING251" STYLEREFS="STYLE1" HEIGHT="87" WIDTH="56" HPOS="2742" VPOS="260" CONTENT="f" WC="0.13" LANG="dan"/>
						</TextLine>
					</TextBlock>
					<TextBlock xs:type="TextBlockType" ID="ZONE1142783" HEIGHT="185" WIDTH="93" HPOS="2717" VPOS="320" xlink:type="simple">
						<TextLine ID="LINE32" HEIGHT="185" WIDTH="91" HPOS="2718" VPOS="320">
							<String ID="STRING252" STYLEREFS="STYLE4" HEIGHT="185" WIDTH="91" HPOS="2718" VPOS="320" CONTENT="'1" WC="0.34" LANG="dan"/>
						</TextLine>
					</TextBlock>
					<TextBlock xs:type="TextBlockType" ID="ZONE1142784" HEIGHT="79" WIDTH="94" HPOS="2715" VPOS="504" xlink:type="simple">
						<TextLine ID="LINE33" HEIGHT="78" WIDTH="94" HPOS="2715" VPOS="505">
							<String ID="STRING253" STYLEREFS="STYLE1" HEIGHT="26" WIDTH="4" HPOS="2715" VPOS="550" CONTENT="1" WC="0.69" LANG="dan"/>
							<SP ID="SP221" WIDTH="50" HPOS="2719" VPOS="550"/>
							<String ID="STRING254" STYLEREFS="STYLE1" HEIGHT="78" WIDTH="40" HPOS="2769" VPOS="505" CONTENT="i" WC="0.16" LANG="dan"/>
						</TextLine>
					</TextBlock>
					<TextBlock xs:type="TextBlockType" ID="ZONE1142785" HEIGHT="85" WIDTH="58" HPOS="2742" VPOS="760" xlink:type="simple">
						<TextLine ID="LINE34" HEIGHT="85" WIDTH="58" HPOS="2742" VPOS="760">
							<String ID="STRING255" STYLEREFS="STYLE5" HEIGHT="85" WIDTH="58" HPOS="2742" VPOS="760" CONTENT="V" WC="0.24" LANG="dan"/>
						</TextLine>
					</TextBlock>
					<Illustration xs:type="IllustrationType" ID="ZONE1142786" HEIGHT="223" WIDTH="129" HPOS="2666" VPOS="1115" xlink:type="simple"/>
					<TextBlock xs:type="TextBlockType" ID="ZONE1142787" HEIGHT="91" WIDTH="65" HPOS="2723" VPOS="1378" xlink:type="simple">
						<TextLine ID="LINE35" HEIGHT="18" WIDTH="25" HPOS="2742" VPOS="1388">
							<String ID="STRING256" STYLEREFS="STYLE6" HEIGHT="18" WIDTH="25" HPOS="2742" VPOS="1388" CONTENT="Tys" WC="0.54" LANG="dan"/>
						</TextLine>
					</TextBlock>
					<TextBlock xs:type="TextBlockType" ID="ZONE1142788" HEIGHT="117" WIDTH="62" HPOS="2731" VPOS="1468" xlink:type="simple">
						<TextLine ID="LINE36" HEIGHT="116" WIDTH="62" HPOS="2731" VPOS="1468">
							<String ID="STRING257" STYLEREFS="STYLE1" HEIGHT="116" WIDTH="62" HPOS="2731" VPOS="1468" CONTENT="il" WC="0.17" LANG="dan"/>
						</TextLine>
					</TextBlock>
					<TextBlock xs:type="TextBlockType" ID="ZONE1142789" HEIGHT="73" WIDTH="21" HPOS="2740" VPOS="2186" xlink:type="simple">
						<TextLine ID="LINE37" HEIGHT="73" WIDTH="19" HPOS="2741" VPOS="2186">
							<String ID="STRING258" STYLEREFS="STYLE7" HEIGHT="73" WIDTH="19" HPOS="2741" VPOS="2186" CONTENT="i" WC="0.36" LANG="dan"/>
						</TextLine>
					</TextBlock>
					<TextBlock xs:type="TextBlockType" ID="ZONE1142790" HEIGHT="55" WIDTH="63" HPOS="2738" VPOS="2871" xlink:type="simple">
						<TextLine ID="LINE38" HEIGHT="54" WIDTH="63" HPOS="2738" VPOS="2872">
							<String ID="STRING259" STYLEREFS="STYLE8" HEIGHT="22" WIDTH="5" HPOS="2738" VPOS="2903" CONTENT="1" WC="0.26" LANG="dan"/>
							<SP ID="SP222" WIDTH="12" HPOS="2743" VPOS="2903"/>
							<String ID="STRING260" STYLEREFS="STYLE8" HEIGHT="54" WIDTH="46" HPOS="2755" VPOS="2872" CONTENT="il" WC="0.19" LANG="dan"/>
						</TextLine>
					</TextBlock>
					<TextBlock xs:type="TextBlockType" ID="ZONE1142791" HEIGHT="63" WIDTH="38" HPOS="2761" VPOS="2918" xlink:type="simple">
						<TextLine ID="LINE39" HEIGHT="63" WIDTH="38" HPOS="2761" VPOS="2918">
							<String ID="STRING261" STYLEREFS="STYLE9" HEIGHT="63" WIDTH="38" HPOS="2761" VPOS="2918" CONTENT="tø" WC="0.28" LANG="dan"/>
						</TextLine>
					</TextBlock>
					<TextBlock xs:type="TextBlockType" ID="ZONE1142792" HEIGHT="143" WIDTH="35" HPOS="2735" VPOS="2976" xlink:type="simple">
						<TextLine ID="LINE40" HEIGHT="143" WIDTH="33" HPOS="2736" VPOS="2976">
							<String ID="STRING262" STYLEREFS="STYLE10" HEIGHT="143" WIDTH="33" HPOS="2736" VPOS="2976" CONTENT="I" WC="0.13" LANG="dan"/>
						</TextLine>
					</TextBlock>
					<TextBlock xs:type="TextBlockType" ID="ZONE1142793" HEIGHT="84" WIDTH="70" HPOS="2731" VPOS="3068" xlink:type="simple">
						<TextLine ID="LINE41" HEIGHT="83" WIDTH="70" HPOS="2731" VPOS="3069">
							<String ID="STRING263" STYLEREFS="STYLE1" HEIGHT="83" WIDTH="70" HPOS="2731" VPOS="3069" CONTENT="il" WC="0.63" LANG="dan"/>
						</TextLine>
					</TextBlock>
					<TextBlock xs:type="TextBlockType" ID="ZONE1142794" HEIGHT="79" WIDTH="164" HPOS="1650" VPOS="3410" xlink:type="simple">
						<TextLine ID="LINE42" HEIGHT="78" WIDTH="164" HPOS="1650" VPOS="3411">
							<String ID="STRING264" STYLEREFS="STYLE1" HEIGHT="78" WIDTH="164" HPOS="1650" VPOS="3411" CONTENT="onde" WC="0.69" LANG="dan"/>
						</TextLine>
					</TextBlock>
					<Illustration xs:type="IllustrationType" ID="ZONE1142795" HEIGHT="288" WIDTH="1459" HPOS="1340" VPOS="4182" xlink:type="simple"/>
				</ComposedBlock>
			</PrintSpace>
		</Page>
	</Layout>
</alto>
