2820 4475
1079 441 52 68 4

993 616 89 97 ste
1129 603 105 99 for
1273 606 123 78 alle
1439 595 383 98 Mennesker
1863 598 19 78 i
1929 597 549 102 Almindelighed,
2525 604 147 94 især

994 748 107 99 for
1128 751 189 89 dem,
1370 735 137 97 som
1532 756 95 60 ere
1642 733 227 99 fattige
1890 757 77 74 og
2000 738 149 80 lider
2178 737 409 100 Forurettelse
2603 765 70 75 og

997 886 289 93 Tvang,
1342 897 150 61 men
1525 874 301 97 ikke-har
1874 890 188 79 noget
2104 891 74 65 at
2229 871 141 100 føre
2425 875 251 105 Proceß

999 1029 188 90 med,
1241 1015 216 98 efterdi
1475 1012 234 98 enhver
1726 1011 127 80 kan
1869 1027 162 63 være
2065 1014 394 97 undergiven
2472 1014 201 85 Over»

998 1160 178 101 fald,
1228 1137 427 148 Forurettede
1697 1170 100 75 og
1818 1148 312 100 Proceß,
2186 1155 92 94 ogs
2312 1158 74 84 de
2420 1151 126 102 som
2588 1138 88 97 ere-

998 1291 382 107 formuende
999 1302 420 97 formuende,
1475 1296 140 80 eller
1645 1292 188 93 nogle
1859 1285 78 99 af
1951 1295 182 91 dem,
2187 1289 176 98 søger
2394 1291 138 83 med

1430 1427 408 97 Kreplerier,
1910 1429 381 98 Udflugter,
2356 1427 296 101 Forhalin-

1001 1600 115 79 ger
1155 1597 81 74 og
1275 1569 306 99 adskillige
1611 1571 204 78 andre
1875 1566 296 96 unyttige
2239 1565 331 100 Paafund
2603 1591 73 75 og

1000 1717 321 99 Ophold,
1374 1725 75 67 at
1486 1706 215 96 tvinge
1732 1709 123 76 den
1892 1701 307 103 Fattige,
2258 1726 77 74 og
2368 1702 313 101 forhindre

999 1856 165 97 ham
1201 1866 75 65 at
1307 1867 167 61 naae
1503 1848 125 79 den
1663 1841 185 97 Ret,
1929 1839 133 94 som
2101 1842 161 94 ham
2291 1844 391 98 tilkommer;

998 1997 185 93 nogle
1244 1984 227 101 fattige
1536 2000 97 62 ere
1698 1978 117 85 udi
1874 1981 111 78 ald
2052 1984 185 78 deres
2318 1986 171 92 flette
2554 1982 107 90 Til-

997 2135 239 96 stand,
1304 2122 113 92 faa
1457 2098 310 115 taabelige
1819 2138 81 74 og
1961 2116 343 97 malicieuse
2341 2120 177 87 imod
2535 2142 13 23 '
2561 2130 127 74 den

1002 2268 227 94 Rige,
1280 2260 137 94 som
1456 2257 119 96 har
1616 2257 239 93 hiulpet
1882 2275 81 74 og
2008 2258 317 94 assisteret
2366 2262 183 93 dem,
2598 2262 91 86 sat

1004 2414 118 90 de,
1199 2401 27 78 i
1267 2400 127 97 sted
1406 2415 76 58 en
1533 2388 103 98 for
1668 2390 254 92 at'viise
1957 2397 75 76 de
2085 2392 261 97 ffyldige
2389 2391 291 103 Pligter,

1005 2566 86 74 og
1119 2541 176 97 giøre
1315 2542 120 78 den
1466 2528 397 98 Rigtighed,
1914 2527 135 94 som
2078 2534 147 76 dem
2259 2530 424 84 tilkommerat

1008 2682 222 101 giøre,
1282 2672 144 98 søge
1478 2676 146 76 med
1664 2662 534 103 Spilfægterier,
2228 2666 452 102 Inventioner,

1007 2814 402 96 urimmelige
1439 2806 336 103 Paafund
1795 2826 80 76 og
1909 2804 318 97 Ophold,
2279 2820 70 67 at
2379 2804 278 96 foraarsa-

1010 2980 78 77 ge
1130 2957 158 95 ham
1346 2949 341 101 Fortræd,
1758 2940 494 102 Vidtløftighed
2300 2964 76 76 og
2416 2943 243 99 Bekost-

1007 3098 199 95 ning,
1261 3092 113 95 saa
1399 3105 72 65 at
1513 3092 108 79 der
1655 3085 39 99 h
1703 3092 150 71 ores
1903 3103 83 76 og
2021 3080 128 97 sees
2193 3079 210 86 Strid
2439 3105 77 76 og
2531 3082 130 99 For-

1006 3231 321 94 urettelser
1338 3230 23 80 i
1388 3246 237 76 mange
1650 3223 337 94 Maader,
2038 3218 141 93 som
2206 3221 261 97 Lkkepaa
2486 3228 201 78 anden

1009 3372 269 87 Maade
1315 3368 131 82 kan
1477 3366 257 94 tvinges
1779 3366 119 78 end
1947 3364 121 81 ved
2109 3357 361 102 Justitiens
2501 3360 185 103 Hielp

2608 3519 75 75 og
