2947 4515
1313 439 6 4 ■
1751 416 32 52 i
1789 416 53 72 f

318 596 32 58 r
364 600 62 60 2.
458 569 726 106 Stiftamtmændenes
1216 601 79 77 og

412 678 256 96 cisioner
720 681 18 76 i
800 677 396 99 Regnskabs
1262 678 290 99 Sager,
1636 677 134 91 som
1812 700 129 78 an-l

624 777 307 94 publiqve
946 776 257 82 Midler
1222 778 367 97 indstevnes
1600 777 21 78 i
1634 775 307 87 Danner

413 874 188 78 mark
645 873 70 80 til
759 873 296 99 Høyeste
1087 874 182 98 Ret,
1337 895 150 60 men
1521 875 18 78 i
1569 873 242 99 Norge
1869 876 76 82 til

405 968 194 86 Ober
625 969 414 101 Hofretten,
1070 994 79 74 og
1373 973 68 80 til
1463 971 294 100 Høyeste
1775 970 166 86 Rer.

315 1122 32 54 r
363 1130 60 72 z.
477 1105 473 99 Skiftebreve,
1055 1107 387 99 Indførsels
1471 1109 473 98 Forretninger

410 1226 82 76 øg
528 1208 226 95 Udlæg
784 1207 20 80 i
834 1210 264 77 arveløs
1136 1206 210 97 Boe,
1414 1209 390 94 indstævnes
1838 1206 104 96 for

416 1308 124 76 den
580 1302 334 95 Oberret,
966 1302 134 94 som
1132 1310 72 74 de
1220 1298 328 105 Personer
1568 1327 98 57 ere
1698 1310 238 92 under,

406 1398 136 94 som
600 1401 166 88 have
820 1403 168 96 giort
1038 1402 520 98 Forretningen,
1624 1424 80 72 og
1752 1406 180 92 siden

406 1499 399 95 Appelleres
834 1497 107 100 fra
966 1498 145 86 Net
1130 1500 71 82 til
1236 1494 165 89 Net.

313 1676 110 76 14.
479 1650 526 86 Sandemænds
1023 1648 150 96 Tog
1203 1650 20 78 i
1241 1645 270 88 Drabs
1527 1643 248 97 Sager
1795 1636 140 90 ind*

407 1754 254 94 stevnes
697 1751 68 78 til
795 1748 472 92 Landstinget:
1325 1763 150 58 men
1509 1743 164 90 have
1701 1748 76 74 de
1805 1744 124 88 joe*

403 1864 101 64 ret
533 1866 109 59 om
677 1841 307 102 Herreds
1019 1848 145 72 eller
1219 1839 417 94 Markeskiel,
1693 1842 89 78 da
1815 1856 115 62 om

402 1944 250 94 samme
712 1945 348 90 paatales,
1134 1941 342 77 udmeldes
1526 1929 406 89 Ridemænd

398 2038 80 96 af
508 2038 460 99 Landstinget,
1024 2034 136 94 som
1188 2042 246 85 derpaa
1462 2032 184 96 skulle
1686 2032 242 96 kiende,

400 2160 82 76 og
534 2133 370 96 omsamme
942 2138 186 80 deres
1142 2130 398 100 Forretning
1558 2130 372 96 paaankes/

396 2236 393 92 indstævnes
832 2239 121 76 den
1010 2230 103 94 for
1144 2220 297 106 Høyeste
1468 2225 163 84 Rer.
1706 2224 229 86 Dem

403 2352 66 62 er
503 2338 76 74 de
607 2327 300 100 Poster,
961 2326 138 94 som
1113 2326 100 96 jeg
1227 2324 444 94 fornemmelig
1697 2318 238 94 harer*

403 2444 180 80 agtet
607 2429 326 92 fornoden
975 2442 74 62 at
1099 2420 276 97 anføre,
1445 2417 102 96 for
1589 2425 226 76 derom
1859 2430 76 70 at

405 2528 146 96 give
581 2525 138 78 min
753 2516 455 100 Betænkning
1237 2523 336 78 underdel
1605 2517 327 99 Forflag,

402 2624 138 94 som
568 2622 100 95 jeg
698 2623 20 78 i
762 2619 172 100 følge
990 2626 122 78 den
1162 2624 176 76 2den
1373 2613 217 104 Post,
1626 2615 120 91 har
1762 2616 170 94 giorr

406 2742 114 60 om
542 2718 478 85 Oberetternes
1062 2712 404 102 Ophævelse.
1520 2707 180 84 Men
1726 2712 98 96 jeg
1842 2714 90 80 vil

406 2820 110 90 her
550 2823 208 76 under
794 2823 200 78 denne
1012 2814 216 98 Post,
1260 2817 218 77 endnu
1494 2807 230 96 anføre
1746 2812 186 92 nogle

402 2914 219 98 Ting,
676 2915 137 92 som
840 2923 123 75 ved
994 2914 323 82 Retterne
1344 2909 119 98 har
1504 2909 79 90 sit
1612 2904 171 100 Lob,
1826 2904 105 96 for

403 3020 228 78 derom
663 3015 290 96 ligeledes
981 3008 306 98 herefter,
1337 3025 72 62 at
1451 3005 140 100 give
1623 3006 138 78 min
1783 3004 148 84 Be»

409 3109 364 104 tænkning,
803 3111 250 96 saasom
1083 3105 624 103 Proclamacioner,
1725 3098 178 102 Ting-

407 3210 370 101 lysninger,
867 3207 496 99 Stævningers
1471 3201 296 97 Læsning
1849 3222 84 74 og

403 3293 275 112 deslige':
