2961 4536
1041 485 98 70 34

1039 655 440 84 nærværende
1519 643 784 106 medicinske-Forfatning
2341 645 204 88 kunde
2582 665 117 66 ven-

1042 774 60 60 te
1137 755 96 94 sig
1279 767 190 80 noget
1511 747 284 100 Vigtigt
1849 749 76 96 af
1975 749 326 94 saadanne
2337 749 381 97 Iagttagels-

1042 850 134 95 serz
1229 847 110 92 saa
1383 865 244 64 maatte
1669 871 160 56 man
1871 851 160 92 have
2071 855 102 74 der
2211 845 106 96 fra
2355 861 190 68 vores
2589 849 110 98 Fri-

1045 947 254 96 derichs
1343 947 352 100 Hospital,
1751 945 134 96 som
1927 953 74 74 de
2045 947 252 96 Syges
2337 971 78 74 og
2479 947 224 86 Elendi-

1051 1059 116 88 ges
1211 1051 398 92 almindelige
1651 1045 496 98 Uflugtsstæd.
2250 1046 335 99 Hvorfor-:
2623 1049 82 80 bli-

1047 1169 114 58 ver
1223 1153 102 74 det
1379 1153 86 74 da
1521 1147 120 82 ikke
1701 1143 280 100 offentlig
2027 1145 486 100 bekiendrgiort,
2561 1147 170 96 hvad

1047 1249 236 92 vigtigt
1343 1249 252 96 herinde
1653 1247 126 78 kan
1833 1245 436 96 forekomme?
2341 1247 156 86 Der
2549 1269 60 58 er
2671 1249 60 92 jo

1051 1367 76 58 en
1171 1325 278 118 offentlig
1491 1343 306 96 Stiftelse
1823 1349 70 76 til
1919 1349 364 94 almindelig
2311 1345 258 98 Nytte?
2605 1387 126 18 -—

1047 1445 210 86 Vore
1301 1445 304 94 Naboer,
1651 1445 406 94 Svenskene,
2097 1467 96 58 ere
2233 1449 186 96 tillige
2459 1453 138 76 med
2623 1469 80 58 an-

1045 1547 114 78 dre
1203 1547 18 78 i
1267 1551 198 74 denne
1505 1543 178 96 Sag
1729 1545 288 94 flittigere
2061 1549 120 76 end
2223 1547 82 78 vi.

1271 1643 218 86 Dette
1529 1645 260 94 anforre
1833 1643 190 96 angik
2047 1639 100 98 for
2173 1649 120 78 den
2319 1647 210 96 største
2555 1643 184 88 Deel

1041 1743 496 100 Hovedstaden.
1659 1743 132 84 Ere
1835 1743 108 94 her
1985 1761 158 76 ægte
2181 1765 82 74 og
2307 1749 160 90 store
2509 1743 228 98 Læger,

1041 1865 86 74 og
1173 1849 126 88 dog
1345 1843 124 80 ikke
1511 1843 124 78 kan
1677 1843 252 80 tiendes
1969 1839 84 92 af
2085 1847 74 76 de
2201 1847 356 92 allerfleste:
2611 1841 130 88 Ere

1043 1941 150 96 disse
1237 1941 206 96 Læger
1483 1945 18 78 i
1549 1941 370 96 Nærheden
1959 1921 80 112 af
2073 1945 74 74 de
2189 1939 254 98 Syge,
2487 1963 82 74 og
2609 1949 130 90 dog

1043 2041 124 78 ikke
1211 2035 218 102 søges:
1485 2041 378 98 Hvorledes
1905 2041 88 78 vil
2035 2059 162 60 man
2237 2045 88 76 da
2369 2057 228 80 vente,
2639 2049 104 74 det

1045 2143 208 90 ffulde
1309 2161 162 76 gaae
1527 2141 68 80 til
1633 2159 132 76 paa
1805 2139 286 82 Lander?
2143 2183 130 12 —
2323 2135 150 102 Her
2515 2161 62 58 er
2617 2139 92 84 Al-

1047 2249 240 68 muens
1351 2237 470 88 Tænkemaade
1865 2255 106 62 om
2013 2235 288 96 Lægerne
2339 2237 226 96 ligesaa
2605 2261 102 58 een-

1041 2337 256 96 foldig,
1337 2337 132 94 som
1527 2339 22 78 i
1587 2337 318 94 Staden,
1967 2337 72 90 ja
2079 2335 184 92 snart
2305 2333 436 100 eenfoldigere,

1047 2445 92 72 da
1179 2441 76 78 de
1295 2437 290 98 virkelige
1635 2437 208 92 Læger
1887 2433 110 94 her
2039 2453 96 62 ere
2173 2455 254 78 rarere,
2487 2457 82 76 og
2607 2443 106 74 der-

1047 2535 140 96 fore
1245 2541 168 92 desto
1471 2557 196 60 meere
1727 2535 302 80 ukiendte.
2133 2533 184 84 Man
2375 2537 120 98 har
2547 2551 58 66 et
2659 2555 82 78 og

1045 2643 108 72 det
1193 2635 238 92 samme
1473 2633 274 100 Begreb
1793 2653 108 60 om
1949 2633 214 98 Lægen
2189 2657 80 74 og
2295 2633 448 98 Vundlægen:

1045 2735 134 90 De
1221 2757 98 60 ere
1361 2735 350 100 Personer,
1753 2733 132 94 som
1927 2733 216 96 besøge
2189 2733 248 98 Syge;
2495 2741 148 74 veed
2673 2751 72 66 at

1045 2837 146 92 give
1257 2835 484 98 Sygdommen
1795 2831 218 84 Navn
2071 2855 80 74 og
2201 2855 72 58 en
2319 2833 246 92 Recept
2607 2835 108 92 her-

1047 2933 124 96 for.
1225 2977 130 18 —
1411 2933 448 98 Videnskaber
1905 2931 124 80 kan
2073 2933 120 78 ikke
2233 2943 174 68 troes
2457 2949 70 62 at
2585 2933 156 94 høre

1047 3041 74 76 ril
1161 3035 464 98 Lægekunsten,
1665 3039 136 76 eller
1847 3051 166 60 være
2051 3033 394 94 nødvendige
2481 3029 102 96 for
2611 3031 94 82 Læ-

1043 3157 142 74 gen.
1291 3135 330 100 Præster,
1687 3133 250 94 Degne
1995 3151 80 76 og
2115 3129 476 100 Skoleholdere
2645 3149 98 62 ere

1043 3241 200 74 allene
1291 3243 78 76 de
1407 3243 184 74 lærde
1635 3233 184 100 Folk.
1867 3269 128 18 —
2033 3229 146 102 Fra
2219 3229 518 90 Tænkemaaden

1043 3333 126 78 kan
1211 3355 160 60 man
1413 3339 188 88 simre
1641 3337 92 92 sig
1775 3337 70 76 til
1885 3331 258 100 Folkets
2185 3329 294 102 Forhold
2517 3331 22 82 i
2578 3349 155 90 paak-

1043 3431 372 88 kommende
1459 3433 456 102 Sygdomme.
1955 3471 128 20 —
