2990 4581
1673 418 82 66 55

147 608 212 63 meren
379 588 252 96 hemme
643 588 142 96 fligt
821 583 76 96 af
923 587 90 94 sig
1029 583 166 96 selv,
1251 602 152 60 men
1423 580 164 98 Hvor
1603 586 110 80 der
1731 586 94 91 sin-

149 695 116 74 des
303 708 80 58 en
427 684 431 97 Dommere,
925 677 136 100 som
1107 701 62 60 er
1199 681 210 95 bange
1451 686 144 76 eller
1639 680 214 96 holder

148 784 288 99 Partie,
492 786 132 94 han
658 784 140 94 giør
832 789 104 76 der
972 783 198 96 inter,
1228 781 318 93 hvorover
1574 784 120 76 den
1723 776 135 93 som

150 887 318 91 begegnes
542 888 144 74 med
756 877 496 98 Spilfægterier
1308 896 80 76 og
1452 874 410 99 usømmelige

146 979 226 97 Dng,
426 999 160 71 maa
626 980 118 82 lide
792 983 336 76 derunder.

904 1075 60 100 §.
1022 1097 110 72 32.

354 1174 68 98 I
452 1174 112 94 sær
594 1194 160 60 maa
784 1179 120 74 alle
930 1173 132 92 som
1088 1190 196 77 gaaer
1314 1172 20 78 i
1360 1168 236 102 Rette,
1628 1174 240 95 beflitte

154 1275 97 95 sig
275 1294 170 78 paa,
479 1292 72 62 ar
580 1274 179 94 holde
776 1273 89 92 sig
883 1269 144 96 visse
1054 1268 461 98 Anordninger
1533 1276 308 90 efterrette-

161 1373 120 93 lig,
337 1370 282 92 saasom:
647 1368 496 98 Forordningen
1177 1363 80 97 af
1285 1390 82 70 13
1415 1366 190 96 April
1639 1377 226 88 1686,

161 1491 82 73 og
271 1466 416 98 27Januar.
717 1473 222 90 1736,
987 1463 148 84 Art.
1169 1491 78 69 2,
1281 1460 312 100 hvorefter
1629 1474 76 78 de
1737 1467 132 80 ikke

161 1586 194 59 maae
367 1578 238 80 antage
637 1561 336 98 Tyvsager
1015 1567 118 74 ved
1159 1561 460 98 Jnqvisiti'ons
1663 1564 176 84 Com-

167 1664 356 96 missionen
539 1664 20 74 i
595 1660 260 97 Norge,
909 1661 498 96 Forordningen
1445 1658 76 94 af
1535 1684 50 68 4
1621 1660 250 82 Martii

173 1767 229 89 1690,
459 1760 287 94 hvorved
767 1765 147 74 dem
929 1777 65 58 er
1019 1753 319 94 forbuden
1365 1770 75 64 at
1459 1756 409 98 tilforhandle

164 1861 92 94 sig
288 1856 286 96 Sager,
616 1854 250 84 Lovens
898 1879 30 46 i
950 1851 106 84 B.
1074 1877 48 64 9
1152 1851 284 93 Cap.io
1456 1852 188 98 Arr.,
1676 1854 166 96 hvor-

166 1955 154 91 efter
344 1960 72 72 de
444 1972 156 60 maa
654 1952 176 92 giøre
866 1947 142 84 Eed
1042 1969 172 76 paa,
1258 1964 74 62 at
1368 1958 74 76 de
1476 1952 364 94 iingenden-

166 2072 148 61 nem
332 2048 270 96 bevidste
634 2066 246 75 vrange
904 2069 78 74 og
1002 2043 400 99 uretfærdige
1420 2048 246 98 Sager
1706 2051 168 82 vilde

170 2154 140 76 lade
338 2150 90 90 sig
460 2146 242 96 bruge,
756 2145 190 94 ingen
962 2144 408 92 Uretviished
1392 2148 18 74 i
1426 2144 444 99 Rettergang,

170 2245 317 83 Vidners
502 2242 253 98 Foring
770 2247 141 74 eller
940 2245 375 76 anderledes
1340 2244 311 80 videndes
1670 2245 201 96 drive,

171 2342 132 83 ikke
325 2346 146 76 med
491 2338 378 96 Kroglvve,
901 2335 464 99 Udeblivelser,
1421 2338 452 99 Forhalinger,

175 2438 282 96 unødige
487 2458 80 72 og
595 2434 170 96 søgte
809 2435 452 80 Skudsmaal
1285 2442 168 74 uden
1483 2436 202 96 billige
1703 2436 192 81 Aar-'

177 2539 218 93 sager,
463 2532 260 96 Sagen
773 2531 310 96 opholde,
1147 2533 190 93 ingen
1389 2530 340 100 vidtløftig
1745 2538 106 77 ind-

177 2634 236 81 viklede
441 2630 448 95 Stævninger
917 2635 140 74 eller
1085 2625 306 96 forsætter
1413 2630 190 96 skrive
1637 2652 78 74 og
1747 2638 108 75 der-

183 2736 145 76 med
341 2726 257 98 Aarsag
609 2730 177 93 give,
817 2745 71 58 ar
901 2723 397 88 Dommene
1321 2724 421 98 vidtløftigere
1761 2735 121 76 end

196 2826 310 94 tilbørligt
538 2844 108 76 er,
702 2824 182 95 stulle
912 2819 344 99 forfartes,
1334 2824 128 78 ikke
1498 2826 162 80 vilde
1724 2827 158 94 hidse

182 2924 464 98 Folksammen
674 2928 140 74 eller
834 2921 218 92 hindre
1072 2921 222 93 lovlige
1314 2920 570 101 Forligelsemaale,

184 3022 124 81 ikke
332 3022 142 80 ville
496 3026 76 76 de
602 3019 264 99 Fattige
902 3025 140 72 eller
1078 3023 204 76 andre
1322 3026 144 74 med
1496 3022 220 94 ubillig
1750 3023 136 82 Lon

188 3118 236 100 udsue,
480 3138 80 76 og
580 3119 278 94 endelig,
916 3131 70 66 at
1010 3121 76 76 de
1106 3123 184 74 deres
1314 3114 418 100 Principaler
1744 3125 146 78 med

192 3217 191 99 Flid,
434 3214 318 98 Troestab
776 3237 79 74 og
874 3217 108 78 ald
1010 3213 440 99 Oprigtighed
1472 3218 164 82 vilde
1690 3218 203 93 tiene,

195 3334 110 60 om
323 3314 194 94 hvilke
533 3314 304 96 Stykker
855 3333 78 74 og
957 3333 108 60 om
1081 3315 184 80 deres
1283 3302 140 94 Eed
1451 3318 72 78 de
1538 3309 76 99 af

323 3412 20 80 i
361 3410 150 94 hver
535 3412 176 96 Sag
727 3410 132 95 som
875 3411 348 98 tvilraadig
1243 3432 104 76 er,
1383 3410 184 98 flulle
1581 3414 312 95 erindres,

1711 3533 84 72 os
