2747 4414
815 375 42 50 2
869 355 48 68 6

811 587 170 64 være
1025 562 278 82 redebon
1357 563 72 78 til
1483 579 72 60 at
1593 579 164 62 vove
1797 564 152 76 det?
2003 558 156 88 Det
2201 557 124 80 kan
2367 557 170 96 hæm

808 709 122 74 des
984 714 70 62 at
1110 694 134 96 han
1300 692 296 93 beholder
1650 689 212 95 Livet,
1948 714 80 70 og
2084 693 212 88 mister
2352 699 188 86 nogle

806 829 86 96 af
936 831 128 92 sine
1098 824 324 83 Lemmer;
1484 825 102 70 det
1630 817 124 84 kan
1810 824 298 92 hændes,
2166 841 72 60 at
2274 823 132 88 han
2442 825 70 76 be-

806 961 224 98 holder
1084 958 126 92 sine
1262 948 292 82 Lemmer
1608 967 80 78 og
1744 958 212 90 mister
2014 958 90 92 sin
2152 953 387 98 Eqvipage;

805 1097 108 74 Det
963 1089 128 77 kan
1149 1084 264 94 hændes
1479 1091 74 64 at
1605 1077 132 96 han
1803 1082 216 90 mister
2075 1084 188 89 ingen
2319 1083 222 99 Ting;

803 1231 108 70 det
963 1219 126 79 kan
1157 1236 80 72 og
1303 1210 300 96 hændes,
1677 1225 70 68 at
1823 1212 132 92 han
2025 1214 216 95 mister
2305 1219 236 98 alting.

805 1353 166 86 Der
1025 1366 106 62 ene
1181 1346 132 86 som
1369 1358 102 67 det
1527 1353 196 72 andet
1777 1362 66 58 er
1889 1344 186 94 uvist.

1010 1482 176 82 Men
1252 1476 126 95 just
1440 1475 170 92 fordi
1676 1483 108 72 det
1856 1494 68 58 er
1990 1476 212 91 uvist,
2284 1473 262 98 derfore

804 1635 72 62 er
918 1621 106 76 det
1090 1632 82 72 og
1228 1608 182 96 stedse
1466 1609 310 94 mueligt,
1852 1626 82 74 og
1992 1612 200 73 denne
2246 1607 298 94 Uvished

802 1769 89 74 og
962 1742 390 94 Muelighed
1428 1745 241 84 allene,
1766 1738 150 96 giør
1988 1738 174 96 hans
2232 1735 313 98 Filstand

803 1881 260 78 mindre
1119 1874 300 96 lykkelig;
1477 1873 94 94 thi
1637 1875 100 94 jeg
1793 1872 202 90 sætter
2047 1890 70 58 at
2167 1867 378 96 Officieren

805 2031 68 60 er
927 2031 76 56 en
1059 2006 250 94 saadan
1351 2006 204 95 Helt,
1613 2019 72 64 at
1737 2005 190 93 ingen
1983 2000 214 92 Farer
2253 2001 292 94 strækker

803 2141 203 94 ham,
1065 2144 109 72 lad
1207 2136 159 94 ham
1399 2133 255 94 foragte
1691 2141 95 72 alt
1835 2134 177 92 hvad
2045 2130 247 95 Resten
2345 2131 83 92 af
2467 2141 81 70 de

806 2270 348 92 Dødelige
1188 2290 194 74 gruer
1424 2265 138 96 for,
1616 2271 110 76 lad
1774 2262 158 98 ham
1984 2274 140 68 med
2176 2261 126 80 kolt
2346 2261 202 82 Blod

812 2405 290 78 bivaane
1176 2406 102 74 det
1342 2400 242 93 Slag,
1664 2397 154 94 hvis
1884 2398 198 76 blotte
2136 2396 410 98 Fortælning

804 2535 295 80 kommer
1154 2530 179 100 hans
1384 2531 451 92 Medborgere
1898 2528 73 76 til
2028 2544 71 58 at
2162 2527 185 98 gyse;
2436 2533 113 88 jaa

791 2665 276 94 Liender
1107 2662 134 94 han
1293 2668 128 89 dog
1463 2659 156 82 Livs
1667 2679 80 74 og
1783 2656 334 80 Lemmers
2143 2658 276 97 Værd,
2469 2685 82 75 og

813 2817 112 58 om
983 2795 134 89 han
1171 2800 120 72 end
1345 2794 204 91 ffulde
1615 2794 242 77 aldeles
1913 2788 176 94 ringe
2147 2807 148 76 agte
2345 2791 204 99 Livet,

807 2949 87 74 og
947 2922 177 96 ansee
1175 2922 267 86 Doven
1491 2921 135 92 som
1689 2937 61 64 et
1814 2917 334 103 Budskab
2223 2921 327 85 Naturen

810 3065 292 72 desuden
1172 3054 212 94 sender
1464 3057 156 94 ham
1706 3075 76 58 en
1852 3052 256 96 Gang,
2194 3059 144 94 tilig
2400 3065 150 74 eller

812 3191 232 96 sildig,
1104 3186 110 92 saa
1264 3188 200 80 bliver
1520 3197 126 86 dog
1700 3185 408 86 Lemmernes
2162 3185 258 98 Forstis
2476 3187 82 99 af

814 3343 83 60 en
950 3319 255 98 saadan
1256 3319 423 102 Vigtighed,
1766 3334 73 68 at
1892 3322 155 82 intet
2098 3327 171 76 uden
2322 3325 227 78 allene-

2463 3459 84 94 ste
