2974 4556
1696 395 83 62 31

175 560 356 97 tænkning;
595 585 58 57 1.
683 558 94 86 At
809 566 122 76 alle
949 581 78 74 og
1057 557 232 98 enhver
1313 552 246 102 frygter
1591 571 164 66 mere
1769 552 104 92 for

173 659 299 99 Høyeste
497 661 179 95 Ret,
709 664 121 76 end
865 656 103 94 for
1019 655 471 84 Oberretterne
1559 677 79 74 og
1683 655 193 82 Ober

174 754 408 100 Hofretten,
644 772 70 64 at
746 775 234 74 mange
1018 761 266 74 derover
1334 752 124 80 kan
1490 751 124 80 ikke
1650 750 232 96 undser

176 858 94 96 sig
300 836 102 114 for
436 875 72 60 ar
540 857 342 93 indstævne
926 873 178 58 rerne
1140 851 244 97 Sager
1444 852 68 78 til
1560 849 318 84 Oberret«

180 970 145 80 ten,
378 951 133 94 som
540 959 75 74 de
640 950 129 80 ikke
804 957 191 74 turde
1030 947 255 85 komme
1322 950 69 78 til
1424 948 289 97 Høyeste
1740 949 145 81 Ret

183 1058 148 76 med
369 1071 80 72 og
479 1067 74 64 at
587 1046 296 94 dubieuse
909 1046 282 97 Sager,
1245 1046 136 90 som
1411 1049 382 92 indstævnes
1813 1048 70 78 til

183 1146 470 98 Landstinget,
723 1166 214 76 ganer
987 1144 368 94 almindelig
1417 1144 206 94 gierne
1686 1141 195 101 ogsaa

181 1242 217 83 baade
417 1245 67 80 til
511 1243 193 84 Ober
725 1244 79 96 H
815 1244 239 92 öfteren
1073 1263 79 72 og
1171 1241 289 97 Høyeste
1489 1241 191 96 Ret,
1713 1254 171 68 naar

184 1342 342 96 Parterne
558 1341 118 92 har
718 1342 212 80 Raad
964 1339 198 82 dertil.
1266 1364 64 52 2.
1360 1336 96 84 Ar
1492 1337 220 92 desom
1744 1335 140 95 fare

182 1448 152 74 med
386 1435 486 99 Spilfægterier
936 1451 80 80 og
1080 1434 606 101 Urimmeligheder,
1758 1437 128 79 kan

180 1538 187 80 drive
400 1537 123 92 hen
552 1540 259 77 dermed
846 1556 81 75 og
968 1533 267 96 opholde
1268 1530 243 94 samme
1524 1539 121 74 ved
1666 1531 191 84 Ober-

183 1652 208 62 rerren
421 1635 20 76 i
469 1641 154 88 lang
653 1632 176 98 Tid,
863 1654 78 73 og
973 1637 260 75 dermed
1263 1630 18 78 i
1315 1636 216 74 allede
1563 1627 322 99 Tilfælde,

87 1806 12 24 .
181 1730 140 92 som
363 1731 98 96 jeg
493 1727 226 101 forhen
761 1730 38 96 §
833 1756 106 51 12,
975 1727 124 90 har
1145 1726 268 94 anført,
1471 1731 294 74 udmatte
1803 1746 84 74 og

187 1826 315 96 forurette
517 1835 183 74 deres
719 1826 263 80 Contra
1001 1821 295 100 Parter,
1341 1822 69 90 ja
1443 1823 213 94 tvinge
1699 1829 185 89 dem,

182 1948 86 72 og
298 1919 480 96 desformedelst
808 1918 190 85 vinde
1030 1919 212 82 Seier
1286 1924 144 76 med
1472 1940 76 57 en
1598 1917 260 93 uretfær-

184 2026 106 92 dig
320 2022 224 95 Sag,
604 2014 242 98 hvoraf
870 2026 104 72 det
1010 2015 156 94 efter
1214 2010 246 96 saadan
1499 2014 355 99 Beskaffen-

184 2120 139 93 hed:
342 2120 127 79 kan
496 2117 229 95 synes,
782 2132 71 64 at
876 2120 77 76 de
990 2109 425 94 fornærmede
1436 2136 81 71 og
1548 2111 309 92 forurette-

185 2222 78 82 de
291 2214 256 97 Parrer
599 2215 218 94 hellere
863 2214 144 77 ville
1035 2211 178 94 onfke
1239 2230 72 60 at
1355 2216 72 74 de
1457 2225 250 64 maatte
1727 2232 166 75 gaae

185 2316 116 96 lige
343 2310 104 95 fra
493 2313 498 82 Underretterne
1027 2309 68 78 til
1141 2309 290 95 Høyeste
1475 2306 186 97 Rer,
1729 2301 164 100 hvor

185 2410 191 96 ingen
407 2409 111 90 saa
561 2415 53 72 le
652 2408 146 94 relig
839 2406 217 93 drister
1095 2407 89 94 sig
1214 2404 68 78 til
1324 2420 70 62 at
1449 2402 253 79 komme
1746 2410 148 76 med

188 2503 400 98 urimmelige
618 2503 228 95 Ting,
914 2518 82 79 og
1018 2511 108 70 om
1158 2506 120 74 end
1296 2506 182 90 nogle
1502 2501 216 94 giorde
1744 2509 146 89 der,

188 2604 116 92 saa
326 2603 164 80 vilde
514 2609 102 76 det
636 2607 128 87 dog
780 2598 126 80 ikke
924 2599 164 78 blive
1108 2597 110 94 saa
1236 2618 272 74 mange,
1549 2596 134 92 som

349 2701 166 84 vilde
544 2697 423 94 fremkomme
985 2701 120 74 ved
1136 2693 435 94 Oberretten;
1598 2693 111 92 saa
1727 2711 174 65 troe«

191 2800 102 96 jeg
339 2804 104 77 det
461 2797 210 80 kunde
699 2812 168 62 være
903 2795 210 92 nyttig
1131 2775 104 110 for
1261 2812 240 76 mange
1525 2811 106 60 om
1645 2791 224 85 Lands-

195 2914 83 78 og
305 2895 388 94 Lavtingene
730 2890 237 97 ganske
1015 2887 174 84 bleve
1225 2890 383 96 ophævede,
1683 2907 218 78 ogom

196 2994 194 82 Ober
420 2987 356 102 Hofretten
808 2990 140 78 blev
985 2985 135 96 som
1172 2984 216 92 tilforn
1430 2987 292 96 Høyeste
1752 2987 146 85 Ret

196 3088 104 96 for
354 3088 278 97 Norge,
688 3092 144 74 eller
874 3088 20 76 i
934 3091 122 76 den
1088 3081 414 103 Sted-sifte
1344 3082 160 100 stifte
1552 3103 76 60 en
1666 3085 204 96 Høye-

200 3192 86 92 ste
322 3188 142 81 Rer
498 3187 22 78 i
552 3184 493 95 Kiobenhavn,
1102 3183 164 94 hvor
1294 3190 122 72 alle
1452 3180 248 97 Norffe
1744 3181 134 85 Sa-

205 3304 112 78 ger
345 3286 206 79 kunde
593 3282 434 97 paakiendes,
1093 3279 20 80 i
1159 3277 132 96 fald
1343 3286 106 74 det
1492 3278 184 95 skulle
1719 3281 160 93 behø-

205 3392 166 85 ves;
423 3379 318 98 mensom
803 3398 242 79 mange
1115 3379 366 90 Underrets
1545 3373 362 107 Domme,
