2857 4515
1168 641 192 86 Man
1394 641 120 78 bør
1548 639 124 78 ikke
1704 637 304 94 fortænke
2038 640 168 98 Folk
2242 642 58 92 i,
2364 656 70 66 at
2464 644 74 77 de
2566 637 98 100 sør-

968 798 112 80 ger
1114 773 100 94 for
1256 781 186 72 deres
1474 771 214 82 Børn
1732 779 102 70 det
1874 774 216 92 meeste
2144 782 74 70 de
2264 772 166 100 kan,
2484 795 84 74 og
2622 793 68 64 at

968 920 80 70 de
1100 907 176 92 søger
1324 921 70 62 at
1450 903 222 94 bringe
1730 909 148 71 dem
1942 902 106 96 fra
2104 928 74 56 en
2226 906 110 92 saa
2374 907 314 96 uanseelig

968 1042 294 89 Stand,
1334 1033 132 94 som
1510 1043 74 70 de
1624 1033 318 79 indbilder
1994 1038 92 92 sig
2140 1036 548 98 Borgerstanden

971 1191 306 72 atvære,
1332 1169 75 78 til
1456 1185 77 60 en
1578 1161 413 99 anseeligere;
2042 1186 147 60 men
2238 1170 193 94 deraf
2460 1174 229 93 flyder,

967 1324 76 62 at
1055 1301 550 96 Borgerstanden
1637 1299 218 92 mister
1875 1298 134 92 sine
2037 1300 394 94 velhavenste
2459 1324 78 73 og
2569 1301 96 96 for-

969 1437 238 94 nemste
1255 1431 206 98 Folk,
1543 1445 72 62 at
1663 1429 296 82 Antallet
2027 1428 78 96 af
2137 1438 144 74 dem
2333 1432 130 94 som
2517 1433 170 100 søger

971 1568 366 91 Embeder,
1391 1571 190 86 langt
1631 1564 344 94 overstiger
2021 1560 448 86 Embedernes
2521 1565 164 96 Tal,

973 1724 84 72 og
1101 1715 70 60 at
1211 1707 104 68 det
1361 1701 96 74 alt
1499 1693 102 96 for
1649 1695 166 94 store
1859 1692 374 100 Overffud,
2293 1694 102 98 for
2445 1720 74 57 en
2557 1701 124 92 stor

967 1832 189 88 Deel
1185 1833 201 76 bliver
1427 1831 73 76 til
1529 1831 295 93 unyttige
1867 1828 317 98 Lemmer,
2235 1850 81 74 og
2363 1826 315 100 forfalder

972 1968 212 78 baade
1252 1963 76 78 til
1392 1975 60 66 et
1522 1981 84 76 og
1678 1971 192 69 andet
1926 1958 200 96 Orm-l
2212 1982 80 74 og
2362 1978 168 66 naar
2602 1971 78 70 de

968 2100 128 96 har
1162 2093 222 94 forodt
1436 2101 188 72 deres
1692 2093 294 91 Midler,
2058 2112 104 58 om
2212 2100 72 70 de
2340 2094 122 92 har
2518 2093 152 92 havt

966 2251 238 74 nogen,
1262 2235 164 72 lever
1456 2227 172 96 siden
1654 2243 184 64 enten
1870 2224 74 96 af
1968 2220 198 100 Spil,
2206 2230 140 74 eller
2378 2220 78 98 af
2478 2237 68 64 at
2574 2243 76 74 op-

968 2361 222 83 trække
1224 2361 406 82 Kiobmænd
1662 2379 80 76 og
1780 2352 568 102 Handverksfolk,
2396 2356 184 79 indtil
2604 2361 70 72 de

966 2498 26 78 i
1044 2502 186 73 deres
1288 2493 156 98 beste
1512 2491 202 82 Alder
1770 2499 156 73 doer
1982 2490 184 92 bort,
2246 2496 168 72 uden
2476 2503 70 62 at
2596 2477 64 104 ef-

965 2636 244 74 terlade
1255 2631 90 92 sig
1379 2633 200 76 andet
1641 2633 122 72 end
1831 2640 58 62 et
1943 2622 308 98 stinkende
2293 2618 380 98 Eftermæle.

955 2760 138 95 Og
1121 2759 246 92 dersom
1405 2767 120 72 den
1571 2758 358 94 besværlige
1959 2756 174 94 Tid,
2191 2754 132 92 som
2369 2770 56 62 et
2487 2754 18 73 i
2563 2757 116 72 den

965 2890 180 100 Fald
1211 2891 256 96 lykkelig
1535 2889 244 94 Onde,
1863 2886 126 78 ikke
2055 2888 296 94 hindrede
2419 2879 234 98 Gifter-

965 3029 218 77 maale
1257 3047 82 72 og
1421 3021 358 100 Familiers
1849 3016 332 98 Tilvæxt,
2257 3018 202 94 ffulde
2519 3033 156 62 man

971 3168 216 74 endnu
1243 3157 86 96 see
1375 3159 144 96 flere
1557 3157 164 96 flette
1773 3149 242 99 Folger
2063 3148 206 94 deraf.

1165 3313 375 96 Derimod,
1567 3309 155 98 hvis
1755 3313 121 73 den
1905 3316 153 68 rette
2091 3298 365 100 patriotiffe
2493 3298 183 97 Dyd

964 3472 142 81 var.
1138 3449 24 82 i
1193 3447 375 103 vedn
1602 3436 318 103 Anseelse,
1988 3434 204 98 ffulde
2234 3454 236 80 mange
2536 3433 140 96 flere

2532 3559 142 104 faae
