2821 4515
915 419 97 74 16

909 657 106 62 rer
1079 639 188 76 deres
1329 629 332 96 trykkende
1731 627 618 102 Omstændigheder
2419 637 218 82 endda

909 773 384 94 nogenledes
1325 767 118 76 vel.

1109 963 154 84 Om
1311 961 520 82 Lieutenamerne
1881 971 122 70 ved
2051 961 342 84 National
2423 963 214 100 Regi#

909 1119 362 72 memerne,
1327 1095 116 92 har
1473 1093 98 96 jeg
1617 1097 78 76 rit
1737 1097 150 90 hørt
1931 1107 104 68 det
2079 1097 432 98 Mundheld,
2565 1111 78 66 at

909 1245 76 70 de
1027 1233 124 78 kan
1187 1229 120 78 nok
1341 1235 168 86 leve,
1567 1247 172 60 naar
1783 1237 76 70 de
1899 1229 188 80 ikkun
2128 1232 212 93 saaer
2381 1233 92 94 sig
2527 1245 118 82 got

911 1375 144 72 med
1119 1361 616 100 Proprietairerne,
1791 1383 82 74 og
1931 1383 108 56 om
2101 1359 542 100 EnrouöeringS#

907 1497 522 84 Lieutenamerne
1489 1493 166 96 siges
1705 1501 104 70 det
1859 1491 282 96 samme,
2195 1497 22 76 i
2271 1495 374 98 Henseende

907 1633 78 78 til
1037 1625 508 94 Borgerssabet.
1661 1623 142 98 Jeg
1857 1625 92 78 vil
2003 1623 126 82 ikke
2191 1623 144 98 søge
2395 1643 74 64 at
2521 1641 120 66 uv»

909 1761 158 80 vikle
1113 1765 96 72 alt
1261 1759 172 90 hvad
1481 1755 146 98 disse
1681 1755 384 98 Mundheld
2115 1757 190 96 synes
2359 1775 72 64 at
2481 1759 130 80 kun-

907 1903 80 72 de
1043 1889 372 96 indeholde;
1471 1909 146 56 men
1671 1897 102 70 det
1827 1907 64 60 er
1947 1889 160 94 nok,
2161 1897 76 72 de
2293 1893 180 94 giver
2535 1897 106 76 til#

909 2029 254 92 kiende,
1225 2037 70 62 ar
1349 2017 496 102 Lieutenanten,
1899 2029 174 74 uden
2127 2029 246 76 andres
2403 2022 238 100 Hjelp-,

911 2137 166 106 man
1131 2163 132 76 leve
1313 2155 128 98 sier.

1115 2367 226 100 Nogle
1393 2367 92 84 vil
1533 2365 324 100 maaffee,
1925 2363 174 100 fordi
2151 2369 308 98 Præsten
2515 2367 104 94 sæt-

915 2515 104 72 tes
1055 2511 120 72 ved
1209 2497 238 88 Siden
1493 2499 80 96 af
1615 2501 446 94 Capitainen,
2117 2503 168 92 have
2327 2501 290 82 Studen-

913 2655 110 66 ten
1057 2635 94 94 sat
1179 2637 20 76 i
1227 2629 220 100 Rang
1483 2643 146 68 med
1673 2633 496 90 Lieutenanten,
2227 2653 80 74 og
2359 2635 160 96 sige,
2575 2649 68 66 at

913 2777 202 74 denne
1169 2767 192 94 første
1407 2785 160 60 maa
1619 2763 196 96 ogsaa
1867 2785 168 76 gaae
2081 2775 238 86 længe,
2375 2789 80 72 og
2521 2761 128 100 ofte

915 2903 172 80 blive
1127 2901 328 94 gammel,
1523 2891 234 100 førend
1801 2897 130 94 han
1977 2897 284 78 kommer
2307 2897 70 78 til
2427 2895 222 84 Kald.

915 3027 150 104 Jeg
1091 3051 154 62 ærer
1275 3053 74 56 en
1381 3031 168 78 brav
1567 3023 318 88 Student
1971 3049 146 58 men
2147 3029 20 78 i
2201 3027 270 96 Ligning
2499 3037 150 72 med

919 3159 450 90 Lieutenanten
1411 3161 124 78 kan
1559 3163 132 96 han
1739 3187 52 54 et
1843 3163 228 90 sættes.
2177 3161 110 84 En
2323 3161 324 84 Student

921 3317 66 64 er
1025 3299 124 78 ikke
1181 3295 22 80 i
1231 3293 314 86 Statens
1587 3289 322 100 Tieneste,
1957 3309 144 64 men
2149 3299 102 72 det
2293 3313 66 60 er
2403 3293 212 82 Lieute-

919 3445 262 68 nanten.
1239 3425 112 88 En
1373 3423 320 88 Student
1719 3427 122 84 kan
1873 3427 138 98 søge
2033 3443 234 80 mange
2287 3421 362 100 Nærings-

2439 3543 212 102 Weie,
