2876 4407
1760 424 103 77 35

404 585 132 89 De
588 591 162 98 fleste
808 591 81 98 af
922 601 74 75 de
1040 590 178 99 fmaa
1260 595 408 91 Kiøbstæder
1710 602 162 92 have

185 692 102 74 vel
339 689 22 78 i
419 695 102 73 det
583 693 260 95 ringeste
899 715 74 57 en
1029 694 108 94 fan
1197 696 204 83 kaldet
1445 698 430 103 Vundlæge;

183 807 145 59 men
391 793 99 75 der
553 809 61 60 er
669 808 69 62 at
797 791 289 100 beklage,
1146 814 70 62 at
1259 797 183 96 disses
1479 800 283 96 Indsigt
1802 821 70 62 er

180 885 113 93 saa
336 902 199 80 meget
576 889 181 97 ringe
792 892 21 77 i
858 889 545 103 Almindelighed,
1452 900 413 84 hvorudover

181 1005 235 76 mange
547 986 423 102 Mennefler,
1089 991 135 90 som
1315 995 253 100 virkelig
1665 999 209 84 kunde

180 1092 280 86 reddes,
556 1106 188 60 maae
842 1087 82 94 af
1008 1090 282 98 Mangel
1370 1115 132 70 paa
1586 1119 74 58 en
1740 1105 128 87 god

180 1180 621 104 Hacindforretning
843 1192 430 98 (Opersrion)
1313 1196 88 79 da
1427 1199 74 75 de
1539 1197 122 78 ikke
1709 1198 162 86 have

179 1281 403 94 Reedflaber
639 1287 217 94 Hertil,
913 1285 161 95 sætte
1133 1289 171 83 Livet
1343 1295 87 76 til.
1535 1293 335 97 Aarsagen

176 1403 107 59 er:
338 1379 129 87 De
528 1380 155 99 beste
738 1382 425 101 Vundlæger
1222 1390 159 83 blive
1438 1393 21 79 i
1500 1392 343 101 Hovedsta-

177 1485 161 90 den,
381 1503 81 73 og
503 1480 286 82 Landene
829 1505 186 61 maae
1057 1500 210 82 nøyes
1309 1497 143 77 med
1493 1498 76 74 de
1609 1497 255 90 flettere,

180 1582 150 96 hvis
382 1579 390 96 Videnflab
834 1589 376 76 undertiden
1262 1588 122 81 ikke
1418 1590 206 83 rekker
1664 1595 90 93 sig
1796 1595 78 78 tit

175 1696 70 62 at
302 1682 147 93 læge
511 1694 76 64 en
646 1679 205 81 bollen
906 1681 239 99 Finger
1189 1690 138 77 eller
1369 1709 74 60 en
1486 1688 237 95 Byld,
1785 1710 86 75 og

175 1779 167 87 hvor
419 1780 91 78 vil
587 1797 155 59 man
809 1784 83 73 da
946 1784 181 74 vente
1187 1805 203 73 nogen
1461 1786 407 97 tilstrækkelig

172 1873 205 101 Hielp
434 1882 115 74 ved
610 1873 409 101 Beenbrud,
1060 1878 505 103 Vandrapning
1604 1889 19 74 i
1666 1883 171 87 Vat-

169 1976 238 93 tersot,
481 1972 516 101 Hovedflallens
1069 1977 337 102 Aabning,
1475 1985 390 82 indeklæmte

165 2071 205 87 Brok
422 2093 58 59 o.
527 2072 39 93 s.
610 2091 92 77 v.,
747 2072 89 97 ja,
884 2095 166 61 naar
1092 2083 74 76 de
1208 2080 128 81 kan
1378 2099 144 77 rage
1562 2105 76 58 en
1662 2083 206 85 Brok

168 2169 107 95 for
314 2193 75 58 en
434 2178 235 75 moden
712 2170 227 100 Byld,
978 2194 81 76 og
1096 2178 209 78 aabne
1350 2185 121 74 den
1498 2182 189 93 tillige
1716 2189 153 76 med

167 2275 79 77 de
283 2272 361 96 indeholdte
687 2266 249 90 Tarme
981 2274 259 96 (hvilket
1277 2279 253 97 virkelig
1573 2301 61 58 er
1695 2280 173 97 fleet,

163 2376 90 86 og
296 2374 122 73 den
458 2366 212 97 Syge
710 2369 413 102 omkommer)
1170 2373 111 95 saa
1324 2377 251 81 kiendes
1614 2382 251 95 lænelig

163 2471 188 79 deres
400 2465 412 105 Kundskabs
853 2469 462 101 Udstrækning.
1369 2517 130 15 —

385 2565 143 87 Da
573 2573 101 72 det
713 2567 207 93 saaer
965 2568 281 92 saaledes
1290 2577 72 78 til
1400 2582 142 74 med
1570 2583 120 76 den
1717 2576 119 87 Vi-

164 2663 295 98 denflab,
508 2666 301 96 hvorpaa
856 2673 75 74 de
982 2674 263 96 egentlig
1297 2671 205 95 skulde
1542 2678 161 95 have
1728 2682 135 91 lagt

165 2761 253 96 Vind,
487 2762 175 98 hvad
721 2784 189 63 maae
971 2786 159 63 man
1175 2777 85 75 da
1299 2773 197 81 tænke
1535 2796 107 59 om
1681 2781 185 75 deres

164 2861 284 99 Indsigt
506 2866 22 76 i
580 2867 122 76 den
754 2865 399 100 medicinffe,
1214 2872 244 96 hvortil
1512 2880 74 74 de
1646 2876 213 93 aldrig

167 2965 166 95 have
387 2969 136 73 lært
577 2967 76 76 de
707 2962 192 94 første
955 2966 310 88 Grunde.
1315 3015 132 17 —
1499 2972 188 85 Man
1739 2972 122 92 seer

161 3067 131 89 dog
334 3061 286 95 alligevel
661 3061 207 84 baade
905 3063 423 103 Vundlæger
1356 3093 80 77 og
1465 3072 367 97 Lægedoms-

158 3159 365 82 kræmmere
562 3179 71 64 ar
676 3161 243 98 kappes
964 3173 143 74 med
1148 3169 325 97 hinanden
1512 3177 117 76 ved
1654 3188 69 64 ar
1760 3174 99 77 iile

159 3262 77 76 til
293 3264 73 77 de
405 3259 253 98 Syges
717 3262 283 98 Senge,
1041 3264 177 95 snart
1277 3276 251 74 overalt
1589 3289 71 62 at
1699 3290 165 62 være

160 3354 324 98 sysselsatte
544 3365 146 79 med
758 3379 72 64 at
892 3364 144 79 løbe
1088 3371 22 72 i
1166 3367 422 96 Kiøbstæden
1636 3367 106 96 fra
1782 3391 78 58 en

162 3453 183 95 Dør
399 3460 70 84 til
525 3481 76 62 en
655 3466 256 94 qnden,
951 3480 72 64 ar
1059 3463 196 100 flakke
1301 3487 132 78 paa
1471 3468 234 87 Landet
1752 3464 113 100 fra

931 3560 149 92 Er
1809 3583 61 68 er
