2934 4495
993 504 513 101 Almindelighed
1527 506 159 85 intet
1709 511 161 98 har,
1927 508 267 103 hvorfor
2217 519 77 81 de
2321 510 379 101 forurettede

996 628 56 58 et
1066 624 96 62 ere
1190 601 141 97 for,
1388 627 134 74 paa
1538 604 541 105 Afstraffelserne,
2136 631 71 62 at
2230 614 172 98 giore
2423 614 244 93 saadan-

996 701 625 100 neBekosninger,
1107 701 516 102 Bekostninger,
1685 707 138 94 som
1875 715 74 78 de
1992 728 65 86 er
2109 713 164 96 rgien
2319 712 126 81 kan
2495 733 204 78 nage;

999 800 367 96 Hvorover
1451 804 143 94 fligt
1644 825 160 65 maa
1843 804 120 96 skee
2014 806 160 94 efter
2231 809 469 98 Øvrighedens

994 898 541 98 Foranstaltning
1592 920 79 79 og
1714 923 135 77 paa
1898 901 277 103 Publici
2244 906 451 103 Bekostning,

995 994 133 90 som
1159 1002 121 78 ved
1313 994 501 103 Forbrydernes
1851 1005 187 91 lange
2085 1002 225 98 Arrest
2331 1026 77 77 og
2455 1007 219 83 Under-

994 1088 197 101 hold,
1243 1088 113 96 faa
1410 1113 79 77 og
1520 1101 120 78 ved
1662 1114 240 77 mange
1942 1096 482 105 Befordringer
2446 1125 77 73 og
2542 1104 132 85 Rei-

992 1186 129 99 ser,
1179 1187 202 83 bliver
1411 1195 164 92 store
1605 1213 80 76 og
1719 1192 304 102 anseelig,
2079 1202 86 77 da
2205 1195 212 91 Tiden
2457 1220 62 62 er
2551 1204 150 93 lang

991 1284 197 83 inden
1257 1287 247 93 hvilken
1561 1288 335 95 saadanne
1983 1292 247 101 Sager
2287 1296 127 81 kan
2464 1299 238 80 udløbe

988 1382 319 96 igienuem
1336 1384 113 93 saa
1486 1407 235 78 mange
1736 1388 369 99 Instanser.
2173 1392 207 86 Naar-
2492 1401 179 77 unød-

989 1479 270 99 vendige
1283 1480 250 99 Sager
1569 1491 349 92 anlegges,
1977 1496 85 74 da
2091 1487 387 96 eftertænkes
2495 1493 203 96 aldrig

988 1576 180 94 hvad
1216 1577 384 102 paafølger,
1682 1603 150 65 men
1894 1585 172 95 fuses
2114 1589 118 88 hen
2278 1590 22 80 i
2350 1589 214 84 Veier
2620 1611 78 74 og

988 1672 253 98 Vind,
1295 1684 146 75 eller
1477 1702 122 74 og,
1659 1701 110 59 om
1800 1680 249 90 saadan
2092 1683 375 96 Eftertanke
2509 1706 64 62 er
2605 1689 66 78 til-

985 1772 229 95 stæde,
1271 1772 259 99 smigrer
1559 1796 161 62 man
1747 1782 91 92 sig
1877 1785 125 91 dog
2037 1789 147 76 med
2207 1783 243 99 Forliig
2487 1792 209 75 under

976 1888 79 62 en
1098 1873 155 93 lang
1274 1868 323 101 Ophold,
1630 1881 141 74 eller
1808 1896 79 77 og
1908 1897 157 61 man
2080 1894 173 70 troer
2280 1896 73 66 at
2384 1889 119 74 den
2524 1882 147 103 Per-

977 1962 153 101 son,
1187 1963 136 95 som
1355 1968 285 106 uskyldig
1665 1968 362 101 overfaldes
2067 1998 75 75 og
2191 1980 281 94 tiltales,
2511 1997 186 64 enten

976 2062 132 79 ikke
1170 2063 124 94 har
1338 2062 330 102 Forstand
1716 2070 68 78 til
1822 2085 76 66 at
1940 2067 284 97 forsvare
2270 2078 90 95 sig
2388 2081 142 77 eller
2566 2078 128 80 ikke

980 2158 131 81 kan
1140 2160 283 92 udholde
1466 2170 145 77 med
1678 2163 481 103 Bekostninger
2208 2173 313 97 igiennem
2582 2174 113 93 saa

979 2273 244 76 mange
1635 2263 139 102 fligt
1791 2262 189 100 ffeer,
2003 2262 439 105 fornemmelig
2463 2268 75 94 af
2557 2269 146 96 saa-’

1284 2350 136 94 som
1448 2358 87 80 vil
1554 2358 289 98 tiltvinge
1870 2363 141 95 sig,
2056 2364 245 97 ligesom
2340 2387 75 60 en
2450 2367 243 100 Slags

983 2448 390 99 Overmagt
1407 2471 156 63 over
1597 2461 202 79 andre
1811 2506 32 51 *
1891 2465 142 76 eller
2063 2482 78 75 og
2159 2465 134 79 blot
2311 2486 76 75 og
2409 2471 200 77 allene
2625 2465 78 98 af

983 2546 455 101 Misundelse;
1506 2574 78 76 og
1624 2575 168 59 naar
1830 2560 76 77 de
1939 2553 283 97 saaledes
2258 2568 432 93 overvældes,

980 2642 139 94 som
1144 2663 97 65 ere
1258 2642 291 106 fredelige
1572 2659 141 74 eller
1740 2652 263 97 ikke'har
2038 2656 305 101 synderlig
2368 2659 321 98 Forstand

981 2742 21 80 i
1025 2740 131 84 Lov
1199 2765 81 77 og
1299 2740 191 106 Ret,
1547 2754 139 75 eller
1723 2770 75 76 og
1817 2748 223 102 fattige
2071 2774 75 77 og
2167 2757 123 79 ikke
2317 2756 119 95 har
2472 2756 225 103 Raad-

880 2844 30 27 k
880 2845 30 14 '
980 2838 72 82 til
1080 2857 74 64 at
1208 2837 286 99 forsvare
1542 2848 127 95 sig,
1730 2868 75 76 og
1860 2857 184 77 ellers
2092 2853 18 78 i
2176 2853 507 99 Almindelighed

971 2934 252 101 frygter
1249 2936 104 100 for
1387 2947 124 80 den
1583 2950 186 90 lange
1817 2944 266 100 Proceß
2113 2971 78 76 og
2225 2958 74 76 de
2343 2957 162 94 store
2533 2952 122 89 Be-

967 3034 411 102 kostninger,
1431 3037 133 97 som
1597 3045 73 76 de
1705 3043 225 97 herved
1961 3043 179 95 føres
2176 3048 150 98 udi,
2385 3055 177 79 lader
2609 3059 75 74 de

966 3134 97 96 sig
1094 3131 77 96 af
1200 3133 327 93 saadanne
1568 3136 261 95 Tanker
1862 3141 179 94 holde
2078 3145 255 101 tilbage,
2392 3147 289 98 hvorved

963 3235 83 77 de
1075 3232 177 96 sidste
1285 3236 311 82 tilvendes
1627 3236 289 101 anseelige
1967 3230 337 112 Forderst,
2339 3267 79 76 og
2451 3251 73 79 de
2547 3244 103 96 for-

968 3330 90 98 ste
1082 3331 294 90 derimod
1412 3337 128 95 stor
1554 3334 178 95 Tab.
1832 3334 328 102 Kongens
2204 3341 132 89 Lov
2372 3365 64 62 er
2470 3350 100 76 vel
2602 3369 76 60 en

2451 3447 128 95 ftor
