2796 4466
1837 408 54 72 §

158 628 136 64 mer
325 628 234 78 paa-en
484 629 76 62 en
586 607 178 97 Tid,
820 614 92 74 da
944 605 592 99 Omkostningerne
1586 610 296 78 desuden

156 764 100 58 ere
304 746 160 94 store
534 741 160 99 nok;
792 760 150 60 men
1004 737 104 94 for
1154 738 528 98 Gejstlighedens
1730 758 154 76 egen

157 877 217 81 Ære-3
409 899 82 74 og
525 875 322 98 Fordeels
887 871 276 92 Skyld;
1219 872 92 92 thi
1339 880 104 70 det
1477 891 64 56 er
1585 869 122 97 just
1751 872 136 94 her«

153 1016 164 78 ved,
377 1023 68 58 at
479 1015 76 66 de
583 1026 94 53 etc
719 1004 226 70 komne
979 1003 18 70 i
1039 1003 106 74 det
1183 999 412 88 almindelige
1631 995 258 93 stemme

158 1130 234 98 Rygte
440 1129 102 92 for
574 1126 426 97 Gierrighed.

368 1262 166 83 Der
592 1259 254 93 klages,
896 1255 300 94 [maafkee
1244 1256 144 76 med
1434 1249 236 97 Rette,
1738 1270 154 66 over

161 1416 78 58 en
255 1394 180 84 Deel
455 1396 93 73 alt
575 1387 102 96 for
711 1390 234 91 nærige
959 1385 318 96 Præster,
1319 1384 156 91 som,
1511 1403 109 58 om

165 1524 200 96 bruge
396 1521 125 79 den
1025 1515 114 92 saa
1171 1530 110 82 gok
1313 1514 128 92 som
1473 1507 230 102 høkrer
1741 1524 148 74 med

158 1656 152 98 disse
364 1656 216 95 hellige
614 1653 504 99 Forretninger,
1178 1670 82 72 og
1306 1646 160 93 viser
1506 1645 166 96 Folk
1718 1648 172 94 bort,

160 1790 155 96 hvis
354 1800 75 65 ve
464 1809 55 54 er
550 1787 241 78 betaler
824 1782 111 90 saa
974 1805 81 72 og
1082 1783 111 90 saa
1224 1791 251 83 meget;
1524 1801 83 72 og
1642 1778 131 80 ikke
1802 1784 67 74 al-

159 1928 132 76 lene
327 1917 180 98 disse;
563 1939 146 60 men
747 1926 208 83 endog
985 1925 110 80 de,
1153 1910 134 94 som
1329 1914 52 74 el
1419 1905 300 101 forlange
1759 1932 104 60 me-

157 2074 69 62 re
259 2062 119 70 end
411 2051 177 100 hvad
637 2050 209 94 billigt
877 2069 107 72 er,
1041 2045 127 78 kan
1219 2040 127 80 ikke
1389 2051 307 88 undgaae
1739 2042 121 85 Be-

157 2185 357 98 skyldning.
622 2180 304 92 Dersom
956 2199 74 58 en
1064 2175 228 98 Præst
1338 2174 90 79 vil
1474 2179 94 78 alt
1618 2175 106 93 for
1768 2174 128 98 ofte

158 2316 333 98 eftergive,
574 2311 263 96 fordres
884 2318 105 71 det
1030 2309 173 98 siden
1252 2306 135 92 som
1434 2327 79 58 en
1556 2307 315 97 Skyldig-

159 2448 156 94 hed,
373 2469 82 72 og
497 2445 134 92 han
673 2446 292 78 kommer
1015 2443 74 78 til
1145 2454 70 64 at
1271 2440 178 93 miste
1495 2459 74 58 en
1627 2438 274 100 anseelig

167 2576 189 86 Deel
389 2575 79 94 af
505 2577 127 94 sine
683 2572 473 98 Indkomster;
1215 2568 253 92 derfore
1511 2571 129 80 kan
1703 2574 195 94 ingen

158 2706 304 100 fortænke
496 2707 158 92 ham
702 2706 20 78 i
756 2722 74 62 at
880 2704 202 79 kræve
1126 2705 94 93 sin
1276 2700 164 84 Ret.
1540 2703 178 100 Han
1770 2702 128 82 kan

160 2838 173 98 siden
382 2839 147 92 give
588 2838 267 78 dobbelt
910 2835 115 92 saa
1074 2850 209 78 meget
1338 2834 187 93 bort,
1602 2855 111 57 om
1758 2832 137 98 han

157 2972 114 78 vil.
405 2967 96 84 Et
545 2989 66 58 er
661 2984 74 64 at
779 2968 146 96 give
969 2987 74 56 en
1083 2963 182 99 Ting
1309 2966 148 80 bort
1517 2961 370 101 frivilligen,

158 3118 60 64 et
270 3110 196 72 andet
520 3121 66 60 er
638 3120 74 58 ar
777 3102 169 78 blive
1008 3109 136 70 nød
1199 3102 75 78 til
1340 3114 74 66 at
1478 3099 250 96 afstaae
1780 3120 84 62 no-

162 3248 122 82 get.
386 3234 170 97 Hvo
596 3255 68 59 er
710 3240 100 72 vel
860 3240 118 71 den
1020 3231 274 95 Mand,
1352 3232 130 94 han
1516 3250 191 62 smaa
1762 3252 98 62 væ-

161 3384 68 66 re
262 3366 281 101 Geistlig
577 3373 146 79 eller
768 3364 373 99 Berdflig,
1202 3362 135 100 som
1369 3369 240 96 maler,
1668 3364 21 82 i
1724 3364 169 100 hvor

961 3497 66 86 A
1061 3523 38 74 z
1721 3492 188 104 gav'
