2727 4442
563 398 780 48 ■—'■BM
1715 395 102 70 55

104 604 272 86 Skulde
404 607 110 76 der
542 608 182 74 ellers
768 620 166 59 være
976 620 204 76 nogen
1212 595 254 84 Grund
1516 590 20 80 i
1576 596 102 74 det
1718 589 102 96 jeg

104 743 203 93 siger,
375 739 92 76 vil
506 737 99 93 jeg
672 736 151 78 bede
867 743 204 70 andre
1119 747 168 61 mere
1331 726 236 95 oplyste
1628 720 163 94 frem-

107 872 166 96 sætte
303 882 104 69 vet
443 869 20 80 i
489 885 58 62 et
581 870 204 92 større
829 863 174 100 Lys,
1051 868 142 76 eller
1237 881 82 76 og
1365 854 306 100 kuldkaste
1715 861 108 74 der

106 1026 116 62 vm
256 1012 106 74 det
394 1023 66 60 er
486 999 202 98 falstk.

309 1216 160 87 Der
503 1235 64 58 er
597 1210 502 98 Folkemanglen
1137 1206 100 96 jeg
1275 1207 190 96 sigter
1505 1204 90 82 til.
1659 1202 168 85 Der

111 1350 227 96 klages
381 1367 152 60 over
575 1350 118 70 den
739 1345 283 89 overalt,
1101 1360 81 72 og
1223 1346 76 69 de
1341 1339 164 90 store
1551 1334 244 96 Hoved-

112 1482 324 91 Aarsager
466 1474 218 92 dertil,
732 1469 250 94 saasom
1014 1481 118 69 den
1166 1469 138 93 hoie
1322 1467 186 98 Pris
1528 1464 264 84 Levnets-

108 1614 261 80 Midler
402 1631 83 72 og
516 1610 205 73 andre
746 1602 211 83 Vare
992 1622 97 60 ere
1128 1604 205 91 stegne
1362 1601 113 91 til,
1530 1606 77 72 de
1640 1619 159 58 man-

107 1766 78 74 ge
239 1738 604 100 Ufornødenheder,
913 1735 132 92 som
1087 1732 568 96 Qverdaadighev
1705 1729 124 98 har

108 1878 172 94 gjort
331 1872 363 93 fornødne,
766 1891 84 74 og
893 1877 77 70 de
1011 1865 477 98 Bekostninger
1535 1864 263 96 Haand-

104 2004 428 82 værksmænd
562 2022 156 64 maa
746 2001 178 97 giøre
954 1995 228 98 førend
1210 2006 72 71 de
1310 1997 124 78 kan
1468 1993 148 97 faae
1632 1996 166 83 Bor-

107 2136 320 97 ger-Ret,
497 2156 100 61 ere
663 2130 258 93 noksom
989 2136 308 79 omtalte,
1373 2128 302 97 hvorfore
1729 2129 100 96 jeg

107 2267 377 99 forbigaaer
541 2275 147 71 dem
757 2273 147 72 med
941 2262 371 97 Tavshed;
1377 2283 149 60 men
1571 2270 111 74 der
1731 2283 101 58 ere

110 2410 204 70 andre
352 2397 374 97 Aarsager,
812 2395 202 102 hvilke
1060 2394 98 98 jeg
1206 2394 124 79 ikke
1378 2397 122 92 har
1546 2396 150 94 hørt
1736 2415 98 58 ere

112 2531 117 93 saa
264 2531 455 93 almindeligen
764 2529 309 91 bekieme,
1138 2527 325 94 endffiønr
1512 2530 147 96 flere
1712 2533 121 74 end

111 2665 100 93 jeg
251 2659 280 94 maaffee
563 2661 122 93 har
717 2657 192 82 tænkt
953 2676 136 79 paa
1123 2664 102 74 det
1257 2659 264 94 stimme.

312 2858 164 87 Det
528 2859 196 93 første
780 2858 106 97 jeg
924 2863 94 78 vil
1062 2864 124 76 tale
1236 2881 150 76 om,
1442 2881 66 60 er
1562 2866 118 74 den
1716 2857 114 94 saa

106 2991 259 81 kaldede
400 3003 39 70 8
480 2984 351 102 Skillings
866 2997 143 74 eller
1026 2975 610 129 Skjønnes-Skeer
1686 2992 147 95 Jeg

113 3132 148 72 veed
293 3126 176 90 hvad
503 3144 158 59 man
679 3122 126 78 kan
823 3139 182 64 vente
1023 3127 90 93 sig
1143 3120 166 100 afen
1331 3127 306 99 Ronge,
1673 3124 158 95 hvis

116 3255 426 95 Symbolum
606 3274 110 58 er:
792 3257 238 71 Glorå
1100 3284 78 46 ex
1254 3266 252 65 Amore
1580 3251 246 80 Patrik.

116 3387 141 107 Jeg
286 3408 60 60 er
384 3389 108 80 vis
534 3406 132 78 paa
684 3438 23 48 ,
766 3403 72 68 at
880 3405 124 62 vor
1042 3389 395 102 Monarch
1482 3394 174 80 letter
1704 3388 128 91 sine

887 3519 102 90 D
1013 3545 50 71 4
1583 3524 250 84 Under-
