2719 4392
117 604 180 80 mng.
437 578 148 88 Gid
645 581 158 94 store
855 573 252 101 Herrer
1163 572 120 94 selv
1347 579 244 98 vidste,
1655 578 168 96 hvor

121 740 222 78 megen
393 711 210 100 Kraft
655 719 78 72 de
785 709 282 99 besidder
1123 710 74 80 til
1243 725 72 68 ak
1375 713 174 96 giøre
1601 710 172 86 Gør.

318 943 210 99 Jeg-—
562 945 214 92 saavel
814 943 132 92 som
986 944 184 96 flere,
1226 943 120 98 har
1396 947 18 80 i
1460 945 368 99 Anledning

118 1077 78 96 af
242 1076 466 98 foregaaende,
776 1073 126 99 ofte
944 1074 190 80 tænkt
1168 1096 178 77 paa,
1402 1099 108 58 om
1554 1088 100 72 det
1702 1080 128 82 ikke

115 1213 208 80 kunde
339 1232 164 58 være
519 1211 318 96 gavnligt,
893 1224 68 60 at
983 1212 108 72 der
1113 1226 136 72 paa
1277 1235 34 70 z
1339 1215 140 72 eller
1495 1235 50 69 4
1561 1212 264 82 Steder

119 1345 22 92 j
161 1343 202 97 Riget
385 1344 134 76 blev
539 1355 264 80 oprettet
831 1336 296 94 anseelige
1145 1334 256 85 Skoler
1421 1347 140 75 eller
1579 1344 216 84 Semi-

117 1476 239 92 narier,
391 1472 183 98 hvori
609 1475 115 74 alle
741 1471 177 93 flags
937 1466 633 101 Standspersoners
1603 1478 223 98 (hvor»

112 1607 208 81 iblant
348 1604 94 96 jeg
470 1603 196 96 ogsag
704 1619 222 74 regner
944 1600 370 99 Docteres,
1366 1605 458 103 Professorers

112 1761 84 74 og
224 1738 362 98 Præsters)
642 1755 80 74 og
740 1731 462 86 Adclsmænds
1230 1737 258 100 Born,
1546 1758 282 64 omtrent

107 1867 108 96 fra
271 1878 184 70 deres
521 1875 166 72 rode
727 1871 142 74 eller
947 1884 150 64 12te
1155 1868 182 99 Aar,
1403 1875 184 81 indtil
1637 1882 192 74 deres

111 2008 166 74 r6de
309 2006 142 76 eller
481 2009 202 84 i8de,
729 1997 152 96 efter
901 1998 724 104 Omstændighederne,
1669 2006 128 86 kun-

105 2139 111 93 de,
273 2150 181 64 enten
501 2128 101 99 for
649 2133 181 90 intet,
889 2136 139 74 eller
1075 2128 101 98 for
1221 2135 179 96 ringe
1451 2135 373 99 Betaling,

106 2265 170 79 blive
320 2265 382 94 underviiste
742 2265 20 78 i
808 2263 494 98 Christendom,
1358 2267 322 98 Regning
1744 2292 84 76 og

102 2393 434 96 Skrivning,
590 2395 292 96 Sprog,
944 2392 464 103 Geographie,
1458 2401 374 93 Universal»

105 2523 380 97 Historien,
541 2531 74 72 de
676 2523 189 96 forste
910 2524 289 85 Grunde
1263 2527 80 96 af
1373 2529 454 99 Geometrien,

103 2675 86 74 og
221 2656 138 80 kort
385 2656 174 96 sagt,
615 2655 574 96 Fundamenterne
1217 2659 72 80 til
1317 2667 94 74 alt
1443 2671 100 72 det
1591 2666 130 90 som
1759 2686 68 62 er

99 2788 237 92 nyttigt
369 2784 105 96 for
513 2786 173 99 Folk
711 2785 79 94 af
815 2792 119 74 alle
991 2786 331 85 Stender.
1459 2793 207 87 Naar
1715 2804 113 88 faa

96 2925 74 74 de
210 2918 362 96 Foresatte,
628 2917 348 94 saavelsom
1030 2920 456 101 Forældrene,
1544 2932 250 80 imidler-

96 3051 92 80 tid
218 3050 208 94 havde
462 3054 140 79 lært
638 3067 72 64 at
748 3049 212 82 kiende
1000 3050 146 100 disse
1204 3077 166 78 unge
1400 3059 422 99 Menneskers

94 3181 291 84 Naturel
417 3206 80 74 og
534 3183 255 94 Genie,
841 3205 80 75 og
975 3190 170 76 ladet
1201 3197 144 76 dem
1395 3191 398 92 fornemmeli-

93 3333 122 82 gen
249 3316 174 102 holde
459 3320 92 98 sig
593 3319 74 82 til
703 3325 74 74 de
829 3315 468 103 Videnskaber
1357 3325 130 96 som
1539 3336 74 72 de
1669 3324 148 100 fant

869 3448 67 94 E
987 3474 53 72 4
1627 3462 189 98 störst
