2879 4411
1035 299 86 68 So
1580 273 257 80 III-W

953 471 90 76 da
1069 457 252 86 Retten
1351 459 232 78 derved
1617 451 426 96 confunderes
2077 475 80 80 og
2203 453 452 104 foruroeliges,

959 581 82 74 og
1071 553 614 96 Srokemændene,
1739 551 132 94 som
1891 551 118 98 stal
2027 557 140 94 give
2185 573 116 80 agt
2337 577 132 74 paa
2483 559 176 92 hvad

955 657 140 92 søm
1121 651 102 94 for
1261 649 250 82 Retten
1529 647 382 100 fremføres,
1963 645 308 98 forvildes
2297 675 80 72 og
2403 653 122 80 ikke
2539 653 126 80 kan

957 755 146 96 give
1129 749 136 96 Agt
1293 769 134 74 paa
1457 753 108 74 det
1611 755 74 72 de
1747 749 158 96 bør,
1977 749 196 98 især,
2231 771 172 62 naar
2439 751 224 92 Usørm

961 849 458 96 melighederne
1447 865 98 58 ere
1575 845 72 94 af
1703 849 122 76 den
1871 847 524 98 Bestaffenhed,
2479 865 74 62 at
2593 869 72 58 en

963 947 390 86 Dommere
1371 941 344 96 saavelsom
1733 939 332 86 Skrivere
2099 967 80 74 og
2195 945 440 84 Stokketnæn-

963 1053 160 76 dene
1177 1043 186 96 gives
1403 1041 304 96 Lejlighed
1757 1039 68 80 ril
1873 1039 216 84 Latter
2141 1061 146 62 over
2345 1063 196 76 grove
2593 1063 72 74 og

965 1151 270 74 dumme
1277 1135 296 102 Indfald
1615 1159 78 76 og
1751 1135 478 102 Talemaader,
2309 1139 136 94 som
2493 1147 176 88 nogle

963 1241 132 80 ikke
1119 1237 262 96 undseer
1407 1243 88 92 sig
1523 1235 102 96 for
1661 1251 72 64 at
1773 1233 274 100 spilfegre
2077 1243 188 90 med,
2323 1241 72 78 til
2433 1245 234 74 andres

965 1337 180 92 Tort
1199 1359 80 74 og
1313 1333 470 102 Fornærmelse-
1889 1333 68 98 I
1981 1333 452 96 Kiobenhavn
2453 1335 216 94 holdes

969 1459 82 58 en
1085 1433 506 100 priseligJustitz
1637 1431 102 94 for
1789 1431 294 100 Retten,
2141 1431 310 98 ogisær,
2503 1435 166 94 siden

965 1543 128 76 Den
1131 1531 218 94 seenest
1375 1537 346 90 udgangne
1755 1527 298 98 Placat,
2109 1531 244 96 hvilken
2399 1525 268 100 tillader,

965 1649 78 66 at
1081 1629 642 86 Stokkemændenes
1749 1627 454 96 Vidnesbyrd
2259 1649 160 62 maa
2457 1637 212 90 tages,

967 1732 171 94 srax
1169 1729 20 78 i
1219 1727 426 98 Prowcollen
1681 1721 334 96 indføres,
2073 1747 80 74 og
2181 1731 74 76 de
2275 1727 396 94 paagieldem

967 1835 116 86 de,
1137 1823 136 94 som
1317 1825 200 94 bruge
1557 1821 604 96 Uanstændigheder
2221 1817 102 98 for
2383 1823 290 98 Retten,

971 1931 178 78 uden
1187 1919 306 100 Ophold,
1559 1917 180 98 føres
1779 1919 22 80 i
1841 1917 260 98 Arrest,
2173 1921 304 90 udsættes
2533 1927 144 72 eller

975 2027 404 90 mulcteres,
1471 2015 150 94 efter
1715 2013 576 100 Beskaffenheden.
2449 2015 224 98 Nogle

977 2117 292 86 Stæder
1299 2137 136 74 paa
1477 2115 292 96 Laudet,
1833 2113 22 80 i
1897 2111 108 86 sær
2027 2119 120 76 ved
2177 2113 496 94 Kjøbenhavns

973 2213 256 98 Rytter
1253 2211 330 100 Districts
1621 2209 354 98 Birketing
2009 2231 80 76 og
2117 2217 200 76 andre
2347 2209 286 84 Stæder
2651 2211 22 78 i

981 2313 372 94 Sælland,
1405 2331 196 76 gaaer
1641 2313 104 76 det
1779 2307 258 96 ligesaa,
2089 2307 112 94 saa
2229 2325 72 64 at
2317 2315 120 74 alle
2469 2329 78 74 og
2571 2327 104 60 em

985 2413 156 94 hver
1181 2409 130 80 kan
1339 2427 168 60 være
1533 2407 22 78 i
1595 2405 174 100 Fred
1795 2403 102 96 for
1951 2403 298 100 Renen,
2319 2427 78 74 og
2427 2403 252 84 Retten

983 2509 130 80 ikke
1147 2517 350 84 vanæres,
1555 2527 78 74 og
1663 2511 104 72 det
1791 2523 122 60 var
1943 2517 74 66 at
2047 2503 214 98 ønste,
2315 2519 70 64 at
2419 2509 102 74 det
2553 2521 122 62 var

979 2607 114 94 saa
1123 2609 290 94 overalt;
1477 2623 148 62 men
1671 2607 104 74 det
1827 2619 194 78 gaaer
2049 2623 132 72 paa
2229 2605 134 92 sine
2393 2599 286 84 Stæder

987 2709 94 74 alt
1119 2699 102 100 for
1251 2707 172 92 galt,
1475 2699 110 94 saa
1635 2717 72 62 at
1757 2705 108 74 der
1905 2705 98 72 vel
2053 2721 78 74 og
2173 2715 106 64 tør
2311 2697 212 94 findes
2561 2703 116 90 de,

983 2801 140 92 som
1149 2801 128 80 ikke
1307 2799 262 92 undseer
1599 2801 90 94 sig
1711 2793 102 96 for
1855 2813 74 64 at
1953 2797 176 78 rives
2163 2817 76 74 og
2267 2795 272 94 stiendes
2573 2791 102 94 for

983 2899 284 94 Retten,
1321 2897 22 78 i
1385 2897 228 92 ftæden
1669 2895 186 94 forat
1903 2897 72 76 de
1999 2915 132 72 paa
2165 2897 102 78 det
2293 2889 384 86 Stædmed

985 2997 522 98 Sømmelighed
1561 3015 78 78 og
1693 2991 386 100 LErbarhed
2149 2991 202 82 burde
2403 2989 274 98 begegne

987 3097 332 94 hinanden
