2955 4528
1120 355 80 70 48

1156 509 294 126 ^Hvad
1492 516 284 84 derimod
2106 510 324 104 saadanne
2462 513 239 101 tvetydi-

1037 637 75 78 ge
1144 629 281 79 Dager,
1492 612 131 92 som
1672 632 95 59 ere
1814 609 75 92 af
1922 619 121 72 den
2092 610 509 102 Beskaffenhed,
2656 633 73 64 at

1039 725 108 74 der
1177 711 126 78 ikke
1329 712 216 92 sirides
1583 726 168 62 mere
1781 709 254 82 Grund
2077 711 68 78 ril
2175 708 248 84 Retten
2461 734 130 72 paa
2611 718 120 75 den

991 835 18 16 -
1039 833 142 58 eene
1209 807 230 93 Side,
1523 812 118 74 end
1695 812 118 73 den
1857 811 246 88 anden,
2161 814 140 70 eller
2357 824 70 62 ar
2487 802 242 90 Retten

1035 911 288 78 kommer
1357 904 76 96 af
1463 924 72 64 en
1567 905 470 92 uregelmæssig
2055 903 280 95 Bifald,
2393 912 138 74 eller
2571 904 158 93 afen

1039 1003 184 84 mork
1257 1022 78 74 og
1379 1000 342 95 ukjendelig
1755 1019 146 58 men
1933 1005 124 90 dog
2089 1000 412 100 mistænkelig
2537 1004 190 80 Gier»

1038 1123 196 74 mng,
1289 1100 109 92 saa
1426 1116 74 62 at
1524 1118 74 58 en
1627 1096 391 85 Dommere
2067 1105 259 74 derover
2357 1098 127 80 kan
2515 1098 207 92 fætres

1034 1203 22 78 L
1110 1200 380 89 Tvilsmaal
1534 1214 106 60 om
1698 1195 226 94 hvilket
1958 1199 116 74 det
2114 1212 156 63 rette
2300 1214 94 76 er,
2452 1200 126 76 deri
2598 1196 122 79 kan

1040 1301 132 92 han
1202 1291 124 85 ikke
1358 1294 108 92 saa
1492 1292 250 92 absolut
1798 1289 334 96 forbindes
2172 1292 66 78 til
2270 1308 76 62 at
2371 1291 171 95 gjøre
2582 1300 136 89 det,

1034 1399 136 94 som
1242 1395 178 93 hans
1478 1390 410 84 Overmand
1964 1393 140 76 eller
2158 1389 562 83 Oberdommeren

1032 1511 252 64 maatte
1316 1490 393 98 approbere,
1768 1509 79 74 og
1866 1485 251 98 følgelig
2138 1488 46 79 ei
2220 1482 180 98 heller
2432 1486 287 98 straffes;

1034 1587 302 100 hvor-føre
1389 1588 130 94 han
1553 1586 122 78 ikke
1717 1581 204 96 sættes
1951 1585 20 78 i
2003 1601 206 80 nogen
2257 1582 172 98 Fare
2467 1588 116 80 ved
2625 1588 96 91 sin

1031 1689 260 93 Dom,
1347 1700 184 62 enten
1561 1688 130 86 han
1729 1681 210 92 fælder
1991 1689 118 76 den
2163 1682 66 80 til
2275 1686 118 74 den
2425 1702 138 60 eene
2583 1690 138 72 eller

1029 1793 122 76 den
1187 1788 212 102 andei^
1421 1778 236 90 Side,
1715 1787 124 88 dog
1869 1781 120 76 bør
2009 1779 130 94 han
2161 1780 286 78 alletider
2479 1796 70 62 at
2567 1778 126 82 kun-

1029 1889 80 76 de
1155 1883 138 94 give
1349 1884 124 90 god
1545 1876 254 89 Raison
1867 1877 100 84 for
2029 1879 94 92 sin
2181 1876 212 86 Dom
2461 1874 260 94 hvorfor

1033 1983 135 92 han
1211 1985 295 73 dømmer
1537 1974 145 92 saa,
1741 1993 79 76 og
1845 1973 123 82 ikke
2007 1978 411 90 anderledes;
2471 1974 91 92 thi
2587 1982 107 72 der-

1032 2079 138 86 som
1220 2077 130 93 han
1382 2070 124 80 ikke
1552 2072 116 92 har
1730 2083 190 82 noget
1974 2074 330 91 grundigt,
2400 2084 70 64 at
2518 2070 206 95 bygge

1032 2175 362 84 Dommen
1420 2188 178 74 paa,
1666 2166 108 90 saa
1820 2169 172 78 løber
2052 2167 128 92 han
2224 2164 174 100 Feil,
2454 2188 78 76 og
2578 2168 142 96 fligt

1044 2273 128 80 kan
1200 2276 230 88 regnes
1470 2264 156 96 ham
1660 2266 70 78 til
1748 2263 156 98 Last.

1776 2461 61 96 §.
1892 2479 111 72 27.

1235 2561 174 99 Han
1443 2560 124 82 bor
1585 2560 154 80 alrid
1773 2559 180 94 holde
1979 2563 124 92 god
2139 2559 234 83 Orden
2395 2578 76 76 og
2497 2556 226 100 Justitz

1035 2663 104 96 for
1173 2657 282 99 Retten,
1509 2658 108 92 saa
1653 2676 70 60 at
1747 2661 128 90 han
1909 2657 122 78 ikke
2051 2659 244 78 tillader
2313 2678 200 76 nogen
2545 2652 182 86 Stør

1031 2783 86 74 og
1147 2757 300 97 Allarm,
1505 2754 348 82 Skienden
1871 2777 78 74 og
1977 2751 444 99 Uhøfligheder
2453 2750 236 100 afPro-

1029 2866 350 75 curarores
1419 2860 140 72 eller
1603 2856 248 89 andre,
1911 2871 142 60 men
2097 2853 246 91 tilholde
2385 2850 228 92 enhver
2643 2867 72 64 at

1030 2959 181 80 Ære
1247 2953 331 95 Kongens
1613 2948 175 95 Ret,
1845 2949 173 92 hans
2053 2947 191 98 Pligt
2274 2966 62 58 er
2370 2968 76 74 og
2488 2964 70 60 at
2581 2946 135 94 han

1026 3055 132 80 ikke
1202 3070 190 60 maae
1434 3050 246 92 tillade,
1736 3061 68 62 at
1854 3067 200 74 nogen
2096 3045 98 92 for
2240 3044 250 80 Retten
2522 3040 164 94 frem-

1028 3149 176 96 fører
1260 3146 318 96 Chicaner
1620 3146 174 78 imod
1858 3143 316 94 hinanden
2218 3144 498 92 eller-tillægger

1032 3249 326 94 hinanden
1400 3241 424 99 uanstændige
1892 3263 78 72 og
2024 3238 572 98 uhøflige.Ravne
2638 3259 78 74 og

1028 3347 433 91 Caramrer,
1542 3323 241 101 enten]
1838 3345 139 78 eller
2026 3347 173 80 uden
2250 3336 467 98 Prococollen,
