2912 4461
1725 345 84 68 27

199 507 188 100 fagen
415 507 106 98 til,
575 525 72 64 ar
681 507 112 96 fan
823 527 234 78 mange
1089 509 202 80 bliver
1325 507 412 74 mul&erede
1787 527 72 60 eu-

201 623 108 64 ren
341 607 148 82 lider
519 615 140 72 eller
691 611 154 92 storr
877 603 152 100 ester
1057 605 300 98 Sagens
1401 603 490 102 Beskaffenhed.

203 703 210 82 Naar
441 723 90 60 nu
567 711 104 74 der
689 701 190 102 første
923 703 244 98 Slags
1201 703 78 96 af
1321 709 74 76 de
1445 707 450 94 nødvendigste

203 801 252 96 Sager
491 799 120 96 stal
627 807 346 94 anlegges,
1029 809 142 74 eller
1201 807 124 74 den
1359 801 134 92 som
1525 799 260 98 Sagen
1805 803 66 78 til-

205 899 192 92 hører
417 897 412 98 foraarfages
873 899 70 80 ril
985 915 72 66 ar
1109 903 142 78 lade
1289 901 96 94 sin
1416 896 505 99 Gang-Parti

203 997 238 94 tiltale,
497 995 112 92 saa
627 1017 194 74 gruer
857 995 134 94 han
1033 993 246 96 derfor,
1335 995 20 78 i
1403 993 108 96 sær
1541 1017 106 58 om
1679 997 128 88 han
1847 1017 52 62 et

211 1113 68 60 er
299 1109 206 78 meget
549 1089 428 100 formuende;
1047 1089 318 94 hvorfor?
1429 1087 168 90 fordi
1645 1091 256 96 Sagen

205 1191 126 94 har
363 1209 236 76 mange
613 1189 402 96 Znstancer,
1049 1171 134 108 som
1219 1189 176 94 hans
1421 1187 482 100 Conrra-Parr

205 1287 132 78 kan
377 1291 198 90 drage
619 1287 160 90 ham
809 1287 356 94 igiennem,
1223 1307 78 74 og
1341 1281 392 86 desforuden
1781 1291 120 78 ved

207 1383 328 82 Retterne
579 1389 146 76 med
761 1383 460 98 Inventioner
1271 1403 78 82 og
1383 1385 346 92 Udflugter
1775 1383 128 80 kan

207 1481 168 78 blive
427 1481 268 92 opholdt
719 1483 20 74 i
805 1499 234 76 mange
1111 1479 186 94 Aar,
1355 1477 318 96 hvorover
1717 1495 190 62 euren

205 1577 322 82 ©tanten
553 1575 128 82 kan
715 1577 164 78 blive
905 1577 314 94 ruineret,
1253 1583 142 72 eller
1424 1572 450 97 Sønnen-Par-

207 1670 886 100 tenreentforarmet,»d·øe,
531 1671 350 98 forarmer,
937 1681 158 88 dse,
1149 1679 142 72 eller
1321 1691 164 76 gaae
1501 1671 236 96 Fallit,
1793 1669 110 94 saa

207 1791 78 60 ar
329 1771 316 82 Cicamen
685 1769 126 82 ikke
875 1791 252 74 engang
1181 1769 126 78 kan
1367 1765 144 94 faae
1555 1769 92 90 sin
1709 1765 192 98 forste

205 1867 466 100 Prætention,
729 1867 248 80 mindre
1005 1871 128 86 sine
1147 1871 322 74 anvendte
1505 1863 366 98 Bekostnin-

205 1985 148 76 ger,
407 1963 136 94 som
593 1963 126 80 kan
767 1965 162 78 blive
979 1961 336 98 anseelige,
1385 1981 80 74 og
1515 1965 386 84 undertiden

207 2069 186 90 langt
427 2081 170 62 mere
635 2067 120 74 end
801 2059 540 100 Prætentionen;
1397 2057 316 86 hvorover
1771 2061 134 90 han

207 2165 190 84 heller
443 2159 152 82 lider
661 2161 158 78 Urer
871 2165 140 72 eller
1079 2165 124 74 den
1257 2153 194 94 forste
1507 2177 78 68 og
1641 2157 266 94 mindste

209 2257 300 96 Skade,
565 2261 118 74 end
717 2255 132 90 som
883 2257 134 90 han
1065 2257 298 90 paataler
1393 2251 94 90 sin
1527 2251 142 84 Ret
1689 2275 78 72 og
1809 2271 68 60 ra-

211 2375 112 76 ger
353 2359 120 76 den
499 2355 178 94 sidste
711 2351 252 82 Skade
1003 2355 146 74 med
1187 2355 120 74 den
1337 2345 234 98 første;
1627 2369 78 74 og
1739 2369 168 60 naar

211 2433 268 112 Sagen
523 2469 62 58 er
613 2447 76 94 af
731 2457 120 74 den
889 2443 516 98 Beskaffenhed;
1473 2459 72 64 ar
1577 2449 120 76 den
1733 2445 176 98 Rige

215 2549 90 78 vil
335 2547 214 94 tvinge
569 2553 122 74 den
715 2545 262 98 Fattige
1011 2545 70 78 ril
1109 2541 222 96 ubillig
1349 2541 268 96 Fordeel
1637 2559 70 64 at
1741 2543 166 98 give,

215 2653 146 74 eller
407 2643 128 80 ikke
589 2645 86 78 vil
723 2643 140 94 give
907 2641 158 96 ham
1119 2643 102 74 der
1261 2641 132 92 han
1425 2645 146 72 med
1621 2657 160 64 rette
1815 2643 68 80 til-

213 2743 340 94 kommer,
611 2747 86 74 da
735 2755 190 64 maae
941 2745 122 74 den
1085 2733 268 100 Fattige
1385 2755 160 76 grue
1575 2733 102 94 for
1693 2739 188 84 Vidt-

213 2837 422 96 løftigheder,
689 2835 280 98 Ophold
999 2857 78 74 og
1113 2839 72 74 de
1219 2833 214 96 Dng,
1489 2831 246 92 somere
1759 2839 160 90 ham

213 2935 104 98 for
349 2937 188 92 svære
569 2955 72 62 ar
673 2935 494 94 igiennemgaae.
1269 2929 164 84 Der
1451 2937 196 76 ander
1675 2933 246 96 Slags

217 3033 78 94 af
321 3041 72 74 de
441 3033 404 96 nødvendige
899 3029 286 96 Sager,
1253 3029 142 80 blev
1441 3029 50 78 ei
1539 3037 260 86 paaralr
1837 3053 80 76 og

219 3131 520 96 Misgierninger
787 3123 360 102 afstraffet,
1215 3125 246 92 dersom
1515 3131 74 76 de
1635 3125 246 96 foruret-

225 3235 136 74 tede
393 3227 118 92 selv
551 3227 184 94 ffulle
779 3231 264 90 paarale
1093 3223 326 96 Sagerne
1449 3245 78 76 og
1569 3225 170 96 giore
1765 3227 116 84 Be-

223 3325 468 104 kostningerne,
749 3321 76 106 af
855 3331 122 80 den
1007 3319 298 100 Aarsag,
1361 3337 74 68 ar
1461 3323 402 98 Forbrydere
1891 3327 20 78 i
