2754 4485
1693 405 102 92 637

83 625 326 90 Embeder
427 671 22 52 ,
501 627 106 80 det
633 645 66 60 er
729 641 72 66 ar
835 629 180 76 drive
1043 621 338 100 Begreber
1427 639 106 64 om
1570 617 224 86 Æren

81 757 110 102 for
219 763 128 94 vir,
399 781 82 74 og
513 777 68 64 at
613 763 342 92 misbruge
987 759 282 82 Navnet
1295 755 78 98 af
1391 755 300 100 Patriot.

287 1003 168 94 Hvo
481 997 132 88 fom
643 997 122 84 ikke
801 1001 124 96 har
967 997 230 82 kunder
1227 995 246 84 komme
1515 999 18 80 i
1563 993 208 92 Embe-

87 1141 150 94 der,
263 1143 142 74 eller
439 1137 54 78 ei
521 1134 241 94 skinner
797 1153 110 60 om
941 1149 70 64 at
1045 1129 266 94 besvære
1345 1135 92 94 sig
1475 1145 144 66 med
1641 1133 164 84 Em«

93 1269 702 98 beds-Forreminger,
851 1265 124 94 har
1003 1265 20 76 i
1059 1261 272 82 Steven
1377 1263 218 96 derfor
1629 1271 176 78 ladet

87 1403 94 98 sig
215 1401 138 82 noie
385 1409 144 68 med
563 1417 74 56 en
671 1397 442 94 ligegieldende
1135 1393 214 98 Titel;
1403 1417 82 74 og
1513 1405 118 70 den
1663 1401 142 78 vin«

85 1535 270 96 ffibelige
391 1547 80 74 og
517 1529 210 94 ærlige
769 1525 492 98 Borgermand
1309 1545 66 60 er
1421 1527 220 82 bleven
1691 1531 112 92 seer

83 1685 150 62 over
269 1661 422 94 Skuldrene,
751 1681 82 74 og
877 1663 20 74 i
943 1657 190 92 Dag
1179 1677 198 74 neppe
1419 1675 176 82 agtet
1639 1681 134 60 vær-

81 1799 112 92 dig
225 1813 70 60 at
329 1799 318 86 omgaaes
681 1797 144 70 med
857 1793 150 92 den,
1063 1791 132 90 som
1229 1795 18 74 i
1296 1791 209 80 Gaae
1551 1793 222 82 tilkiøb-

81 1947 58 64 te
169 1931 90 94 sig
305 1947 76 56 en
415 1921 340 84 Caracrer.
885 1921 336 106 Adskillige
1241 1975 26 46 ,
1305 1925 132 94 som
1471 1929 186 74 ellers
1707 1931 68 74 al-

79 2061 146 96 drig
267 2059 206 96 havde
523 2055 190 80 tænkt
759 2063 288 90 derpaa,
1117 2057 156 96 har,
1357 2049 106 102 for
1509 2075 70 60 ar
1633 2067 140 70 und-

79 2213 164 80 gaae
273 2213 74 58 en
368 2184 244 96 saadan
641 2187 974 102 stædfevarendeForhaanelfe,
1665 2185 142 100 søgt

81 2349 80 58 en
203 2323 216 96 Rang
463 2317 134 96 som
653 2331 254 88 andre;
1011 2345 82 72 og
1143 2341 286 74 mangen
1483 2341 78 58 en
1623 2319 178 84 brav

81 2459 278 90 Mand,
413 2451 130 92 som
569 2455 20 74 i
616 2449 259 98 Hjertet
915 2455 202 80 beleer
1159 2455 114 98 flig
1326 2448 446 100 Daarlighed-

84 2607 88 78 og
85 2607 88 78 og
207 2587 132 92 som
387 2601 198 60 nærer
631 2581 90 96 sig
769 2581 78 94 af
883 2605 78 58 en
1009 2585 110 90 saa
1165 2585 296 96 hæderlig
1493 2585 278 96 Håndte-

85 2723 192 92 ring,
325 2729 72 66 at
425 2715 132 94 han
589 2713 126 80 ikke
761 2715 278 92 behøver
1087 2733 72 62 ar
1207 2711 274 100 stamme
1523 2719 92 92 sig
1661 2731 110 66 der-

81 2861 166 82 ved,
341 2843 160 102 har,
577 2839 102 90 for
729 2865 76 58 en
869 2851 144 78 eller
1077 2857 214 70 anden
1345 2851 452 102 Bi-Aarfags

79 2981 280 96 Skyld,
409 3001 80 74 og
517 2971 106 102 for
659 2993 70 64 at
775 2975 166 100 følge
969 2977 460 102 Strømmen,
1516 3001 280 74 maattet

81 3117 176 94 giøre
285 3123 100 70 det
419 3109 282 98 samme,
769 3129 82 74 og
901 3109 290 96 saaledes
1237 3115 180 94 stiult
1465 3123 92 96 sin
1595 3119 170 86 virke-

87 3249 120 96 lige
239 3247 246 86 Stand
521 3253 204 74 under
755 3259 60 68 et
849 3237 294 106 fremmer
1171 3241 242 94 Navn.

1597 3501 192 92 Man
