2897 4439
1731 348 86 64 Zs

194 525 64 58 er
295 506 191 96 lovlig
541 502 341 101 forkynder
925 504 99 96 for
1073 513 119 76 den
1243 508 439 94 fraværendes
1723 512 177 92 sidste

196 601 322 96 Opholds
550 604 216 85 Græd
808 628 78 74 og
924 614 242 87 derpaa
1204 607 20 76 i
1266 604 250 84 Retten
1564 610 224 94 redelig
1805 606 76 94 af-

195 700 285 95 hiemlet,
196 701 285 96 hiemler,
536 700 107 88 faa
696 703 117 96 har
880 710 119 76 den
1048 703 133 94 som
1240 704 119 96 har
1406 710 171 75 lader
1628 709 269 92 stævne,

197 797 126 80 nok
359 800 70 78 ril
471 798 370 97 Sikkerhed
879 800 102 96 for
1011 805 130 96 sig;
1195 801 298 95 hvorfore
1519 802 96 110 jeg
1663 825 78 77 og
1769 802 102 94 hol-

195 901 111 74 der
349 894 99 92 for
485 914 71 64 ar
589 899 395 82 Oberrerren
1021 899 249 80 mindre
1299 900 17 76 i
1348 905 204 84 deere--
1611 908 115 72 end
1747 902 17 76 i
1783 922 89 60 an-

200 999 114 76 dre
346 992 328 103 Tilfælde,
730 997 208 83 kunde
970 1017 168 62 være
1174 996 254 94 absolut
1458 995 340 98 fornøden.

936 1192 57 98 §-
1051 1219 114 56 21.

393 1326 134 84 De
567 1333 204 78 andre
811 1328 508 102 Tinglysninger
1361 1330 134 94 som
1521 1350 94 61 ere
1665 1333 207 78 omtal-

191 1434 63 77 te
294 1423 254 97 tz.og
566 1447 64 68 7.
666 1447 106 58 ere
788 1446 48 58 et
856 1424 270 96 befalede
1142 1445 72 64 ar
1246 1430 124 90 stal
1407 1426 343 97 fremføres
1778 1436 122 78 ved

190 1517 442 102 Oberrerren,
690 1545 80 74 og
812 1522 250 102 følgelig
1094 1527 124 80 kan
1244 1526 426 99 forbiegaaes.

927 1734 40 100 §
1025 1761 112 54 22.

385 1870 305 95 Opbud,
746 1874 156 70 vide
937 1872 37 98 §
1016 1897 26 48 i
1056 1899 62 52 o.
1149 1867 299 96 forrettes
1490 1875 47 78 ei
1572 1875 82 94 af
1669 1874 193 86 Ober-

188 1973 412 86 dommerne,
656 1973 174 76 uden
858 1968 102 92 for
987 1966 255 92 saavidt
1278 1978 76 76 de
1386 1976 330 78 udmelder
1735 1971 126 95 Op-

187 2059 546 98 budssmaendenm
792 2088 145 58 men
972 2087 133 74 paa
1136 2072 183 92 nogle
1370 2068 265 83 Steder
1664 2078 119 72 ved
1820 2078 75 74 do

189 2162 320 80 ordinaire
567 2161 622 100 Skifteforvaltere,
1261 2172 142 72 eller
1447 2177 240 83 andre,
1757 2164 140 94 som

187 2260 181 79 dertil
407 2258 343 82 ordineres.
857 2258 325 99 Spørger
1239 2282 201 62 man:,
1503 2265 203 83 kunde
1767 2264 129 78 ikke

190 2354 634 94 Skifteforvalterne
860 2363 244 72 overalt
1138 2374 236 78 antage
1410 2358 266 97 Opbud
1696 2382 80 76 og
1796 2362 72 76 be-

198 2454 236 91 handle
454 2452 264 86 Boen?
772 2452 146 84 Da
946 2468 168 65 troer
1142 2451 98 99 jeg
1272 2454 106 94 jo;
1450 2457 90 94 thi
1584 2457 314 97 Opbuds

188 2547 297 99 Deeling
525 2569 64 58 er
623 2555 106 72 der
766 2547 293 96 samme,
1114 2549 135 92 som
1307 2572 166 59 naar
1517 2559 108 74 der
1687 2558 206 80 deeles

187 2647 116 80 udi
331 2668 74 56 en
447 2632 364 95 Srervboe
861 2646 274 81 imellem
1189 2645 486 101 Creditorerire,
1751 2658 144 74 eller

185 2741 229 95 ganske
471 2748 697 90 overeensstemmende
1225 2750 143 74 med
1411 2749 193 72 Fallit
1647 2747 249 85 Boers

184 2839 336 97 Deeling,
572 2839 136 92 som
737 2841 152 91 skeer
924 2847 120 74 ved
1072 2841 428 97 Øvrigheden
1518 2851 140 74 eller
1692 2842 186 98 Skif-

188 2935 489 96 teforvalteren;
710 2936 295 95 hvorfore
1044 2959 77 76 og
1148 2937 569 85 Overdommerne
1736 2944 17 76 i
1772 2948 119 76 den

185 3033 172 96 Fald
389 3034 210 81 kunde
623 3033 414 99 forbigaaes;
1089 3055 148 61 men
1269 3052 72 64 at
1361 3038 264 95 Opbud
1647 3041 18 76 i
1681 3038 212 84 Loven

187 3151 66 58 er
291 3130 282 97 indført,
629 3149 72 64 at
727 3131 122 91 stal
873 3131 126 94 skee
1033 3133 68 78 til
1127 3131 444 100 Oberretten,
1605 3155 168 61 troer
1789 3144 104 90 sig

186 3249 160 59 maa
377 3230 161 86 have
567 3231 95 92 sin
709 3229 383 90 Oprindelse
1124 3227 76 96 af
1222 3238 72 76 de
1347 3230 541 102 Tinglysninger,

186 3323 134 92 som
346 3326 412 97 sammesteds
792 3320 120 102 har
936 3330 80 92 sit
1034 3327 132 82 Løb
1184 3347 132 79 paa
1336 3326 114 98 frit
1468 3331 418 99 Jordegods,

978 3422 65 89 C
1092 3445 53 72 4
1660 3451 133 77 paa
