2768 4470
1753 443 96 78 -7

125 649 220 100 Weie,
397 653 136 96 han
577 651 124 80 kan
747 645 344 94 informere
1137 647 492 94 Ungdommen,
1699 645 136 94 han

129 783 126 82 kan
301 783 260 90 forelene
609 785 232 98 Penge
901 793 142 70 med
1093 799 70 64 at
1213 781 228 94 strive,
1531 779 128 100 han
1715 777 126 82 kan

131 923 420 76 konditionere
587 923 20 74 i
651 937 56 60 et
739 923 140 74 eller
925 925 194 72 andet
1163 915 254 98 Huns,
1475 913 336 82 Lieutenan-

129 1061 100 66 ten
267 1057 292 72 derimod
595 1073 158 56 maa
793 1071 78 76 og
905 1051 119 78 bar
1069 1051 186 76 nøies
1301 1057 140 66 med
1477 1047 92 92 sin
1615 1043 228 94 Gage.

125 1181 302 90 Dersom
465 1195 106 68 der
615 1197 202 82 endog
863 1205 120 56 var
1015 1181 108 90 saa
1155 1183 144 76 lidet
1345 1199 80 74 og
1457 1177 388 94 ubetydeligt

129 1323 122 70 ved
293 1313 330 94 Tieneften
677 1333 68 58 at
799 1311 292 94 forrette,
1147 1329 66 60 at
1261 1331 158 58 man
1455 1309 200 78 kunde
1693 1311 150 92 sige,

131 1447 130 90 han
291 1451 216 88 giør-de
545 1451 102 90 siet
677 1449 176 86 intet,
907 1441 110 94 saa
1053 1445 198 78 burde
1295 1451 164 86 dog,
1513 1437 218 94 efterdi
1775 1441 68 78 al

121 1575 310 96 Lejlighed
453 1581 70 78 til
557 1599 130 72 paa
719 1597 208 74 nogen
951 1587 210 68 anden
1181 1573 556 96 ffkkeligMaade
1771 1585 72 66 at

121 1707 294 98 erhverve
451 1713 74 94 sit
549 1713 208 82 Brod
791 1737 62 54 er
883 1709 154 102 ham
1071 1711 300 92 betagen,
1431 1705 174 100 hans
1633 1703 180 90 Tids-

117 1835 188 102 spilde
337 1847 152 84 ham
519 1851 356 88 gotgiores.
953 1845 138 80 Alle
1109 1839 164 82 Love
1305 1841 274 94 bevilger
1611 1847 120 72 det.

285 1965 92 90 At
413 1969 152 100 gifte
613 1975 90 92 sig
745 1997 154 56 maa
933 1993 202 78 meget
1167 1971 112 94 faa
1303 1967 350 102 Officierer
1683 1989 126 64 tæn-

121 2101 68 80 ke
243 2125 168 78 paa;
475 2105 90 98 thi
617 2117 120 70 den
783 2107 132 90 som
975 2105 124 82 ikke
1145 2101 126 84 kan
1319 2123 144 76 tage
1513 2127 74 56 en
1641 2103 198 82 Kone

117 2229 230 102 førend
395 2237 132 96 han
577 2257 66 62 er
683 2257 82 76 4,
829 2241 44 72 6
929 2241 68 78 til
1063 2251 40 72 8
1157 2259 80 72 og
1279 2233 330 100 fyrgetyve
1665 2239 170 98 Aar,

115 2379 170 70 kroer
339 2373 94 88 jeg
467 2371 142 94 giør
661 2371 124 96 best
831 2373 18 76 i
885 2389 70 60 at
989 2377 140 72 lade
1175 2379 100 66 det
1321 2369 184 80 blive.

313 2503 144 78 En
503 2505 314 94 Officier
863 2525 174 54 maa
1077 2503 144 78 ikke
1271 2501 178 100 gifte
1507 2497 142 106 sig,
1707 2503 126 96 sig«

119 2633 206 90 nogle.
435 2631 172 80 Men
643 2631 66 96 I
745 2645 158 82 gode
929 2631 286 98 Herrer!
1271 2631 134 88 som
1445 2653 96 58 ere
1593 2631 78 96 af
1711 2645 122 70 den

119 2759 266 92 Tanke,
447 2761 178 94 hvad
663 2763 156 82 Ont
851 2765 148 94 giør
1031 2767 106 92 vi,
1185 2779 72 62 at
1287 2763 66 96 I
1401 2765 90 78 vil
1537 2761 264 98 fradøm-

115 2911 100 60 me
237 2901 78 68 vs
351 2899 118 70 den
497 2893 230 92 sødeste
761 2891 80 98 as
855 2901 114 74 alle
991 2893 312 98 Timelige
1321 2891 510 102 Lyksaligheder?

273 3039 66 98 I
397 3039 252 90 svarer:
733 3041 138 82 En
919 3041 318 100 Officier
1291 3043 138 80 kan
1479 3065 186 80 gase
1733 3049 92 78 ril

113 3177 344 100 Skinger.
517 3219 130 14 -—
701 3175 166 80 Min
911 3175 206 80 Gud!
1167 3177 96 96 jeg
1311 3181 90 76 vil
1445 3181 50 76 el
1537 3185 120 76 tale
1711 3203 112 60 om

115 3307 510 96 Ugudeligheden
693 3309 22 76 i
775 3315 162 72 dette
997 3309 254 90 Svar;
1335 3331 142 58 men
1539 3317 284 96 alleneste

117 3437 252 100 spørg«:
413 3463 108 60 om
555 3457 186 82 noget
773 3437 700 104 fornuftigtMennesse
1503 3445 122 82 kan
1657 3449 164 94 sætte

925 3573 92 88 B
1749 3603 78 60 en
