2861 4484
1135 600 133 88 De
1311 597 161 96 sige,
1523 610 71 64 at
1633 594 219 95 Rang
1881 590 507 99 Forordningen
2415 607 69 64 er
2527 586 131 84 ikke

920 741 304 80 indrettet
1258 726 154 97 efter
1442 725 450 86 Embedernes
1924 724 418 96 Vigtighed,
2398 745 84 76 og
2522 722 132 84 De

922 873 129 96 har
1064 868 165 82 Rer.
1312 857 307 92 Dersom
1654 876 159 60 man
1846 857 321 93 betragter
2184 856 305 100 Præsten
2518 854 139 90 som

921 994 458 94 Sielesørger,
1431 997 88 72 da
1561 996 154 70 veed
1755 988 98 95 jeg
1899 989 52 76 ei
1983 1005 70 64 at
2097 988 172 90 finde
2301 987 242 100 Plads
2579 986 76 80 til

917 1135 163 96 ham
1117 1130 19 74 i
1175 1121 797 98 Rang-Forordningen;
2027 1120 91 94 thi
2149 1144 75 56 en
2255 1122 217 81 Siels
2489 1119 137 81 Sa-

916 1263 214 100 lighed
1174 1273 358 76 overgaaer
1570 1258 120 72 alle
1722 1250 320 101 Timelige
2096 1254 348 98 Fordeele;
2506 1272 148 60 men

911 1397 102 98 jeg
1055 1398 92 76 vil
1195 1388 188 82 ikkun
1435 1385 176 89 ansee
1656 1384 161 98 ham
1868 1383 137 94 som
2058 1386 451 95 Sædelærer,
2571 1404 84 76 og

913 1533 216 76 endda
1161 1526 210 96 gierne
1401 1519 286 96 tilstaae,
1745 1533 72 64 at
1847 1519 134 92 han
2027 1541 68 59 er
2131 1518 232 100 ligesaa
2397 1520 254 92 værdig

908 1683 82 62 en
1028 1661 234 79 Mand
1310 1653 132 92 som
1492 1669 74 60 en
1612 1648 366 99 Capitain,
2042 1652 252 94 hvilken
2346 1653 134 86 De
2524 1652 128 94 har

908 1793 100 92 sat
1036 1793 156 97 ham
1228 1790 18 76 i
1278 1784 271 95 Ligning
1598 1788 182 86 med,
1834 1805 83 74 og
1968 1783 99 97 jeg
2118 1784 124 96 har
2292 1785 124 80 ikke
2460 1787 190 92 heller

909 1922 258 85 mærket
1225 1927 250 84 andet,
1553 1924 120 70 end
1733 1932 70 64 at
1867 1915 156 98 ham
2069 1918 20 76 i
2155 1924 124 74 alle
2343 1917 308 96 skikkelige

907 2052 449 96 Sælffaber,
1465 2051 167 96 hvor
1717 2048 499 84 Ceremonieller
2307 2047 127 82 ikke
2525 2048 127 96 har

906 2185 236 89 Sted,
1232 2184 188 94 gives
1484 2197 56 62 et
1604 2180 400 97 besynderlig
2062 2178 298 98 Fortrin.
2536 2178 116 86 En

904 2314 327 99 fornuftig
1280 2313 283 98 Officier
1608 2312 295 94 ansætter
1938 2314 217 94 aldrig
2196 2314 77 90 sit
2310 2311 343 84 Embedes

901 2449 474 100 Forretninger
1421 2449 212 94 høiere
1681 2452 122 72 end
1845 2451 74 70 de
1973 2442 346 96 virkeligen
2375 2465 138 74 ere,
2565 2466 82 76 og

901 2583 139 92 han
1091 2582 121 76 bor
1263 2587 207 86 endog
1513 2575 105 96 for
1657 2578 95 92 sin
1807 2593 153 78 egen
2003 2574 223 82 ZEres
2265 2575 239 96 Skyld
2561 2576 59 80 ik-

900 2713 70 78 ke
998 2715 176 94 giore
1210 2720 138 79 det;
1430 2709 96 98 thi
1574 2716 120 72 den
1746 2706 132 94 som
1926 2727 160 60 ærer
2136 2708 88 96 sig
2264 2708 162 97 selv,
2482 2719 170 72 dens

898 2838 180 88 Ære
1135 2860 68 62 er
1238 2844 175 78 intet.

1105 2974 144 98 Jeg
1285 2976 124 93 har
1443 2973 212 91 altsaa
1689 2974 18 78 i
1739 2970 372 99 Henseende
2143 2972 72 78 til
2253 2970 362 85 Sammen-

898 3109 330 96 ligningen
1274 3103 80 96 af
1376 3105 348 98 Præstens
1770 3127 82 74 og
1898 3103 452 95 Capitainens
2396 3105 248 101 Rang,

898 3241 156 78 intet
1080 3240 176 76 imod
1300 3236 243 99 Dem;
1598 3256 146 60 men
1786 3257 172 60 naar
2000 3237 132 87 De
2186 3244 166 73 taler
2404 3261 110 60 om
2570 3248 78 74 de

901 3379 98 76 vel
1029 3374 570 94 proportionerede
1627 3366 474 105 Indkomster,
2165 3384 172 69 troer
2375 3369 144 102 jeg,
2569 3388 78 68 at

2503 3503 139 93 De
