2788 4463
799 641 112 73 der
941 642 90 72 da
1075 636 100 78 vel
1219 652 66 61 er
1323 633 240 94 tilbage
1609 630 102 98 for
1763 634 158 96 ham
1973 647 70 66 ak
2085 633 168 94 havs
2299 648 116 84 gok
2447 630 90 100 af

797 763 172 83 Livet
1017 768 68 76 i?
1189 762 198 85 Skal
1445 767 132 94 han
1623 770 322 92 endeligen
1995 785 170 62 være
2215 773 190 75 dømt
2455 768 76 82 til

794 896 452 98 Elendighed?
1350 897 206 98 Hvor
1588 918 236 76 mange
1874 919 98 59 ere
2018 907 110 72 der
2170 897 160 97 ikke,
2388 898 138 92 som

792 1035 218 89 aldrig
1044 1048 290 74 opnaaer
1366 1039 118 70 den
1516 1027 228 101 Lykke,
1804 1052 108 60 om
1942 1031 98 96 jeg
2078 1031 112 92 saa
2230 1031 126 95 stal
2386 1030 108 86 kal-

790 1169 75 72 de
898 1170 135 82 det,
1092 1180 81 76 og
1214 1162 175 95 hvad
1430 1181 245 78 gavner
1708 1172 101 72 det
1846 1170 145 75 dem
2022 1173 129 86 da,
2212 1184 71 62 ar
2332 1176 189 72 deres

785 1293 502 86 Commandeur
1329 1299 140 76 eller
1513 1295 248 95 Oberst
1813 1296 120 94 har
1981 1303 160 88 gode
2181 1299 310 98 Indkom-

785 1429 120 94 ster
927 1430 32 76 ?
1061 1426 184 82 Mon
1283 1425 122 80 ikke
1449 1447 74 56 en
1569 1428 128 94 stor
1741 1426 322 97 Mængde
2115 1431 20 78 i
2171 1441 186 73 deres
2403 1432 90 84 Al-

782 1565 272 73 derdom
1086 1556 122 98 har
1240 1555 264 98 Aarsag
1550 1572 70 66 at
1672 1560 162 96 sige:
1890 1558 122 83 Vi
2052 1561 140 96 har
2244 1565 122 97 for
2408 1586 78 60 m-

778 1707 108 62 rer
916 1690 198 98 slebr.

984 1822 143 96 Jeg
1160 1833 151 68 veed
1358 1827 139 92 vel,
1548 1838 69 64 at
1662 1826 177 76 imod
1888 1828 163 77 dette
2088 1825 125 82 kan
2248 1829 237 83 indven-

777 1957 162 91 des,
993 1968 70 64 at
1099 1974 158 59 man
1287 1957 198 96 ogsaa
1515 1955 530 95 seerCapitainer
2077 1957 242 97 iblant,
2371 1962 142 90 som

777 2105 98 60 ere
913 2088 322 95 temmelig
1263 2109 208 76 unge,
1527 2109 82 77 og
1639 2094 266 76 allerede
1941 2093 200 92 haver
2171 2087 314 101 Compag-

774 2219 138 91 nie,
971 2214 231 98 hvilket
1232 2217 196 98 ogsaa
1470 2239 62 60 er
1567 2220 179 102 fam;
1798 2244 146 59 men
1977 2223 109 94 saa
2118 2240 204 80 meget
2365 2234 117 70 des-

772 2365 244 81 værre;
1068 2350 92 92 thi
1194 2358 264 73 derover
1492 2351 124 98 har
1648 2374 284 76 mangen
1966 2379 74 56 en
2060 2364 294 91 gammel
2384 2366 102 76 vel-

770 2477 268 98 forriem
1070 2478 374 87 Lieutenant
1474 2504 276 62 maattet
1778 2490 178 97 miste
1976 2497 124 74 der.
2216 2493 294 99 Herpaa

769 2611 126 81 kan
913 2612 246 96 svares,
1181 2631 72 64 at
1269 2619 140 94 fligt
1431 2617 180 92 reiser
1631 2622 88 94 sig
1745 2616 78 98 af
1835 2642 74 58 en
1931 2623 264 82 Uorden
2213 2627 16 78 i
2253 2627 226 97 Krigs-

767 2747 266 96 standen
1069 2744 160 99 selv,
1285 2775 82 74 og
1401 2749 120 84 bør
1555 2752 126 82 ikke
1723 2766 188 86 rages
1961 2759 20 76 i
2013 2755 490 101 Betragtning,

769 2877 167 102 hvor
971 2888 107 72 der
1115 2886 283 95 aileneste
1447 2894 169 73 tales
1659 2910 105 58 om
1809 2888 359 98 Forholder
2219 2893 277 79 imellem

766 3021 122 73 den
918 3036 80 74 og
1028 3024 202 77 andre
1260 3019 326 86 Stender.
1708 3018 134 82 Lad
1874 3033 80 68 vs
1990 3019 249 94 der-sove
2272 3026 198 92 tilside-

766 3147 168 92 sætte
982 3146 530 101 Land-Etaten,
1568 3148 100 96 for
1710 3152 114 94 saa
1870 3160 232 93 længe,
2174 3179 80 75 og
2298 3164 198 78 allene

765 3299 148 78 agre
941 3295 162 82 Paa
1147 3282 508 100 Soe-Etaren,
1715 3286 162 96 hvor
1915 3297 98 72 det
2059 3311 202 74 gaaer
2305 3296 190 92 meest

767 3424 402 96 vrdemligen
1217 3421 114 100 kil;
1411 3427 110 78 lad
1569 3432 82 74 os
1705 3420 124 100 see,
1899 3444 112 61 om
2059 3433 110 74 der
2215 3423 124 83 ikke
2393 3446 102 62 ere

2285 3550 207 108 Capi-
