2801 4464
915 431 100 74 34

913 625 162 96 ding
1137 621 22 80 i
1221 615 260 98 Lasters
1547 607 594 100 Vedligeholdelse.
2335 609 170 88 Der
2559 631 100 66 ere

911 749 396 102 Spillehuse
1349 765 80 76 og
1479 753 76 74 de
1597 745 114 92 saa
1755 743 258 80 kaldede
2044 726 399 115 Contoiret-!
2493 745 164 96 hvor

913 889 468 92 Ungdommen
1433 881 188 80 laber
1671 879 276 98 Penge,
2009 875 336 98 Helbred,
2399 877 262 84 Sæder

913 1013 528 98 Samvittighed
1489 1035 82 74 og
1617 1017 136 94 alt;
1805 1015 112 74 der
1971 1009 128 78 kan
2165 1029 160 60 man
2379 1011 278 92 sindede

915 1151 318 82 Stender
1269 1147 132 94 som
1433 1155 146 70 med
1619 1145 188 78 bedre
1849 1141 164 98 Føie
2061 1137 300 100 fortiener
2409 1165 72 58 ar
2525 1143 104 86 kal-

909 1291 122 74 des
1077 1289 78 74 de
1199 1283 334 76 tærende.
1677 1277 316 92 Maastee
2053 1283 106 74 der
2201 1281 96 76 alt
2347 1275 102 96 for
2495 1279 162 94 store

907 1415 216 86 Antal
1167 1413 78 98 af
1297 1407 902 102 Brændeviins-Handlere
2255 1409 128 82 kan
2439 1417 216 90 leggeS

909 1549 78 82 til
1039 1551 168 76 med.

1071 1733 420 100 Fremdeles:
1547 1731 136 96 som
1735 1727 388 92 udarmer
2179 1731 128 96 hele
2335 1729 318 102 Europa,

909 1873 276 94 (nemlig
1239 1881 146 70 med
1441 1873 94 96 sin
1603 1871 376 98 Mængde.)
2105 1869 94 84 At
2269 1879 108 74 der
2433 1875 20 72 i
2507 1873 110 84 Eu-

909 2023 218 74 ropa,
1187 2017 74 66 ar
1306 2001 357 104 forsaaes
1643 2003 22 82 i
1719 2003 132 96 hele
1905 1999 284 98 Europa
2245 2003 374 92 sammenbe-

913 2149 264 80 regnet,
1233 2133 228 96 holdes
1519 2131 102 96 for
1673 2153 234 78 mange
1933 2131 356 98 Krigsfolk
2357 2139 296 90 istaaen«

915 2275 76 70 de
1049 2265 242 94 Sold,
1343 2263 126 80 kan
1525 2265 124 78 nok
1701 2287 190 60 være.
1997 2265 176 82 Men
2213 2267 154 96 hvis
2405 2265 246 96 Skyld

915 2419 68 60 er
1035 2401 158 76 det?
1245 2397 186 82 Mon
1487 2405 102 74 det
1641 2419 66 62 er
1769 2397 540 96 Krigsmagtens
2365 2405 158 88 egen
2573 2401 52 74 el-

915 2537 90 76 ler
1061 2529 608 98 Regeringernes?
1747 2529 466 98 Krigsfolkene
2269 2529 122 90 selv
2447 2527 204 98 havde

913 2679 174 68 mere
1139 2661 220 96 Nytte
1413 2659 80 96 af
1527 2679 74 64 ar
1657 2679 170 62 være
1879 2663 216 94 færre;
2177 2659 94 98 thi
2327 2657 110 94 saa
2495 2659 124 82 kun-

911 2799 82 78 de
1043 2801 76 74 de
1175 2795 214 80 baade
1441 2799 234 76 lønnes
1745 2813 82 78 og
1883 2803 190 86 agres
2143 2793 208 80 bedre.
2409 2793 240 80 'Man

913 2925 134 84 kan
1101 2933 120 74 end
1277 2925 128 80 ikke
1463 2927 164 98 kaste
1681 2925 322 94 Skylden
2055 2945 138 76 paa
2247 2929 120 76 alle
2415 2925 208 98 Regie-

913 3061 218 94 ringer
1191 3061 22 78 i
1265 3059 560 98 Almindelighed;
1937 3059 96 92 thi
2085 3045 212 120 naae
2341 3073 58 64 et
2469 3057 182 100 Rige

915 3191 146 96 giør
1135 3193 94 98 sig
1315 3189 436 98 formidabel,
1839 3195 210 78 nødes
2117 3197 104 72 der
2289 3189 364 98 Angrændr

911 3323 182 94 sende
1153 3325 74 82 til
1275 3341 72 64 ar
1393 3327 180 96 giøre
1627 3323 262 98 ligesaa.
1999 3321 162 90 Det
2213 3321 260 100 svagere
2523 3321 128 86 Ri-
