2809 4515
1673 437 105 80 77

74 683 67 60 ec
190 660 159 96 vist,
402 675 81 78 og
526 670 73 64 at
646 656 75 74 de
774 641 135 96 font
960 641 313 97 handlede
1324 645 111 74 der
1486 648 145 71 med
1668 641 121 78 vil«

79 801 76 70 de
215 792 162 78 blive
435 789 132 92 rige
629 804 64 58 er
763 777 274 97 ligesaa;
1105 797 148 59 men
1317 775 474 95 Spørsmaal,

82 921 106 98 fra
242 926 174 92 hvad
486 917 202 82 Kilde
748 915 170 80 vilde
976 918 188 70 deres
1218 907 410 96 Rigdomme
1678 907 114 96 fly«

82 1063 121 83 de,
280 1076 81 73 og
418 1051 191 96 hvem
674 1048 171 78 vilde
908 1044 149 77 tabe
1120 1050 105 71 det
1278 1041 131 92 som
1460 1050 77 68 de
1588 1039 207 82 vant?

87 1189 484 93 Spørsmaal,
643 1198 106 62 om
821 1175 122 82 ikke
1011 1178 118 72 den
1203 1175 214 92 største
1481 1172 182 86 Deel
1727 1167 78 96 af

87 1315 583 99 Haandværkerne
722 1312 166 78 vilde
932 1326 166 75 gaae
1150 1317 242 76 under,
1468 1326 80 74 og
1609 1305 189 82 Kon«

92 1469 122 78 gen
282 1450 246 76 komme
582 1448 74 74 til
716 1460 70 62 at
840 1439 174 93 miste
1068 1446 156 70 den.
1256 1439 202 82 Skat
1518 1438 134 92 fom
1720 1447 76 70 de

89 1601 90 60 nu
235 1582 18 78 i
307 1587 182 69 deres
533 1573 342 94 Velmagt
925 1576 166 91 yde?
1153 1570 482 97 Spørsmaal,
1687 1589 110 62 om

89 1713 281 95 Kongen
423 1707 123 80 ikke
615 1708 169 78 vilde
851 1705 167 78 blive
1085 1714 163 69 nødt
1295 1705 75 80 til
1423 1724 73 60 at
1549 1702 249 95 forhøie

92 1843 458 99 Paaleggene,
606 1834 102 88 for
760 1833 80 96 af
880 1843 74 72 de
988 1832 506 103 Tilbageblevne
1548 1852 72 62 at
1648 1833 148 94 faae

89 1973 386 94 Erstatning
549 1967 104 97 for
711 1976 100 72 det
887 1965 132 100 han
1077 1980 120 69 ved
1265 1981 72 68 de
1389 1967 406 101 Fragangne

89 2107 209 94 havde
351 2103 187 92 tabt,
609 2124 83 74 og
747 2119 109 60 om
911 2101 127 81 ikke
1093 2098 381 97 Dyrheden
1529 2097 269 96 derefter

90 2241 166 75 vilde
308 2236 150 95 stige
508 2237 22 76 i
586 2234 478 102 Proportion?
1136 2236 122 93 Og
1324 2233 474 94 Spørsmaal,

91 2390 172 59 naar
315 2388 74 60 en
441 2367 140 96 Feil
633 2388 256 78 engang
943 2387 64 58 er
1061 2366 308 96 begaaet,
1427 2384 108 60 om
1587 2374 98 69 det
1711 2375 86 70 da

91 2523 69 62 er
187 2504 111 92 faa
329 2508 105 74 læt
465 2515 69 64 at
563 2518 153 60 rette
759 2508 123 71 den
911 2501 165 92 iglen
1093 2502 35 74 ?

296 2724 207 89 Vore
572 2724 223 96 danske
854 2723 209 86 Vare
1126 2723 349 101 ere-dyrisk
1284 2735 193 89 dyre,
1548 2736 101 74 det
1732 2751 67 66 er

97 2859 182 101 fant;
363 2878 150 61 men
587 2860 122 76 kan
769 2868 72 67 de
923 2864 98 74 vel
1095 2874 168 64 være
1351 2866 248 78 andet?
1711 2877 84 74 da

92 2991 760 101 Haandværksmanden
898 3009 166 70 maa
1110 3000 150 86 dyrt
1306 2995 200 79 betale
1540 3004 72 74 de
1660 3123 107 103 Yde-

96 3230 358 127 MXW
94 3127 371 92 Materier,
552 3128 147 90 give
770 3126 125 93 sine
948 3123 293 83 Svenne
1296 3127 109 96 høi
1456 3128 169 97 Løn,
1698 3137 71 74 be-

99 3259 194 94 høver
335 3254 120 93 felv
509 3275 72 60 at
633 3255 220 79 trække
897 3277 76 56 en
1023 3254 274 101 skikkelig
1349 3259 270 99 Profit,
1691 3263 102 94 for

99 3409 71 62 at
207 3388 195 84 kunde
439 3393 161 91 leve,
660 3412 80 74 og
785 3385 453 102 Fabriquerne
1284 3395 218 83 tilmed
1542 3420 96 58 ere
1678 3419 86 58 an-

1606 3534 188 91 lagde
