2834 4497
988 573 107 81 te,
1150 549 418 99 Dispmerne
1602 547 336 96 ophævede
1970 567 78 77 og
2086 552 102 79 det
2206 547 206 87 Onde
2452 554 220 99 afstraf-

989 671 133 102 fet,
1179 673 322 97 udholdes
1535 691 80 77 og
1655 667 342 100 forlænges
2039 670 452 109 Processerne,
2535 678 148 95 hvor

990 813 160 66 yver
1184 814 277 85 mange,
1516 791 136 97 som
1692 809 96 68 ere
1820 790 265 100 fattige,
2140 777 126 101 M
2288 796 128 81 kan
2432 796 254 98 udholde

993 918 150 71 med
1189 910 279 98 Penge,
1523 911 184 83 indtil
1773 908 332 97 Sagerne
2163 913 256 82 komme
2475 916 64 78 til
2595 919 90 78 det

996 1017 239 102 Sted,
1296 1025 162 91 hvor
1506 1025 237 94 endelig
1798 1020 214 87 Dom
2058 1022 273 101 afsiges,
2402 1049 142 61 men
2580 1033 110 92 ofte

997 1147 164 65 maa
1197 1137 140 82 lade
1373 1136 87 93 sig
1485 1142 192 85 qvæle
1711 1141 142 80 eller
1875 1139 245 95 tvinge,
2153 1135 75 99 af
2247 1138 280 98 Mangel
2541 1142 118 81 ban-

994 1253 82 78 de
1112 1268 136 82 paa
1310 1245 290 96 Kræfter
1654 1269 79 76 og
1778 1246 369 103 Forstand,
2225 1274 78 79 og
2336 1259 118 77 den
2496 1254 160 81 blom-

991 1359 250 98 strende
1287 1361 519 99 Retfærdighed,
1885 1361 132 96 som
2047 1370 72 83 de
2157 1369 118 96 har
2329 1388 130 75 paa
2515 1374 168 76 deres

996 1477 233 100 Side,
1306 1481 387 99 henvisner,
1766 1502 77 78 og
1894 1490 180 92 nogle
2140 1488 289 85 derimod
2494 1483 162 96 tilsæt-

993 1609 61 72 te
1109 1597 297 99 anseelige
1459 1623 79 77 og
1603 1604 159 97 store
1829 1600 519 107 Bekostninger;
2417 1609 69 100 ja
2539 1627 119 80 nog-

992 1713 54 84 le
1088 1712 135 89 blot
1284 1736 79 76 og
1412 1723 201 82 allene
1654 1717 75 96 af
1756 1719 217 101 Frygt
2006 1722 99 96 for
2156 1743 75 65 at
2274 1730 163 83 blive
2470 1738 217 85 draget

989 1829 313 96 igiennem
1337 1840 73 78 de
1427 1857 235 79 mange
1683 1835 289 100 Retter,
2029 1838 131 94 som
2191 1849 187 80 deres
2404 1841 259 91 Evner-a-

985 1943 546 107 Partermaatte
1286 1971 245 67 maatte
1570 1956 181 94 finde
1792 1952 383 100 Fornøyelse
2212 1962 111 80 udi
2356 1979 73 66 at
2468 1961 225 83 trække

985 2061 201 95 dem,
1261 2075 145 81 tage
1441 2059 217 100 hellere
1693 2063 251 91 Skade
1989 2094 79 76 og
2105 2077 141 96 give
2279 2089 201 77 andre
2525 2088 141 99 For-

990 2175 217 94 delen,
1260 2184 121 74 end
1428 2175 131 92 som
1614 2186 75 79 de
1734 2177 185 99 fægte
1966 2193 223 84 derom
2230 2204 119 77 ved
2398 2201 289 105 Retten,

991 2305 84 79 og
1109 2306 135 76 paa
1273 2285 247 93 saadan
1537 2288 265 88 Maade
1835 2292 125 85 kan
1979 2319 235 78 mange
2233 2304 215 99 tvinge
2465 2321 223 97 andre,

992 2405 71 86 til
1090 2418 75 72 at
1194 2405 139 96 give
1358 2410 143 83 dem
1520 2415 125 94 det,
1700 2411 133 98 som
1868 2418 145 81 dem
2046 2421 209 101 aldrig
2274 2424 257 102 tilkom,
2584 2433 103 94 saa

993 2535 73 74 at
1105 2526 121 81 den
1255 2522 397 100 almindelige
1699 2521 523 115 Retfærdighed,
2277 2538 133 92 som
2459 2546 119 81 bor
2617 2569 65 67 at

994 2639 167 100 have
1176 2640 79 97 sir
1288 2637 129 85 Lob
1438 2641 205 84 iblant
1660 2651 119 81 alle
1816 2646 419 104 Mennesker,
2288 2664 233 86 derved
2548 2671 111 99 tils-

989 2755 270 104 desettes
1309 2780 79 76 og
1411 2760 155 90 Urer
1585 2766 181 96 gives
1781 2766 109 98 frit
1905 2771 147 87 Løb.

1140 2878 231 93 Dette
1418 2881 119 94 har
1590 2888 171 96 givet
1794 2894 127 97 mig
1960 2895 363 112 Anledning
2362 2919 113 97 en,
2547 2938 108 81 her-

987 2997 123 81 ved
1141 3011 73 65 ar
1259 3002 233 85 udlade
1523 3004 165 86 mine
1717 3003 293 107 Tanker,
2067 3038 137 75 paa
2227 3022 171 98 hvad
2421 3031 265 92 Maade

986 3111 103 102 jeg
1132 3132 251 69 meener
1412 3131 71 68 at
1518 3137 75 71 en
1624 3122 441 99 beqvemmere
2100 3159 75 76 og
2209 3145 312 98 nyttigere
2548 3156 113 85 Or-

987 3237 123 89 den
1139 3262 81 91 og
1253 3247 265 104 Gang,
1589 3254 21 84 i
1641 3249 287 108 Retten,
1998 3262 68 86 til
2125 3261 561 108 Tvistighedernes

2408 3383 183 93 End-
