2940 4504
1033 545 244 96 frygter
1289 537 104 98 for
1407 553 72 66 ak
1491 537 164 98 følge
1685 545 144 78 med
1849 535 368 100 til-Hestene
2427 539 162 98 fordi
2607 543 130 96 han

1037 643 294 90 mangler
1351 639 68 78 til
1445 643 70 76 de
1545 633 318 96 fornødne
1895 635 518 100 Bekostninger,
2485 647 138 72 eller
2661 663 76 72 og

1037 737 298 96 forinden
1349 735 210 82 Dom
1575 755 198 74 gaaer
1789 739 116 74 ved
1923 733 444 98 Landstinget,
2401 739 252 92 tvinges
2673 739 64 78 til

1039 849 74 64 at
1127 831 218 96 forlige
1367 831 298 98 Sagen;
1707 837 84 74 da
1807 839 108 72 det
1939 837 182 74 ellers
2139 835 124 78 ikke
2279 835 18 80 i
2313 837 86 92 sig
2415 833 118 92 selv
2551 855 62 58 er
2631 857 80 56 no-

1041 949 122 78 gen
1181 929 180 98 Sag
1379 937 140 72 eller
1537 929 316 94 medfører
1871 951 206 72 nogen
2093 931 204 98 Fare,
2353 931 100 96 for
2471 949 54 62 et
2541 933 170 80 urim-

1041 1029 232 96 melig,
1329 1029 242 96 uroelig
1617 1051 80 74 og
1743 1025 352 82 trættekiær
2135 1029 278 100 Hoved,
2487 1047 70 64 at
2603 1033 106 78 ind-

1041 1129 238 92 stævne
1299 1147 78 58 en
1401 1131 240 76 aldeles
1679 1125 368 96 urimmelig
2079 1147 80 74 og
2187 1129 368 78 aabenbare
2573 1143 136 64 uret-

1039 1223 224 96 færdig
1303 1223 180 98 Sag
1515 1225 68 80 til
1629 1223 456 96 Landstinget,
2153 1221 130 94 som
2345 1225 128 94 han
2511 1231 224 78 derved

1041 1321 234 84 tænker
1311 1339 72 64 at
1417 1323 218 98 tvinge
1681 1317 96 102 sin
1807 1321 432 92 uformuende
2273 1321 260 82 Comra
2551 1321 186 100 Part

1041 1423 74 80 til
1127 1437 72 66 at
1235 1417 256 102 forlige,
1547 1417 222 94 efterdi
1799 1439 170 62 naar
2001 1417 336 98 Parterne
2355 1411 250 106 forliger
2621 1425 122 92 sig,

1039 1519 114 92 saa
1185 1523 288 78 kommer
1511 1519 260 96 Sagen
1793 1519 206 94 aldrig
2015 1519 68 84 til
2109 1515 302 96 Eftersyn
2433 1543 76 72 og
2541 1517 165 97 Paa-

1033 1616 329 96 kiendelse,s
1417 1637 150 60 men
1587 1617 204 98 alting
1823 1615 324 96 henfalder
2189 1613 76 94 af
2287 1619 90 94 sig
2395 1615 134 94 selv.
2555 1615 182 86 Den

1033 1715 410 80 trættekiære
1465 1719 174 76 lader
1667 1719 104 76 der
1789 1711 206 94 altsaa
2027 1715 254 80 komme
2307 1735 90 58 an
2433 1737 164 74 paa,
2631 1735 72 58 en-

1033 1829 110 64 ten
1173 1817 106 76 det
1313 1831 200 76 gaaer
1541 1813 118 78 ilde
1705 1817 142 74 eller
1881 1815 134 88 vel,
2075 1831 76 74 og
2191 1813 380 92 imidlertid,
2629 1831 106 58 om

1031 1915 108 76 der
1167 1927 196 70 gaaer
1397 1915 138 88 galt
1565 1907 100 94 for
1697 1909 186 98 ham,
1939 1909 266 94 stævner
2235 1909 132 84 han
2405 1911 68 78 ril
2501 1909 206 96 Høye-

1027 2011 84 92 ste
1147 2005 174 98 Ret,
1373 2003 102 98 for
1527 2021 70 64 at
1629 2003 146 94 faae
1819 2003 404 94 Landstings
2243 2011 138 72 eller
2397 2004 342 96 Over-rets-

1024 2104 368 88 Dommen
1025 2105 368 86 Dommen
1425 2101 180 94 affin
1619 2097 246 98 Kraft,
1923 2123 80 72 og
2029 2121 108 58 om
2171 2101 136 94 han
2343 2109 84 74 da
2449 2101 124 80 ikke
2591 2109 108 74 der-

1031 2205 152 76 med
1219 2199 126 80 kan
1399 2201 214 92 tvinge
1675 2205 118 72 den
1849 2195 226 96 fattige
2121 2197 482 100 Contra-Parr
2657 2203 70 78 til

1033 2295 292 100 Forliig,
1377 2297 324 80 udebliver
1745 2299 130 92 han
1919 2299 144 76 med
2095 2293 494 100 Stævningen;
2617 2299 108 94 ja,

1039 2397 138 94 han
1209 2391 198 80 bliver
1445 2397 86 76 da
1562 2395 99 85 vel
2105 2411 146 60 men
2285 2389 110 92 saa
2439 2395 118 94 har
2597 2395 132 92 han

1033 2499 132 88 dog
1195 2487 180 94 fetaet
1409 2491 96 92 sin
1527 2487 215 84 Villie
1775 2487 292 94 fremmet
2115 2487 300 96 saavidt,
2485 2507 72 64 at
2599 2491 128 94 han

1035 2587 124 94 har
1191 2593 228 88 drager
1457 2591 122 76 den
1615 2591 212 74 anden
1857 2585 108 94 saa
1983 2591 182 90 langt
2193 2585 130 92 han
2349 2585 244 98 kunde;
2625 2593 104 74 det

1033 2687 126 92 har
1191 2685 102 78 vel
1323 2703 82 76 og
1431 2699 196 70 været
1685 2685 68 78 til
1801 2687 176 94 hans
2009 2703 154 74 egen
2195 2681 290 98 Skade,
2569 2685 20 76 i
2625 2691 104 72 det

1031 2781 138 96 han
1195 2781 118 92 har
1331 2781 166 94 giort
1513 2777 364 96 ufornødne
1893 2779 472 96 Bekostninger
2383 2801 76 74 og
2477 2779 218 82 Lands-

1029 2879 208 96 tinget
1281 2883 146 74 eller
1471 2875 438 84 Overrettens
1957 2877 210 84 Dom
2201 2883 286 74 desliden
2533 2897 192 60 maae

1023 2977 182 98 staae
1234 2977 121 91 ved
1393 2973 250 98 Magt,
1699 2995 144 58 men
1873 2979 102 76 det
2007 2973 324 94 bekymrer
2361 2973 128 92 han
2517 2975 90 92 sig
2627 2975 64 78 in-

1017 3087 100 68 tet
1149 3093 130 58 om.
1377 3069 106 94 Af
1511 3077 118 76 den
1673 3069 353 105 Aarsager
1963 3091 64 60 er
2075 3075 102 76 det
2211 3091 78 74 og
2329 3077 102 76 det
2459 3071 232 80 allerbe-

1021 3175 92 94 ste
1144 3167 102 92 for
1691 3187 70 64 at
1793 3175 70 76 de
1889 3167 321 95 saae-lige
2091 3167 112 96 lige
2243 3173 208 76 under
2489 3169 202 98 Høye-

1027 3273 92 94 ste
1139 3267 144 84 Ret
1333 3269 134 94 som
1521 3275 216 74 anden
1781 3265 344 98 Instanse,
2205 3263 162 96 hvor
2415 3273 124 76 den
2587 3265 132 92 som

1019 3369 298 98 irrettelig
1355 3373 142 80 eller
1533 3373 170 80 uden
1733 3365 250 100 Aarsag
2011 3363 182 98 søges
2231 3383 76 74 og
2337 3363 382 96 paabyrdeS

2547 3481 76 62 en
