2922 4477
1731 415 86 73 31

147 593 187 91 Bide
379 594 205 80 kunde
623 608 195 64 været
857 586 397 100 helbredede;
1305 603 143 67 men
1487 592 205 95 endog
1731 607 67 64 ta-

146 699 72 77 be
282 688 124 94 ofte
466 693 208 78 baade
728 691 292 97 Helbred
1082 711 80 74 og
1220 689 126 82 Liv.
1402 734 128 10 —
1580 688 254 87 Denne

144 794 296 94 skadelige
484 793 238 96 Slægt
764 786 294 96 fortiener
1102 797 72 72 de
1206 787 341 96 haardese
1582 785 232 94 Straf-

140 889 81 101 fe,
260 916 79 70 og
376 914 71 58 en
488 897 235 72 aldeles
758 885 387 97 Udryddelse
1186 885 107 94 fra
1334 880 501 104 Indvaanerne.

141 1024 129 49 sk-
313 988 66 102 I
431 984 230 101 forrige
709 983 222 93 Bider
971 988 280 78 brændte
1293 1006 158 58 man
1481 984 324 100 Hexekiær-

141 1094 234 94 linger;
429 1111 146 60 men
621 1095 84 74 da
745 1106 150 62 vore
927 1084 222 90 Tüder
1185 1103 94 60 ere
1319 1102 194 61 meer-:
1555 1091 274 88 oplyste;

142 1184 125 99 sa
295 1194 87 74 vil
423 1211 157 56 man
621 1193 99 74 vel
761 1188 205 94 sinde,
1047 1201 73 62 at
1163 1207 75 56 en
1279 1186 281 94 legemlig
1605 1177 237 100 Straf

142 1312 82 72 og
272 1281 558 104 Spindehuusene
874 1286 204 80 kunde
1140 1301 168 62 være
1358 1280 294 100 Tugtelse
1708 1283 124 80 nok

142 1383 102 99 for
294 1396 160 72 dem.

357 1482 259 103 Efterat
658 1485 99 94 jeg
800 1478 121 94 har
964 1497 299 80 opregnet
1326 1488 75 74 de
1460 1477 371 104 Personer,,

135 1581 134 95 som
329 1580 438 98 fornemmelig
847 1583 270 91 vanziire
1195 1581 634 94 Lægevidenffaben,

139 1692 140 72 eller
337 1688 18 76 i
413 1690 102 75 det
569 1684 260 95 ringeste
889 1676 338 96 fornærme
1307 1679 328 95 Lægerne,
1713 1679 116 88 saa

141 1805 193 59 mane
369 1784 99 94 jeg
505 1789 213 72 endnu
759 1796 147 64 røre
945 1780 151 78 lidet
1137 1783 119 70 ved
1299 1783 101 73 det
1445 1774 201 97 Tab,
1693 1773 137 94 som

136 1891 74 71 de
250 1904 166 72 unge
458 1879 432 82 Studerende
932 1898 80 74 og
1058 1881 102 74 det
1190 1875 422 95 Almindelige
1644 1893 182 78 tager

132 1988 118 74 ved
294 1988 160 74 dette
498 1979 304 98 Fufferie.

346 2076 205 84 Naar
596 2083 75 74 de
710 2075 437 81 Studerende
1188 2073 165 94 have
1392 2066 297 98 fuldendt
1748 2079 77 74 de

131 2179 400 95 betragtende
571 2175 214 86 Deele
831 2170 80 94 af
943 2172 620 94 Lægevidenffaben,
1607 2193 82 72 og
1709 2173 88 78 vil-

131 2285 48 72 le
229 2276 318 96 henvende
585 2277 92 90 sig
723 2278 70 74 til
833 2278 120 72 den
991 2275 386 89 udøvende;
1430 2264 111 96 faa
1595 2289 66 60 er
1717 2267 112 96 her

137 2376 229 79 ikkuus
412 2390 58 64 et
509 2371 219 84 Sræd
779 2372 23 78 i
841 2368 329 93 Staden,
1229 2369 167 94 hvor
1449 2374 199 76 denne
1701 2367 127 78 kan

130 2481 226 87 læres;
412 2475 230 90 nemlig
682 2468 364 101 Fciderichs
1086 2467 326 96 Hospital.
1520 2462 144 86 Alle
1698 2465 130 80 kan

130 2572 286 94 umuelig
462 2571 158 78 blive
684 2586 282 76 anragne
1004 2568 20 78 i
1063 2562 282 99 Tjenese
1402 2564 272 98 herved,
1740 2585 84 72 og

129 2677 122 75 den
295 2678 186 86 lange
520 2668 170 93 Ven
736 2665 107 95 fra
884 2664 369 86 Academiet
1291 2686 82 74 og
1420 2666 181 94 hertil
1643 2683 64 58 er
1745 2683 78 56 en

125 2769 342 99 Hindring
515 2765 102 94 for
675 2768 358 94 bestandige
1095 2760 478 101 Iagttagelser,
1633 2761 164 92 hvor-

123 2876 122 74 ved
305 2866 394 97 Erfaringen
759 2870 127 90 dog
967 2866 204 92 ffulde
1245 2859 398 97 forhverves.
1691 2901 132 14 —

122 2967 178 85 Den
338 2970 160 91 beste
558 2989 80 76 og
698 2963 450 95 beqvemmeste
1192 2963 298 89 Maade,
1548 2976 72 61 at
1682 2963 144 74 lære

124 3075 202 74 denne
374 3066 182 85 Deel
594 3063 80 98 af
708 3063 432 97 Lægekunsten
1182 3083 170 72 paa,
1398 3074 242 63 maatte
1672 3063 115 72 der-

123 3162 137 108 fore
306 3186 162 60 være
512 3173 234 74 denne:
800 3182 70 60 ar
910 3172 76 72 de
1024 3164 182 91 Unge
1232 3161 204 78 kunde
1466 3156 116 94 selv
1608 3161 210 76 under

123 3283 78 62 en
233 3264 318 86 DoctorS
597 3262 298 94 Anførsel
939 3258 220 99 besøge
1197 3265 74 76 de
1307 3257 226 99 Syge.
1585 3254 204 97 Hvor-

129 3361 138 102 fore
320 3364 156 97 skeer
521 3371 86 78 da
667 3365 122 82 ikke
837 3366 212 80 dette?
1129 3403 132 20 —
1341 3356 132 88 De
1525 3346 112 104 faa
1695 3355 120 80 ud-
