2872 4436
1757 425 88 68 19

941 201 28 34 *

159 623 74 82 ge
297 601 378 110 Stympere
747 601 202 94 ffulde
1025 597 240 96 ffyvles
1349 601 204 80 under
1623 595 220 102 Langs

159 701 482 104 Privilegierne.
765 697 186 84 Man
991 697 204 96 ffulde
1233 717 168 76 troe,
1447 717 70 62 at
1571 697 272 94 saadant

161 799 196 98 ogsaa
403 821 244 64 manne
685 819 168 62 være
905 797 446 100 fordeelagtigt
1393 795 104 98 for
1535 799 308 96 Lægerne,

159 923 166 58 naar
383 909 108 76 der
549 903 122 78 ikke
717 901 194 78 bliver
953 899 112 90 seet
1103 919 132 72 paa
1271 919 208 76 nogen
1523 901 322 92 medicinsk

157 1001 284 100 Politie;
509 1023 148 60 men
709 1021 160 58 man
925 999 258 78 mærker
1233 999 128 90 just
1397 1003 140 90 det,
1599 999 132 90 som
1775 1021 66 58 er

157 1099 387 90 tvertimod-,
609 1105 86 74 da
757 1103 118 76 den
937 1099 250 90 stetteste
1239 1097 174 94 Læge
1471 1093 126 90 ofte
1635 1101 208 92 finder

161 1221 198 58 meere
397 1195 292 96 Bifald,
733 1203 116 74 end
897 1203 120 72 den
1059 1195 172 94 beste.
1333 1193 338 94 Derfore,
1725 1197 116 94 saa

157 1303 210 90 nyttig
423 1297 330 96 Laugenes
815 1289 350 102 Afskaffelse
1221 1293 124 80 kan
1403 1315 166 62 være
1621 1295 104 96 for
1765 1305 76 72 de

155 1413 162 82 gode
357 1393 688 100 Handværksmestere
1103 1391 118 92 selv
1287 1417 80 74 og
1409 1401 202 76 andre
1649 1395 190 96 Folk,

153 1479 112 112 saa
307 1495 146 82 lidet
489 1517 62 56 er
589 1495 284 96 Lægerne
899 1515 80 72 og
1005 1499 118 72 den
1146 1492 430 101 menneskelige
1599 1491 244 98 Slægt

151 1599 156 78 tienr
367 1601 190 88 med,
601 1611 72 62 at
735 1601 104 72 det
881 1593 354 94 medicinffe
1277 1591 252 94 Væsen
1567 1615 66 58 er
1671 1601 174 76 uden

155 1693 264 100 Politie.

373 1795 234 92 Uagtet
665 1795 198 74 denne
917 1785 252 100 Politie
1219 1807 66 60 er
1325 1787 188 98 høyst
1553 1795 260 76 nødven-

151 1893 146 92 dig,
343 1889 110 94 saa
491 1911 64 56 er
595 1895 102 74 det
749 1895 126 86 dog
919 1887 374 94 aabenbar,
1335 1905 72 60 at
1447 1911 156 56 man
1647 1893 20 74 i
1713 1897 124 74 den

147 1995 340 76 udøvende
511 1985 356 96 Lægekunst
897 1987 284 92 umuelig
1223 1987 124 78 kan
1387 1987 234 96 kiende,
1667 2005 70 64 at
1771 1993 70 78 vi

147 2093 164 92 have
369 2107 208 76 nogen
629 2085 324 96 medicinff
1005 2083 250 100 Polirie
1315 2087 20 76 i
1395 2083 144 98 disse
1601 2085 240 98 Riger,

145 2193 90 76 da
287 2187 234 96 enhver
573 2185 322 86 Dosmer
961 2205 82 74 og
1083 2183 382 96 Stymper,
1541 2183 134 92 som
1717 2187 126 78 ikke

147 2287 122 92 har
327 2291 142 74 lært
525 2289 74 76 de
649 2283 192 94 forste
893 2281 290 84 Grunde
1241 2279 78 94 af
1375 2281 464 100 Lægekunsten,

149 2389 122 76 ved
311 2401 58 62 et
411 2383 386 94 ffammeligt
851 2379 330 96 Misbrug
1227 2379 376 96 ubchindret
1641 2403 80 76 og
1761 2405 45 57 u-

147 2476 252 102 srasef
445 2481 122 82 kan
621 2489 212 72 udøve
885 2477 272 96 samme,
1219 2501 80 72 og
1351 2477 250 98 ligesom
1653 2485 184 92 stiæle

147 2581 280 86 Brødet
461 2577 78 98 af
555 2579 314 84 Munden
893 2597 134 72 paa
1055 2583 74 74 de
1153 2583 338 76 udøvende
1517 2601 80 74 og
1621 2579 189 96 beskik-

145 2681 148 98 kede
331 2679 224 96 Læger.
655 2679 258 86 Denne
945 2675 332 98 Misbrug
1303 2699 62 58 er
1389 2683 126 92 det,
1553 2659 132 108 som
1711 2677 100 96 for-

147 2777 346 98 aarsager,
569 2795 72 68 at
713 2781 68 78 vi
847 2779 22 78 i
935 2775 372 102 Henseende
1365 2781 72 76 til
1499 2775 336 98 Rigernes

147 2877 352 94 Størrelse
539 2877 230 82 ikkuns
811 2877 164 98 have
1015 2875 116 96 faa
1163 2875 250 96 Læger,
1471 2881 88 76 da
1597 2877 238 92 samme

145 2979 458 96 tilbageholder
661 2999 82 74 og
809 2975 366 96 nedtrykker
1231 2981 74 76 de
1357 2973 478 84 Studerendes

149 3079 140 96 Lyst
333 3081 70 78 til
441 3077 628 98 Lægevidenskaben,
1129 3077 176 92 siden
1365 3081 76 72 de
1479 3071 356 102 formedelst

149 3183 200 76 denne
387 3181 258 78 Uorden
683 3197 96 62 ere
821 3181 22 76 i
883 3173 320 98 Uvished,
1241 3195 108 60 om
1389 3179 74 76 de
1501 3177 20 78 i
1561 3175 246 98 Fremti-

149 3281 124 80 den
329 3283 228 80 derved
613 3277 124 84 fan
793 3283 170 84 leve,
1029 3293 82 74 og
1165 3281 342 78 overvinde
1557 3281 74 80 de
1673 3279 160 94 store

899 3371 90 90 B
1031 3395 42 54 2
1687 3373 150 88 Be-
