2896 4437
1265 278 10 37 I

761 402 558 71 ==
1835 417 48 71 9

194 585 232 81 ikkuns
466 587 208 92 aarlig
718 584 196 98 høres
956 609 78 58 en
1074 592 70 76 til
1186 606 98 63 toe
1326 585 80 96 af
1436 591 162 81 dens
1648 587 236 99 Deele,

203 705 84 76 og
335 708 38 72 3
417 688 72 76 til
527 709 50 70 4
628 685 145 84 Aar
825 706 162 76 gaae
1042 687 167 93 bort,
1268 691 191 78 inden
1525 710 160 60 man
1741 698 146 74 med

203 789 122 75 alle
365 782 294 88 Deelene
697 783 288 84 kommer
1023 789 70 77 til
1129 786 226 97 Ende,
1397 795 88 74 da
1521 794 74 78 de
1637 796 128 93 dog
1801 796 94 76 al«

204 887 56 76 le
300 904 132 76 paa
474 910 40 49 2
543 885 145 84 Aar
727 886 205 79 kunde
976 907 82 74 og
1103 886 201 83 burde
1349 889 529 96 igiennemgaaes.

430 978 180 93 Den
652 981 488 103 Forhindring,
1190 984 134 96 som
1382 992 261 93 dernæst
1698 993 194 94 ligger

205 1083 22 80 i
271 1081 252 97 Veyen
563 1081 104 90 for
703 1084 320 84 Lærernes
1079 1084 388 104 Flittighed,
1523 1110 66 60 er
1641 1089 122 82 ikke
1823 1088 82 94 af

207 1185 254 79 mindre
497 1180 421 101 Vigtighed,
983 1207 81 74 og
1127 1186 229 97 visselig
1421 1187 198 83 burde
1659 1195 240 77 aldeles

206 1278 334 101 afffaffes,
602 1299 178 65 enten
820 1285 434 93 Universitetet
1308 1283 308 98 forbliver
1654 1289 20 80 i
1716 1289 151 81 Kie-

206 1380 829 182 bSenhqvn,-seler1vordee
610 1387 139 77 eller
806 1389 229 76 vorder
1098 1382 307 98 forflyttet
1460 1390 71 80 til
1590 1404 57 67 et
1704 1395 195 77 andet

211 1479 218 84 Sted.

435 1576 279 87 Skulde
749 1582 431 93 Universitetet
1241 1586 165 79 blive
1465 1586 313 94 forflyttet
1831 1590 71 76 til

208 1695 60 62 et
312 1682 248 76 mindre
606 1701 82 72 og
732 1680 426 92 beqvemmere
1180 1682 216 97 Sted,
1440 1683 112 95 saa
1596 1704 122 61 var
1754 1691 116 73 den-

210 1799 77 58 ne
332 1778 421 96 Forandring
792 1778 109 90 saa
944 1798 199 76 meget
1182 1802 195 65 meere
1416 1784 303 95 snffelig,
1762 1783 133 90 som

209 1883 106 74 der
359 1896 62 56 er
463 1874 316 96 bekiendt,
835 1878 162 92 hvor
1039 1897 234 77 mange
1317 1887 200 79 andre
1559 1883 310 80 uvedkom-

207 1980 225 74 mende
477 1970 177 99 Ting
713 1992 151 62 vore
905 1975 231 84 Lærere
1173 1980 21 78 i
1237 1978 511 101 Almindelighed
1795 1983 109 97 her

208 2075 24 76 i
274 2071 286 85 Staden
602 2091 96 61 ere
736 2075 350 80 indviklede
1118 2078 64 94 i,
1236 2078 132 91 som
1408 2077 308 90 fradrage
1758 2089 146 72 dem

206 2177 125 74 den
386 2173 401 95 nødvendige
824 2172 331 95 Rolighed
1200 2198 81 73 og
1322 2175 409 98 Eftertanke,
1790 2185 111 75 der

209 2265 362 97 udfordres
605 2275 68 76 til
711 2288 72 62 at
821 2272 184 92 holde
1045 2280 158 88 gode
1243 2274 536 99 Forelæsninger,
1823 2300 84 74 og

213 2376 149 71 med
399 2368 219 82 Raad
657 2388 79 76 og
777 2368 231 85 Daad
1051 2390 71 60 ar
1165 2392 159 74 gaae
1367 2379 73 72 de
1477 2374 431 84 Studerende

214 2469 72 78 til
310 2466 318 100 Haande,
672 2467 228 89 hvilket
928 2477 126 88 dog
1096 2472 204 92 ffulde
1334 2491 164 61 være
1540 2480 118 74 den
1702 2496 174 73 egent-

214 2569 121 90 lige
378 2586 81 74 og
502 2583 151 64 rette
688 2565 289 100 Hensigt
1014 2565 81 97 as
1126 2567 369 96 Stiftelsen.
1634 2570 137 99 Jeg
1818 2578 91 78 vil

213 2665 126 80 ikke
369 2668 272 88 opholde
671 2668 134 92 mig
847 2673 122 74 ved
1009 2673 76 75 de
1126 2668 361 96 theologiske
1517 2688 80 76 og
1621 2672 284 100 juridiffe

215 2763 275 84 Læreres
529 2761 549 101 Forhindringer,
1133 2766 131 94 som
1306 2787 94 60 ere
1445 2772 263 93 tydelige
1746 2774 150 98 nok,

208 2883 86 72 og
340 2864 164 86 have
548 2880 194 64 været
784 2870 104 77 det
952 2867 18 76 i
1014 2885 232 77 mange
1286 2865 186 95 Aar;
1544 2870 122 79 ikke
1720 2869 184 96 heller

213 2977 146 63 røre
389 2977 190 80 noget
627 2968 120 74 ved
789 2968 118 74 den
950 2963 255 100 Foragt
1241 2971 140 74 eller
1426 2965 467 101 Ringeagtelse,

219 3063 310 94 hvormed
569 3065 76 74 de
687 3060 436 85 Studerende
1165 3066 326 94 bestandig
1533 3086 94 60 ere
1673 3067 230 90 anseece

212 3155 82 94 as
329 3156 523 101 Professorerne,
902 3185 78 74 og
1025 3161 129 92 som
1182 3164 186 95 ingen
1412 3170 208 74 anden
1646 3167 254 84 Grund

220 3255 126 80 kan
392 3262 199 91 have,
636 3260 118 79 end
798 3266 118 75 den
956 3261 484 97 Omgængelse,
1484 3270 108 74 der
1630 3266 120 79 kan
1786 3269 84 87 ha-

215 3365 118 73 ves
371 3356 22 82 i
433 3354 486 106 Kiøbenhavn,
963 3358 268 98 fremfor
1269 3383 132 74 paa
1459 3370 198 76 andre
1700 3363 169 84 Stæ-

392 3542 2 2 .
1095 3484 31 74 5
1767 3471 133 93 der,
