2930 4489
1054 298 87 73 24

968 455 25 87 i
1027 461 204 76 andre
1264 455 339 102 Maader,
1657 482 79 77 og
1773 485 168 62 naar
1974 472 119 78 den
2112 465 175 100 Rige
2313 472 50 78 ei
2392 471 121 83 kan
2534 470 149 99 faae

972 559 108 75 det
1106 549 154 97 efter
1285 551 294 104 Behag,
1632 562 233 96 vil-han
1736 563 129 96 han
1888 565 211 98 tvinge
2112 573 119 76 den
2262 567 257 101 Fattige
2538 580 143 74 med

975 647 309 101 Proceß,
1345 652 315 94 hvorover
1711 682 79 75 og
1837 682 235 78 mange
2107 685 157 62 maa
2319 668 113 81 lide
2477 672 205 80 baade

974 745 159 83 Uret
1154 770 77 73 og
1250 747 203 102 Tab;
1484 752 287 100 Kongen
1798 759 269 99 bevilger
2094 768 97 77 vel

1309 843 427 102 Beneficium
1783 864 419 91 paupertatis
2241 883 145 61 men
2437 869 103 77 der
2569 865 115 96 har

956 945 109 91 sin
1090 941 485 100 Vanskelighed
1618 945 101 99 for
1740 953 289 98 Kongen
2059 960 203 97 alrid,
2285 978 72 64 ar
2402 961 147 94 faae
2568 969 119 74 den

970 1054 158 65 rette
1141 1037 394 105 Oplysning
1558 1068 106 59 om
2394 1079 77 77 og
2488 1080 108 57 om
2613 1076 54 85 n-

966 1135 322 82 bekiendte
1301 1139 209 101 Ting,
1535 1142 131 93 som
1683 1148 187 101 ingen
1889 1149 127 81 kan
2037 1153 139 79 vide
2199 1151 237 95 tilfulde
2455 1153 205 90 Sam-

974 1235 417 99 menhængen
1414 1258 151 81 om;
1620 1250 177 76 uden
1840 1254 75 74 de
1946 1249 135 93 som
2110 1249 123 95 har
2256 1251 111 94 seer
2400 1251 287 98 Tingene

969 1331 21 79 i
1019 1334 89 95 sig
1139 1329 155 104 selv;
1353 1358 77 77 og
1471 1361 107 58 om
1609 1348 119 79 end
1757 1349 121 77 den
1915 1341 229 104 fattige
2177 1372 79 77 og
2305 1346 381 100 forurettede

966 1427 185 97 faaer
1182 1430 465 106 Beneficium,
1724 1439 111 94 saa
1872 1445 151 80 lider
2056 1445 135 94 han
2242 1453 125 91 dog
2408 1447 277 98 Ophold

966 1547 89 75 og
1096 1526 238 96 tilføjes
1363 1536 127 91 stor
1559 1538 345 99 Ulejlighed
1950 1564 79 74 og
2079 1541 454 103 Bekostning,
2586 1545 96 93 zja

964 1621 450 106 fornemmelig
1461 1633 293 86 kommer
1781 1643 105 77 det
1923 1646 209 76 endda
2163 1664 89 59 an
2283 1665 175 77 paa,
2495 1644 159 94 hvor-

966 1725 173 80 ledes
1182 1724 131 92 han
1344 1728 125 81 kan
1506 1728 145 94 faae
1690 1738 97 93 sin
1828 1734 181 100 Sag
2040 1742 205 95 oplyst
2290 1748 141 76 eller
2470 1740 215 97 beviis

965 1838 83 76 og
1087 1806 279 114 udført,
1425 1847 77 75 og
1543 1849 109 61 om
1689 1834 131 93 han
1869 1830 183 95 faaer
2113 1829 147 91 Rer
2311 1846 139 75 eller
2483 1840 199 96 Urer,

960 1914 221 94 efterdi
1228 1925 103 75 det
1364 1942 65 63 er
1464 1907 109 109 faa
1612 1935 145 76 med
1806 1936 71 76 de
1926 1934 203 96 fleste,
2184 1951 73 64 at
2294 1940 73 74 de
2404 1936 127 79 ikke
2564 1935 119 92 selv

961 2013 127 81 kan
1114 2012 236 97 udføre
1393 2027 183 76 deres
1603 2023 221 100 Sag,
1880 2049 80 75 og
1983 2028 257 96 benytte
2273 2033 88 95 sig
2392 2033 78 93 af
2497 2040 183 74 deres

861 2168 26 20 ..
959 2130 156 74 egne
1140 2112 256 99 Øyne,
1451 2137 150 62 men
1657 2144 194 60 mane
1904 2111 239 96 Settene
2181 2132 89 93 sig
2319 2128 75 95 af
2435 2140 245 73 andres

960 2205 333 99 Forstand
1328 2232 79 75 og
1448 2213 403 105 Intention,
1922 2221 169 94 samt
2124 2222 85 92 see
2256 2234 143 75 med
2434 2236 245 73 andres

963 2289 229 115 Hine,
1251 2329 79 75 og
1359 2331 167 59 naar
1565 2313 329 92 saadanne
1951 2319 119 95 har
2117 2323 173 95 flette
2333 2322 319 101 Procura-

962 2413 221 81 tores,
1236 2401 137 96 som
1408 2424 185 68 enten
1628 2432 95 61 ere
1752 2415 413 99 vankundige
2198 2423 141 77 eller
2374 2425 301 94 paruffe,

961 2495 113 97 saa
1113 2520 97 60 ere
1241 2507 75 74 de
1365 2504 117 82 ilde
1513 2504 201 95 farne.
1819 2512 133 85 De
1983 2514 535 102 Rige,derimod,
2547 2521 133 94 som

963 2616 100 61 ere
1099 2600 338 99 retsindige
1473 2626 77 75 og
1594 2607 430 100 behjelpelige,
2080 2595 351 114 forurettes
2463 2639 79 75 og

970 2708 268 69 caneres
1270 2696 125 94 ofte
1435 2701 280 102 uskyldig
1748 2708 127 83 viis
1904 2705 79 95 af
2006 2716 73 75 de
2114 2711 307 101 Fattige,
2468 2716 209 82 iblant

963 2789 203 89 hvilke
1199 2796 217 95 findes
1457 2821 269 82 mange,
1781 2803 135 95 som
1951 2805 279 96 besidder
2269 2828 205 79 meget
2505 2816 171 93 flette

960 2887 405 107 Gemytter,
1422 2895 149 84 idet
1612 2918 71 64 at
1702 2922 169 61 naar
1924 2909 121 77 den
2078 2907 175 98 Rige
2284 2912 117 84 har
2428 2914 215 90 assiste-

957 3005 99 64 rer
1105 2993 119 78 den
1259 2991 305 101 Fattige,
1623 3020 79 76 og
1751 3000 161 90 igien
1945 3004 87 78 vil
2085 3005 161 87 have
2281 3005 391 101 Rigtighed,

917 3081 150 104 ’faa
1111 3107 200 75 gaaer
1376 3096 101 76 der
1536 3076 133 113 som
1716 3097 409 100 Ordsproget
2198 3109 205 90 lyder:
2482 3106 193 89 Man

958 3187 226 77 laaner
1219 3189 96 94 sin
1349 3188 175 85 Ven
1578 3217 79 75 og
1694 3196 238 81 kræver
1982 3200 95 94 sin
2120 3202 223 98 Uven,
2416 3209 85 79 da
2554 3209 119 75 den

959 3277 307 108 Fattige,
1323 3308 169 68 naar
1523 3288 131 97 han
1673 3292 121 103 skal
1827 3295 255 101 tvinges
2111 3300 67 86 ril
2211 3317 71 71 at
2313 3300 359 102 giøreRig-
