2941 4506
1713 412 83 66 43

196 593 77 61 en
304 576 419 98 unødvendig
742 596 77 77 og
850 573 219 97 syndig
1096 572 215 100 Sag,
1345 577 185 94 srax
1550 581 139 76 eller
1718 584 169 77 uden

201 673 208 81 videre
435 678 384 70 Procedure
849 677 124 82 kan
999 668 344 101 forhielpes
1381 676 70 78 til
1483 679 94 92 fm
1607 675 174 97 Ret,
1813 700 78 73 og

201 775 125 76 den
357 771 285 84 derimod
679 772 131 94 som
883 769 153 95 viser
1075 774 89 93 sig
1217 753 111 110 saa
1385 770 381 102 formastelig
1818 797 80 74 og

202 867 364 96 ffammelrg
600 886 70 64 ar
700 870 132 96 han
862 871 358 95 indstevner
1244 891 78 59 en
1345 872 526 84 aabenbar-Mer-

200 963 230 96 fakrdig
456 965 225 97 Sag,
735 966 128 87 kan
892 968 162 84 bleve
1090 965 353 101 saameget
1239 986 206 78 meger
1475 969 306 96 haardere
1812 969 78 104 af-

204 1060 146 94 klap
489 1081 77 76 og
601 1068 371 92 mnlctem,
1029 1060 153 96 efter
1211 1067 95 92 sin
1351 1066 371 98 Omgangs
1757 1068 119 85 Be-

204 1157 374 96 ffasfenhed.
696 1156 100 97 Af
820 1159 242 90 samme
1104 1160 254 96 Aarsag
1410 1164 212 94 holder
1664 1166 98 94 jeg
1798 1172 106 75 det

206 1254 193 96 ogsaa
422 1250 101 95 for
556 1272 149 80 got,
764 1277 107 58 om
918 1264 119 74 alle
1062 1278 79 77 og
1174 1261 271 94 enhver,
1486 1259 135 94 som
1650 1268 227 88 stævne-

203 1355 78 76 de
319 1350 68 78 til
415 1350 288 98 Høyeste
727 1350 182 99 Rer,
965 1354 140 80 blev
1135 1359 312 91 paalagt,
1503 1373 72 62 at
1611 1368 192 72 møde
1833 1369 52 72 el-

205 1453 87 74 ler
321 1446 417 84 fremkomme
767 1457 143 72 med
939 1453 119 75 den
1089 1450 371 95 indstævnte
1505 1451 215 99 Sag,
1777 1478 133 73 paa

204 1553 106 71 det
338 1541 192 94 deraf
576 1543 210 81 kunde
832 1541 284 99 erfares,
1188 1547 302 95 Sagens
1531 1549 351 96 Beskaffen-

205 1639 164 97 hed,.
421 1641 326 94 endffiønt
780 1646 103 75 der
913 1642 192 96 ogsaa
1140 1643 125 80 kan
1299 1662 166 62 være
1511 1629 396 118 ufornoden,

205 1733 172 98 fordi
413 1753 72 62 at
515 1743 122 73 den
655 1740 376 89 indstævnte
1065 1736 486 98 Comra-Part
1571 1743 124 79 kan
1717 1753 191 74 mode

256 1853 80 75 og
362 1832 174 94 giøre
556 1833 356 95 Paastand
928 1831 100 95 for
1046 1834 554 99 Omkostninger,
1634 1859 76 75 og
1742 1846 122 77 den

304 1934 185 78 ellers
524 1929 195 80 bliver
748 1935 371 87 mulcreret,
1174 1929 133 92 som
1338 1932 151 94 efter
1524 1943 287 91 udtagen

617 2024 424 100 Stævning,
1093 2026 132 83 ikke
1255 2036 244 81 moder.

1523 3434 286 99 Tredie
