2870 4640
1031 691 445 99 understøttet
1493 701 83 82 og
1591 672 293 102 ophidset
1901 682 121 76 ved
2039 671 289 84 indbildt
2351 664 345 104 Rigdom,

1032 803 245 93 bygger
1306 811 141 78 paa
1480 805 77 61 en
1588 781 309 97 Papiirs
1932 779 309 90 Grund,
2296 784 121 70 den
2444 783 249 69 æredes

1032 912 126 69 ved
1212 910 74 65 at
1340 908 172 62 være
1559 876 299 104 Fransk;
1916 896 86 80 og
2035 885 91 70 da
2169 884 123 71 den
2343 870 189 98 stedse
2585 871 107 94 for

1037 1021 79 58 en
1163 996 140 89 Tid
1355 992 302 91 geleydes
1707 963 81 109 as
1819 989 164 84 gode
2018 976 272 93 Dage,
2346 974 322 98 Magelig-

1036 1099 163 94 hed,
1252 1086 439 100 Fornøyelse,
1744 1075 319 98 Vellyst,
2134 1078 115 92 saa
2298 1074 223 94 syntes
2568 1081 124 72 den

1035 1194 367 98 behagelig.
1455 1186 177 81 Men
1669 1194 121 65 den
1825 1189 185 70 avler
2043 1185 235 72 tvende
2311 1183 169 70 onde
2505 1170 189 98 Ting

1038 1296 83 94 af
1168 1300 91 89 sig
1282 1312 21 74 ;
1360 1289 167 94 først
1576 1283 333 95 forarmer
1978 1288 123 70 den
2162 1276 295 91 Lander,
2518 1294 179 59 naar

1033 1403 127 74 den
1221 1393 181 94 fører
1451 1404 173 61 meer
1673 1386 153 86 ind,
1915 1386 121 70 end
2083 1382 139 87 ud,
2293 1394 83 73 og
2421 1376 277 90 dernæst

1034 1491 367 100 fordærver
1440 1494 125 72 den
1602 1478 385 92 Sæderne,
2043 1497 84 75 og
2166 1476 345 79 Sæderne
2558 1471 109 96 for-

1034 1601 343 82 dærvede,
1432 1587 219 89 alting
1685 1582 412 91 fordærvet;
2145 1582 131 85 dog
2327 1570 225 96 herom
2598 1572 98 78 vil

1033 1697 105 98 jeg
1201 1713 93 58 nu
1361 1687 127 80 ikke
1539 1685 281 90 handle,
1877 1687 88 70 da
2019 1676 103 93 jeg
2185 1679 252 74 alerede
2493 1670 206 92 haver

1034 1803 183 88 gjort
1276 1800 109 68 der
1444 1792 21 74 i
1524 1793 109 72 der
1678 1780 199 93 fierde
1946 1773 279 102 Stykke
2288 1772 83 94 af
2415 1765 282 88 Seer-all

1033 1888 401 102 Character.
1559 1879 179 83 Men
1785 1886 169 72 dem
1978 1878 218 92 smaae
2241 1869 101 100 jeg
2399 1873 171 93 sige,
2625 1882 75 66 at

1030 1987 589 96 Vanskeligheden
1654 1995 73 64 at
1760 1979 261 80 komme
2054 1977 73 76 til
2162 1982 75 70 de
2266 1981 225 89 gamle
2526 1964 151 85 Sæ-

1033 2103 115 72 der
1203 2094 215 90 igien,
1474 2106 82 75 og
1612 2098 74 60 ar
1733 2078 239 95 udjage
2019 2074 369 94 Yppighed
2521 2072 176 74 naar-

1032 2204 126 70 den
1033 2205 126 70 den
1197 2197 16 72 i
1249 2193 114 85 sær
1396 2188 211 76 bliver
1643 2180 276 91 skadelig
1950 2172 105 98 for
2090 2177 323 88 Staren,
2471 2177 122 71 ved
2629 2182 70 66 at

1036 2293 305 96 forarme
1390 2293 165 82 den,
1626 2298 66 62 er
1752 2279 129 90 just
1938 2278 54 76 el
2038 2293 76 58 en
2168 2273 79 90 af
2290 2281 76 69 de
2420 2273 278 91 mindste

1033 2389 283 97 Ulykker
1361 2405 85 73 og
1491 2382 253 95 Folger
1799 2376 79 97 af
1927 2371 393 85 Sædernes
2385 2367 285 98 Fordær-

1034 2494 183 90 velse.
1338 2484 141 94 Thi
1534 2488 123 71 ved
1710 2477 277 91 mindste
2034 2471 527 98 Jndssrænkelse
2626 2466 77 96 af

1033 2599 125 74 den
1209 2585 115 94 saa
1375 2587 215 76 kaldte
1645 2585 165 87 gode
1857 2574 407 83 Levemaade
2315 2566 245 98 skriges
2615 2590 81 72 og

1034 2689 271 97 klynkes
1340 2681 275 96 afalle,
1674 2689 211 80 endog
1942 2674 83 94 af
2066 2681 197 82 dem,
2318 2674 139 88 som
2507 2668 191 96 mees

1032 2789 278 100 prædike
1347 2788 181 75 imod
1561 2776 403 98 Pppighed,
2016 2795 84 74 og
2135 2774 137 92 som
2325 2782 133 83 dog
2512 2768 184 94 oftest

1033 2911 128 58 sve
1205 2897 122 68 den
1369 2884 214 89 meest.
1693 2880 178 78 Men
1925 2877 180 93 hvad
2153 2894 66 57 er
2274 2871 421 95 Vppighed?

1032 2989 267 85 Denne
1334 2984 113 91 saa
1484 2983 333 94 tvetydige
1860 2997 83 74 og
1980 2974 117 92 saa
2132 2974 131 87 ofte
2316 2970 381 91 omtvistede

1035 3087 209 94 Sag.
1351 3082 99 83 Ar
1501 3080 103 95 jeg
1649 3099 89 59 nu
1783 3077 129 89 ffal
1942 3075 283 101 sæt-rene
2151 3076 75 76 ril
2283 3069 199 85 Side
2529 3078 163 86 den,

1036 3193 141 90 som
1242 3190 183 74 alene
1480 3182 369 92 fordærver
1906 3173 393 92 Sæderne,
2370 3168 137 97 som
2570 3180 123 69 ved

1033 3293 115 90 sier
1179 3284 549 100 Huusholdning
1763 3283 349 85 ødelegger
2159 3275 265 89 private
2481 3270 215 96 Folks

1034 3384 367 95 Tilstand,
1458 3384 119 92 saa
1611 3402 68 56 er
1712 3387 105 68 det
1849 3389 172 66 uden
2064 3369 169 93 Tvil
2279 3394 76 54 en
2395 3369 296 97 offentlig

1033 3485 395 107 Yppighed-
1472 3482 292 92 hvorved
1797 3470 253 88 Landet
2081 3475 372 96 forarmes,
2497 3472 169 94 hvor-

1033 3598 125 71 ved
1189 3589 153 92 flere
1375 3581 263 98 Wahre
1675 3576 187 99 føres
1897 3581 117 78 ind
2031 3630 27 45 ,
2113 3582 123 76 end
2267 3582 113 72 ud.
2509 3566 179 89 Den

2440 3689 243 73 maae,
