2855 4635
1757 461 120 92 45

223 667 112 92 set.
439 659 316 98 Dersom
787 665 132 82 kun
955 669 50 76 ei
1043 661 646 98 saadanneMænd,
1747 663 140 92 som

225 765 438 98 Forfatteren
735 767 84 90 af
879 769 532 94 Philopatreias,
1491 767 240 78 berøve
1803 775 86 66 vs

227 869 174 92 jgien
451 875 206 70 Venne
711 867 420 92 uffateerlige
1167 863 250 98 Frihed
1465 875 120 70 ved
1629 881 72 64 at
1735 867 154 78 ville

225 969 246 78 blande
503 965 458 98 Regieringen
997 985 84 74 og
1125 973 106 70 det
1263 967 424 92 almindelige
1719 967 114 78 ind
1867 965 24 78 i

225 1071 270 92 private
533 1065 212 94 Folks
777 1065 496 96 Stridigheder
1307 1089 82 72 og
1419 1065 312 88 Tanker,
1793 1065 96 94 thi

229 1183 96 64 eet
371 1169 230 92 eeneste
641 1166 290 90 saadant
973 1163 314 104 Exempel
1325 1185 128 62 var
1499 1167 124 78 nok
1659 1163 106 96 for
1815 1181 78 62 ar

227 1267 262 82 komme
553 1277 208 66 Denne
829 1273 222 72 endnu
1119 1267 202 92 spæde
1373 1267 264 96 Plante
1693 1269 74 76 til
1815 1279 80 64 at

227 1369 218 80 visne.
575 1365 104 92 Af
721 1373 108 70 det
889 1369 136 92 som
1077 1371 254 74 alerede
1389 1389 66 58 er
1519 1367 184 92 ffeer,
1777 1365 118 90 saa

227 1485 88 76 og
377 1465 80 96 af
499 1485 160 62 vore
709 1475 444 72 nærværende
1213 1465 630 96 Omstændigheder
1869 1515 26 40 ,

229 1567 132 80 kan
413 1587 166 58 man
645 1567 54 76 ei
751 1573 204 70 ander
1003 1567 232 90 simre,
1293 1577 126 68 end
1469 1581 72 64 at
1595 1575 74 70 de
1723 1567 172 92 fleste

231 1665 330 90 Skrifter
601 1669 150 76 ville
787 1669 20 74 i
851 1663 490 104 Begyndelse^
1373 1669 170 78 blive
1581 1663 314 94 politiffe.

231 1763 117 86 En
873 1767 134 90 fom
1045 1765 68 76 vi
1147 1773 130 86 dog
1315 1767 102 92 for
1453 1773 444 72 nærværende

231 1865 140 88 Tid
409 1889 98 56 ere
549 1869 246 92 mindst
831 1867 20 76 i
885 1863 262 82 Stand
1189 1869 74 74 til
1319 1879 76 64 at
1447 1867 208 90 ffinne
1697 1865 62 90 i,
1813 1865 68 86 ef-

229 1969 170 76 terdi
435 1977 82 68 os
561 1973 224 72 endnu
833 1971 270 86 mangle
1147 1971 76 70 de
1269 1967 168 92 fleste
1477 1965 388 90 Hjelpemid-

231 2073 130 86 ler,
417 2073 88 74 da
547 2073 106 70 det
685 2087 66 56 er
783 2085 76 58 en
879 2061 178 98 Jis,
1113 2065 136 90 som
1285 2063 129 95 heel
1451 2065 152 92 faae
1639 2067 228 90 hidind-

231 2169 78 76 til
351 2165 168 100 have
553 2173 374 70 turdtvove
967 2167 92 88 sig
1095 2173 90 68 ud
1221 2183 180 74 paa,
1463 2187 82 70 og
1577 2175 74 66 de
1685 2165 218 92 fleste,

233 2267 142 92 som
435 2267 170 86 have
669 2265 180 90 giorr
891 2271 148 84 det,
1097 2261 170 92 have
1323 2267 54 72 ei
1433 2279 200 62 været
1691 2261 178 92 forsy-

233 2373 162 70 nede
429 2373 144 66 med
605 2361 286 90 politiffe
909 2359 518 94 Beregninger,
1485 2367 172 72 uden
1689 2359 216 94 hvilke

239 2467 158 76 lidet
431 2465 148 74 eller
619 2463 162 74 intet
815 2465 182 72 lader
1039 2463 92 88 sig
1169 2463 184 88 giøre
1393 2463 18 76 i
1445 2459 460 96 Poiitiguen,

235 2563 426 82 Commerce-
711 2581 82 72 og
841 2555 336 96 Finance-
1199 2557 296 98 Sager;
1553 2581 82 72 og
1689 2557 214 94 hvilke

235 2681 104 62 ere
373 2661 226 80 blevne
621 2657 216 94 holdce
873 2657 136 92 som
1031 2655 504 98 Helligdomme
1569 2679 84 74 og
1683 2659 220 92 ffiulte

235 2759 442 96 Liggendefæe
727 2759 220 76 iblam
1003 2769 106 68 os.
1235 2757 164 86 Det
1459 2779 128 58 var
1643 2757 262 96 derfore

233 2865 316 92 nyttigt,
637 2877 114 58 om
831 2857 20 76 i
915 2875 158 58 vore
1145 2855 330 98 offentlige
1561 2857 342 92 Tidender

237 2963 146 78 blev
431 2959 310 92 aarligen
795 2957 342 88 indrykket
1185 2957 468 96 tilforladelige
1693 2961 180 78 Udto-

233 3083 116 74 ger
403 3059 80 90 af
531 3063 126 74 alle
707 3075 158 60 vore
921 3053 342 84 Stæders
1317 3057 588 98 Told-Bogger,

231 3165 228 92 saavel
531 3177 158 62 over
757 3159 142 76 ind-
951 3157 136 90 som
1149 3165 394 86 udgaaende
1603 3159 302 100 Varer;

231 3263 120 92 saa
409 3277 82 76 og
543 3273 76 64 at
671 3265 76 70 de
809 3255 456 96 Fortegnelser
1327 3261 178 78 bleve
1553 3265 346 90 udgivne,

233 3361 142 94 som
429 3379 98 68 ere
581 3357 320 80 indløbne
959 3375 154 62 over
1169 3363 126 74 alle
1347 3355 554 98 Jndvaanernes

232 3460 223 96 Antal
501 3481 80 74 og
613 3457 316 96 Tilstand
965 3459 20 76 i
1025 3461 126 78 alle
1185 3457 338 94 Kongens
1561 3461 224 96 Riger
1815 3479 86 74 og

233 3561 264 98 Lande,
555 3581 86 76 og
675 3575 76 68 at
783 3557 276 100 herefter
1097 3561 400 98 paalidelige
1531 3561 196 98 Lister
1771 3563 130 78 ble-
