2862 4640
944 718 195 72 verne
1172 704 89 93 fri
1304 702 107 97 for
1448 688 345 95 Materie,
1845 687 120 93 faa
1998 690 173 79 vilde
2200 693 79 73 de
2312 698 87 84 og
2435 683 160 93 sted»

944 814 57 91 se
1030 808 239 90 tænke,
1326 821 151 59 men
1508 808 87 68 da
1626 796 175 77 vilde
1829 798 78 69 de
1946 811 139 74 paa
2120 808 73 58 en
2226 790 113 75 vis
2367 782 246 82 Maa-ei

1062 923 171 64 være
1267 902 222 88 Gud,
1549 897 92 93 thi
1681 891 137 93 han
1872 911 69 57 er
1991 899 126 69 den
2165 888 200 93 eneste
2405 882 159 91 abso-

945 1020 138 74 lute
1111 1005 250 92 Aand;
1415 1015 173 61 naar
1631 991 297 78 derimod
1965 1010 77 57 en
2083 987 207 81 Aand
2323 985 127 93 har
2493 982 75 75 be-

945 1116 215 89 gyndt
1193 1120 262 73 engang
1483 1116 83 57 ’at
1599 1090 239 92 tænke,
1897 1089 115 89 saa
2049 1091 257 87 aflader
2347 1091 125 69 den
2503 1083 71 72 al-

943 1213 197 86 drig,
1193 1222 145 56 men
1383 1206 163 67 dens
1591 1187 271 92 Tanker
1901 1189 173 79 blive
2135 1184 189 94 stedse
2357 1179 243 96 dybere

951 1329 87 71 og
1081 1310 249 89 større;
1387 1304 89 73 da
1522 1294 178 82 Gud
1759 1307 65 57 er
1871 1294 171 85 god,
2096 1287 114 92 saa
2257 1302 67 60 er
2377 1297 85 74 og
2501 1279 105 75 alt

951 1418 109 69 det
1113 1415 157 81 got,
1324 1399 136 88 som
1510 1392 138 93 han
1700 1388 204 94 haver
1948 1384 230 98 ffabr;
2232 1393 107 67 det
2388 1378 215 80 Onde

952 1509 295 89 besaaer
1282 1496 215 90 altsaa
1540 1507 189 62 euren
1768 1487 133 78 kun
1936 1486 21 74 i
1996 1492 189 68 eders
2224 1499 153 75 egen
2412 1476 163 94 Ind-

958 1606 354 88 bildning;
1370 1599 147 74 eller
1574 1610 81 71 og
1708 1603 201 59 varer
1966 1582 117 91 saa
2132 1581 177 90 kort,
2380 1593 75 60 ar
2502 1584 111 67 det

954 1723 207 75 neppe
1192 1704 125 71 bør
1356 1697 227 75 kaldes
1618 1686 203 92 Onr;
1880 1689 113 70 der
2042 1700 67 59 er
2142 1682 165 73 intet
2344 1673 239 89 væsent-

958 1811 121 89 lige
1114 1820 89 74 og
1234 1795 303 89 virkeligt
1577 1787 210 80 Onde
1820 1784 123 92 til;
1999 1787 106 69 det
2137 1770 478 89 Skin-Onde,

957 1908 136 89 som
1140 1895 243 93 derhos
1437 1893 130 76 kun
1624 1903 199 62 varer
1865 1880 184 92 korr,
2103 1899 67 56 er
2205 1892 118 79 got
2353 1871 107 93 for
2509 1880 111 67 det

958 1994 384 105 heele-got
1228 2009 116 79 gor
1391 1990 105 94 for
1543 1997 145 66 eder
1739 1984 172 93 selv;
1967 1978 449 89 Slutningen
2451 1970 167 89 viser

961 2101 496 94 fuldkommen,
1513 2101 73 64 at
1617 2094 107 67 det
1757 2078 67 96 I
1861 2080 183 77 kalde
2063 2076 199 92 Onr,
2323 2073 125 94 har
2479 2070 137 78 kun

961 2215 203 68 værer
1217 2211 61 60 et
1333 2194 259 88 Mindre
1639 2184 253 99 Gode;
1947 2178 197 91 sandt
2193 2174 163 91 nok,
2415 2185 77 62 at
2545 2177 79 66 de

965 2293 429 92 Mennesker,
1454 2289 134 89 som
1625 2285 51 74 ei
1712 2280 170 92 have
1917 2275 233 91 opført
2180 2276 94 90 sig
2307 2269 157 93 ester
2498 2276 128 67 den

964 2402 304 81 Orden,
1346 2389 138 93 som
1536 2384 177 80 Gud
1774 2377 126 90 har
1962 2373 383 92 foreskrevet
2414 2378 216 80 dem,

968 2493 267 102 straffes
1272 2491 169 75 altid
1474 2485 21 73 i
1530 2487 193 70 eders
1754 2474 335 86 Verden,
2150 2472 69 92 ja
2252 2468 133 91 oste
2418 2466 211 92 ogsaa

968 2604 23 76 j
1022 2612 170 68 vor;
1244 2607 149 57 men
1432 2603 109 56 om
1580 2569 341 99 Strafen
1970 2589 201 60 varer
2214 2571 217 89 ævig,
2480 2568 153 76 vide

968 2701 71 76 vi
1096 2697 53 74 ei
1194 2706 299 72 engang,
1534 2671 319 94 maaskee
1890 2681 125 69 den
2068 2671 90 76 er'
2185 2668 132 78 kun
2356 2686 77 56 en
2464 2671 137 70 nød-

970 2795 247 92 vendig
1265 2783 332 92 Lmrelse;
1666 2773 303 95 eftersom
2021 2769 366 81 Aanderne
2437 2765 198 91 synes

974 2897 223 87 aldrig
1238 2902 75 64 at
1353 2885 216 75 kunne
1610 2896 168 76 gaae
1811 2873 286 94 tilbage,
2155 2886 149 59 men
2341 2865 187 91 stedse
2559 2876 77 62 ar

976 3015 199 62 maae
1219 3003 167 78 gaae
1459 2979 222 94 frem;
1751 2982 191 68 deres
2009 2965 373 92 Kundskab
2430 2970 213 87 voxer

979 3096 219 85 altsaa
1249 3091 123 73 ved
1422 3080 188 92 hvert
1645 3076 225 88 Trin;
1921 3081 75 65 de
2034 3066 206 93 ind-see
2277 3062 363 96 følgeligen

979 3208 79 71 de
1089 3192 205 95 Feyl,
1333 3185 135 86 som
1513 3188 75 67 de
1621 3176 231 91 forhen
1885 3169 167 92 have
2087 3168 321 92 begacm;
2467 3169 173 70 dette

983 3300 269 89 smerter
1303 3294 193 80 dem,
1569 3293 153 61 men
1770 3279 108 68 det
1927 3272 153 88 gior
2130 3275 148 67 dem
2315 3265 57 76 ei
2404 3258 210 93 fortvi-

987 3403 177 84 lede;
1220 3378 241 77 Chrifti
1512 3373 378 100 Forsoning
1946 3367 292 92 strækker
2274 3364 94 91 sig
2402 3363 76 76 til
2518 3363 127 73 alle

988 3496 256 88 Tider,
1298 3486 113 74 ind
1478 3483 21 73 i
1560 3471 472 92 BLvigheden;
2102 3468 137 91 han
2296 3483 67 58 er
2422 3460 226 90 Gud,

988 3598 181 80 Gud
1204 3605 65 62 er
1312 3582 212 92 ævig,
1580 3575 175 83 Gud
1800 3590 65 61 er
1898 3576 173 90 god,
2130 3563 179 85 Gud
2362 3581 69 63 er
2476 3561 171 89 ævig
