2900 4640
65 2338 110 115 M

1004 422 124 91 42

1763 808 122 102 II.

1319 1001 1013 146 Skrive-Frihed.

1167 1527 216 94 ndelig
1419 1543 68 63 er
1517 1532 126 74 den
1673 1523 326 94 forønffte
2047 1523 194 96 Dag
2291 1523 348 95 fremkom»

1209 1641 168 74 met,
1453 1634 122 72 den
1635 1626 138 88 Tid
1831 1626 102 93 jeg
2006 1626 392 95 saameget
2191 1646 208 76 megec
2431 1628 206 90 haver

983 1732 280 89 længtes
1313 1725 216 93 efter,
1601 1742 72 60 at
1729 1726 240 90 enhver
2027 1725 130 80 kan
2213 1725 206 90 (kno£
2457 1726 182 92 hvad

981 1828 135 96 han
1161 1825 273 92 rænker,
1491 1842 73 62 at
1601 1824 279 84 Baand
1917 1847 83 76 og
2033 1823 255 84 Lænker
2341 1828 51 76 ei
2429 1846 209 60 meere

978 1928 174 91 ligge
1188 1947 140 74 paa
1386 1924 462 97 Forstanden,
1906 1943 74 62 ar
2024 1927 240 94 enhver
2320 1928 128 76 kan
2508 1928 130 92 vift

978 2026 94 94 sig
1116 2027 280 92 saadan,
1440 2027 134 91 som
1614 2028 134 90 han
1788 2046 86 56 er.
1982 2025 114 86 En
2134 2029 260 92 priselig
2420 2026 178 84 Gier-

982 2131 164 88 ning
1182 2125 78 92 af
1286 2145 124 58 vor
1444 2126 508 93 allernaadigste
1986 2127 286 94 Konge,
2302 2125 301 84 ere-Gien-

979 2219 164 100 ning
1182 2225 136 90 som
1354 2243 164 58 man
1578 2244 194 58 maae
1828 2225 216 91 haabe
2088 2241 74 62 ar
2216 2225 134 92 han
2406 2226 228 92 holder

977 2324 154 95 stivr
1169 2341 192 74 over,
1417 2333 90 69 da
1545 2332 122 70 den
1705 2346 66 58 er
1807 2326 182 88 hans
2025 2345 154 76 egen
2241 2327 388 95 Gierning;

977 2441 76 60 at
1097 2423 132 94 han
1267 2423 104 92 for
1403 2427 74 71 de
1513 2434 164 82 gode
1711 2422 364 101 Skrifter,
2133 2435 74 68 de
2247 2434 162 85 gode
2437 2426 162 88 Tan-

973 2524 150 87 ker,
1175 2525 136 88 som
1345 2529 122 69 den
1507 2526 92 74 vil
1637 2522 406 95 frembringe
2083 2523 104 94 for
2239 2524 214 94 Lyset,
2503 2528 126 92 seer

975 2624 330 91 igiennem
1361 2619 254 96 Fingre
1663 2632 146 68 med
1859 2630 74 71 de
1991 2635 224 82 onde,
2289 2637 74 69 de
2409 2628 218 92 flette,

973 2722 95 93 thi
1103 2719 447 98 Forfølgelser
1591 2720 101 92 for
1723 2722 365 95 Skrifter,
2147 2725 133 88 som
2320 2736 122 68 end
2471 2728 127 78 kun-

968 2830 78 70 de
1080 2823 168 90 have
1282 2819 273 90 fortjent
1596 2824 148 90 det,
1790 2844 66 58 er
1890 2833 104 70 det
2030 2823 250 94 samme
2304 2830 130 92 som
2454 2828 144 98 For-

970 2924 136 77 bud
1146 2939 74 60 at
1262 2921 236 97 skrive;
1558 2930 106 70 der
1708 2942 128 60 var
1878 2939 76 64 at
2000 2929 266 74 nedrive
2318 2938 146 68 med
2500 2938 124 70 den

968 3044 108 56 ene
1110 3021 318 96 Haand,
1488 3024 180 90 hvad
1724 3044 162 57 man
1936 3025 302 92 opbygde
2284 3038 148 68 med
2496 3036 126 70 den

968 3131 257 86 anden;
1282 3131 105 70 det
1430 3141 131 61 var
1600 3140 71 60 ar
1712 3128 197 90 qvæle
1942 3125 381 95 Genierne,
2378 3148 83 74 og
2498 3138 123 70 ved

965 3222 226 95 Frygt
1239 3239 74 62 at
1355 3225 186 90 giøre
1593 3222 380 96 Hænderne
2025 3227 188 90 stive,
2271 3248 84 74 og
2413 3228 178 98 Hier-

961 3344 194 59 nerne
1191 3323 196 96 fløve.
1497 3320 164 86 Det
1697 3326 188 74 ellers
1923 3325 112 90 saa
2079 3325 118 92 frie
2233 3325 386 99 Engelland

961 3424 212 90 haver
1231 3425 178 92 givet
1455 3422 314 96 sørgelige
1815 3420 284 97 Prøver
2149 3427 294 97 herpaa,
2521 3430 98 92 thi

961 3522 179 94 hvad
1177 3525 207 94 større
1417 3521 557 102 Despotismus,
2027 3535 121 74 end
2183 3547 71 64 at
2293 3552 171 78 gaae
2503 3534 113 76 ind

2482 3634 22 78 i
2538 3652 78 58 en
