2862 4640
753 464 566 49 =^=^=
1741 450 120 88 79

200 667 210 93 borg,
484 678 120 80 4w
668 683 238 76 1754,
970 666 126 92 iste
1160 662 232 89 Deel,
1464 687 64 72 p.
1596 676 132 72 HZ
1784 672 82 76 og

204 790 182 68 20;,
472 778 72 64 at
616 763 232 86 Gilan
906 785 64 57 er
1038 772 104 68 det
1206 767 334 92 usundeste
1604 756 184 84 Land
1844 778 14 46 >

202 860 228 100 ganske
498 864 333 95 Persien,
890 873 179 69 deels
1128 862 419 97 foraarsaget
1602 868 120 68 ved
1790 864 78 68 de

199 966 180 88 tykke
421 964 254 82 Skove
711 985 138 72 paa
883 961 378 97 Biergene,
1313 983 80 74 og
1431 969 174 74 deels
1637 966 122 70 ved
1791 962 78 68 de

199 1085 246 75 mange
511 1065 366 90 Moradser
925 1086 136 68 paa
1113 1064 344 89 Sletten,
1543 1065 132 88 som
1745 1066 124 68 den

199 1164 304 92 Caspiske
576 1164 174 81 See
833 1174 120 67 ved
1031 1166 132 90 sine
1247 1156 622 99 Oversvømmelser

199 1265 467 95 frembringer.
725 1263 251 80 Landet
1032 1286 64 56 er
1145 1274 273 69 derover
1462 1265 200 94 ogsaa
1695 1260 175 88 fuldt

198 1364 82 94 af
314 1364 218 96 Frøer
576 1387 82 74 og
688 1363 330 98 Insecrer.
1098 1364 178 96 Han
1315 1365 293 94 tilsaaer
1656 1366 214 78 ellers,

196 1482 76 62 at
326 1466 252 80 Landet
634 1487 64 56 er
756 1476 406 67 overmaade
1194 1466 390 93 frugtbart,
1648 1480 82 72 og
1772 1478 70 60 ta-

198 1575 93 72 ler
336 1588 113 56 om
484 1576 75 66 de
596 1567 225 90 snevre
856 1563 291 97 Passer,
1208 1568 133 88 som
1402 1565 141 90 fore
1602 1562 267 90 didhen,

195 1667 220 93 hvilke
461 1664 302 92 forvolde
821 1685 72 56 ar
929 1676 106 64 det
1079 1668 168 72 altid
1295 1665 204 92 haver
1553 1661 206 88 faldet
1797 1668 76 68 de

201 1766 296 96 Persiske
553 1766 286 91 Konger
887 1764 398 92 vanskeligt,
1347 1781 72 60 ar
1457 1765 184 88 holde
1669 1755 172 97 Ind-

196 1872 345 97 Vaanerne
603 1867 18 74 i
683 1863 362 93 Tøitime,
1133 1886 82 70 og
1273 1873 122 68 end
1459 1877 270 75 tungere
1797 1874 74 60 at

199 1968 235 94 bringe
483 1976 147 66 dem
664 1969 72 74 til
773 1963 327 96 Lydighed
1139 1968 213 90 igien,
1430 1983 174 56 naar
1659 1968 71 66 de
1766 1980 76 56 en-

198 2088 184 74 gang
418 2086 162 56 vare
616 2065 226 90 faldne
882 2063 128 90 fra.
1124 2066 354 91 Underligt
1514 2083 66 56 er
1618 2070 128 78 der,
1798 2074 74 60 at

208 2190 186 68 1741
442 2164 124 90 stal
610 2175 110 66 der
756 2185 174 56 være
976 2162 206 90 falder
1216 2166 260 90 saadan
1510 2161 244 89 Snee,
1796 2170 74 68 at

200 2275 127 71 den
370 2272 147 70 laae
550 2268 111 89 syv
700 2263 173 80 Alen
924 2264 157 92 høy.

355 2460 164 86 Det
555 2481 66 56 er
663 2459 334 87 bekienkt,
1059 2472 72 62 at
1167 2464 168 70 dette
1377 2453 336 90 Landskab
1749 2474 92 56 un-

195 2562 368 94 derkastede
597 2563 92 90 sig
733 2559 150 80 Aar
935 2580 182 70 1723
1175 2566 118 68 den
1329 2557 164 92 store
1543 2552 324 92 Russiske

195 2662 319 82 Monark
555 2664 186 80 Peter
780 2671 120 66 den
941 2656 273 94 Forste,
1270 2675 148 62 men
1483 2662 194 91 1732
1721 2656 143 76 blev

196 2773 110 71 det
342 2772 124 70 ved
500 2760 262 96 Freden
806 2763 170 92 igien
1012 2756 286 96 afstaaet
1324 2759 78 76 til
1438 2755 304 98 Persien.
