2813 4635
1705 440 126 88 29

275 672 150 99 For
458 685 75 65 at
576 672 241 87 adlyde
865 661 250 86 Deres
1155 654 226 85 Villie
1433 650 128 99 har
1595 649 100 97 jeg
1731 665 98 61 nu

124 799 143 95 sagt
312 793 241 86 Dem,
612 789 185 80 kiære
839 783 218 84 Ven,
1108 788 147 69 med
1298 782 121 68 den
1483 769 352 87 fritalende

120 912 518 94 Oprigtighed,
690 908 135 87 som
872 910 127 68 den
1050 918 145 58 eene
1226 892 177 84 Ven
1452 909 69 59 er
1562 895 119 70 den
1718 903 89 58 an-

124 1041 126 73 den
298 1031 286 90 skyldig,
642 1029 146 75 min
826 1017 466 89 Betænkning
1334 1031 107 58 om
1490 1017 103 67 det
1634 1010 207 74 ander

122 1151 318 84 Stokker
463 1156 187 68 deres
672 1142 466 89 Samlinger;
1195 1152 171 57 mere
1398 1136 202 70 denne
1616 1124 224 90 Gang

133 1276 263 74 tillader
447 1262 273 98 hverken
769 1261 217 86 Tiden
1037 1260 145 73 eller
1230 1250 358 80 Rummet.
1692 1239 148 94 Jeg

129 1391 147 77 blev
323 1404 99 60 rer
475 1381 339 99 forbauset
851 1387 87 68 da
987 1376 102 88 jeg
1125 1373 89 92 fik
1255 1377 105 69 det
1403 1362 169 96 først
1611 1375 73 61 at
1733 1358 109 91 see.

129 1507 168 96 Har
351 1513 92 69 da
507 1502 336 88 Censuren
895 1489 231 85 tænkte
1177 1489 158 91 jeg,
1403 1482 187 92 holdt
1645 1490 203 81 noget

133 1625 160 82 Gvt
327 1623 126 91 hos
473 1618 202 84 Dem
710 1612 293 92 tilbage,
1056 1610 147 75 eller
1241 1604 124 95 har
1381 1599 132 84 De
1549 1600 20 75 i
1601 1595 246 80 Sinde

134 1758 77 64 at
264 1742 253 76 komme
568 1734 165 94 frem
786 1738 145 69 med
1000 1741 197 75 noget
1250 1714 429 103 forvovent?
1749 1704 108 98 Af

138 1861 225 95 Frygt
400 1856 103 91 for
536 1861 107 68 der
684 1848 179 93 sidste
906 1846 145 77 blev
1088 1845 102 90 jeg
1240 1836 247 94 opvakt
1526 1835 73 75 ril
1634 1847 213 75 nogen

136 1985 210 91 større
406 1967 632 98 Opmerkfvmhed;
1110 1960 102 94 jeg
1274 1957 175 94 søgte
1516 1955 331 85 allevegne

139 2096 353 89 omkring,
547 2093 21 76 i
608 2090 114 91 sær
756 2085 254 91 foretog
1040 2079 104 94 jeg
1181 2087 103 67 det
1336 2072 196 91 første
1572 2063 276 91 Stykke

143 2238 143 74 paa
337 2231 190 70 nye,
583 2225 153 58 men
801 2200 199 91 fandt
1053 2203 129 86 dog
1245 2190 125 77 ikke
1423 2205 73 60 ar
1552 2184 298 91 Engelen

145 2339 218 95 havde
407 2324 311 99 prædiker
763 2317 107 91 for
905 2314 205 84 Dem
1149 2324 191 79 noget
1373 2323 121 72 nyt
1535 2300 285 91 Evange-

146 2460 193 76 lium-
441 2445 214 95 Intet
695 2438 24 76 i
759 2445 108 67 det
913 2431 232 89 øvrige
1203 2428 133 88 som
1383 2425 69 88 jo
1495 2418 161 93 efter
1709 2419 143 74 min

148 2567 237 94 Tanke
450 2566 219 92 gierne
717 2556 130 75 kan
896 2549 285 94 passere,
1232 2562 147 59 men
1433 2550 106 65 det
1581 2533 276 93 Stykke

152 2712 113 58 om
304 2673 633 97 Skrive-Friheden
974 2672 93 74 vil
1108 2666 101 92 jeg
1249 2642 435 121 rende-Dem
1484 2655 201 82 Dem
1721 2643 138 101 som

155 2832 79 56 en
268 2806 180 81 Ven
493 2813 75 64 at
610 2792 135 82 De
782 2791 223 91 holder
1050 2789 147 74 inde
1248 2790 186 82 med,
1486 2780 145 73 eller
1680 2771 19 74 i
1756 2778 109 68 det

155 2925 281 87 mindste
472 2915 128 79 ikke
632 2913 22 74 i
694 2916 124 67 den
858 2903 216 95 Form
1112 2912 104 68 der
1248 2904 162 89 har,
1464 2909 76 62 at
1580 2898 143 71 lade
1758 2898 110 68 det

155 3047 259 79 komme
463 3035 105 91 for
608 3028 178 92 Lyset
824 3024 132 95 (o).
1060 3017 222 99 Hvad
1319 3019 93 76 vil
1450 3009 170 98 Folk
1667 3013 195 70 ellers

157 3160 244 88 tænke,
459 3172 177 60 naar
687 3156 79 68 de
799 3146 123 88 seer
967 3147 111 70 der
1117 3137 127 93 iste
1281 3127 269 99 Stykke
1581 3125 283 97 sigtende

162 3282 79 84 til
302 3295 79 64 ar
437 3268 294 104 stadfeste
785 3262 468 95 Religionen,
1321 3264 109 73 det
1501 3254 155 71 adet
1719 3247 115 75 der-

1679 3361 184 78 imod

210 3606 103 83 (o)
352 3605 125 78 Jeg
516 3600 243 65 derimod
801 3598 136 76 siger
973 3589 158 67 Dem
1171 3581 150 77 Tak,
1359 3580 115 78 Hr.
1519 3573 152 73 S*,
1718 3582 60 52 at
1803 3575 63 56 de

336 3709 87 64 lod
456 3713 87 55 der
568 3707 241 67 komme,
853 3699 216 77 ligesom
1097 3697 88 57 det
1214 3701 95 56 er;
1353 3690 89 55 det
1473 3695 59 48 er
1555 3689 83 52 ret
1669 3684 117 67 got.
