2884 4640
792 61 12 54 i

732 495 111 89 30

719 683 364 84 tvertimod-
1188 685 168 88 Men
1388 694 192 77 denne
1608 691 458 103 Tilbøjelighed
2085 718 63 63 er
2171 701 368 107 uadskilelig
2559 710 107 101 fra

718 819 162 92 dem,
914 824 71 75 de
1015 837 186 65 maae
1234 824 161 95 have
1428 821 237 98 Frihed
1693 831 142 77 eller
1873 829 72 83 ei.
2052 829 107 89 En
2190 835 328 89 Øretuden
2540 846 124 82 kan

716 943 243 99 ligefaa
1018 954 237 94 gesvint
1302 951 161 82 blive
1510 954 235 84 bekient
1788 982 81 73 og
1924 980 161 65 være
2124 967 225 96 ligesaa
2382 976 282 99 ssadelig,

720 1073 125 94 som
882 1096 55 63 et
976 1076 451 104 Skandskrift.
1538 1084 109 99 Ja
1682 1096 97 75 det
1818 1095 89 82 vil
1938 1114 163 66 være
2142 1099 317 102 farligere,
2492 1127 167 63 naar

716 1205 475 100 Mennejkeneei
1224 1234 93 61 ere
1344 1231 191 67 vante
1568 1221 107 95 til,
1724 1241 69 63 ar
1828 1228 191 83 tænke
2064 1228 149 102 frit,
2258 1239 297 87 eller.vide
2588 1251 71 76 at

714 1337 175 94 gives-:
923 1340 266 102 Forssiel
1222 1364 133 80 paa
1380 1354 99 77 det
1516 1352 183 98 sande
1734 1377 77 77 og
1843 1357 196 99 falske

913 1572 183 85 Man
1129 1579 119 94 har
1275 1584 194 95 ogsaa
1499 1586 239 97 sundet,
1777 1590 151 95 efter
1961 1592 127 97 som
2129 1600 119 79 den
2279 1597 373 100 menneskeli-

701 1703 99 91 ge
709 1719 71 76 ge
828 1700 316 107 Erfaring
1189 1715 121 95 har
1359 1732 175 83 taget
1567 1721 101 93 ril,
1707 1741 69 61 ar
1823 1724 217 95 Folket
2081 1748 63 61 er
2177 1731 183 96 ingen
2389 1730 107 95 saa
2527 1732 123 98 for»

710 1833 330 102 skrækkelig
1084 1842 190 127 U^re,
1313 1851 127 93 som
1469 1871 155 61 man
1655 1854 117 96 har
1806 1852 312 101 forestillet
2141 1871 123 87 det,
2321 1883 79 77 og
2439 1879 69 68 at
2553 1874 101 74 der

704 1965 19 78 i
758 1972 117 75 alle
912 1970 389 98 Henseender
1333 2003 62 61 er
1426 1985 212 97 bedre,
1693 2001 68 66 ar
1794 1990 159 93 styre
1994 1999 99 75 det
2140 1995 126 94 som
2308 1993 342 100 fornuftige

704 2095 463 108 Skabninger,
1202 2121 117 72 end
1356 2130 67 64 at
1456 2121 121 76 lede
1610 2138 77 74 og
1722 2122 171 77 drive
1924 2128 123 83 det,
2088 2124 129 96 som
2257 2125 390 102 ufornuftige

700 2227 199 100 Dyr-
1018 2235 263 99 Førend
1316 2255 71 71 de
1416 2249 281 92 forenede
1722 2249 365 100 Provinzer
2118 2276 163 77 gave
2326 2276 55 64 et
2410 2259 231 98 Stene-.,-

695 2366 129 88 pel,
696 2366 129 88 pel,
852 2377 203 73 troede
1090 2392 179 79 man,
1310 2396 71 64 at
1416 2379 413 98 Tolleranzen
1878 2387 49 79 ei
1972 2386 197 85 kunde
2220 2392 237 95 bestaae
2502 2403 143 76 med

692 2513 73 59 en
798 2509 123 82 god
958 2500 393 106 Regiering;
1384 2532 77 77 og
1498 2522 97 71 der
1626 2534 123 61 var
1782 2518 171 94 holdt
1980 2518 97 97 for
2104 2527 317 94 umuligt,
2486 2544 67 64 ar
2586 2543 57 67 er

693 2623 207 89 Antal
935 2632 246 87 Setter
1216 2639 75 96 af
1342 2646 323 100 forffieLig
1696 2649 309 98 Religion
2030 2653 199 83 kunde
2270 2657 115 80 bor
2414 2655 19 82 i
2468 2655 173 101 Fred

800 2759 338 105 Evighed
1177 2779 304 95 jammen,
1512 2800 81 77 og
1616 2786 117 77 alle
1755 2781 158 99 have
1932 2804 74 61 en
2037 2786 114 98 lige
2171 2785 466 105 Tilbøjelighed

687 2893 71 78 til
807 2904 177 77 deres
1041 2900 215 94 felieds
1301 2905 216 101 Land,
1576 2935 79 73 og
1691 2915 263 83 imellem
1991 2921 88 95 sig
2115 2916 115 95 selv
2263 2920 371 99 indbyrdes,

1081 3036 121 93 har
1231 3041 171 94 givet
1429 3059 55 65 et
1503 3046 111 97 ligt
1645 3044 297 97 Exempel
1979 3070 133 75 paa
2143 3059 113 73 den
2293 3053 345 102 borgerlige

943 3184 19 76 ;
1019 3187 77 77 og
1137 3174 425 93 omendssiønt
1591 3177 313 96 Friheden
1939 3182 181 95 synes
2155 3203 85 59 nu
2263 3199 71 68 at
2377 3184 257 94 foraar«

841 3315 73 59 en
951 3299 159 78 liden
1143 3299 309 102 Giering,
1487 3306 105 90 saa
1627 3308 115 94 har
1777 3316 117 75 den
1925 3322 123 86 dog
2085 3316 181 93 hidtil
2297 3317 185 95 ingen
2497 3318 137 98 far«

796 3424 348 103 Virkning
1192 3432 198 102 havt;
1437 3461 81 73 og
1565 3447 101 73 det
1715 3459 63 61 er
1809 3459 67 62 at
1913 3444 231 99 haabe,
2177 3462 71 66 at
2281 3454 347 94 mennesker

832 3561 161 81 blive
1037 3579 192 66 vante
1273 3569 70 81 til
1396 3566 113 97 frit
1559 3585 74 63 ar
1665 3575 446 96 undersøgende
2127 3577 317 102 offentlige
2466 3583 130 86 Sa-

664 3710 133 80 ger,
830 3689 283 102 forbedre
1142 3703 179 82 deres
1348 3698 491 106 Skiønsomhed
1874 3726 133 82 paa
2042 3709 272 104 samme,
2349 3736 81 79 og
2455 3718 50 82 ei
2532 3722 89 79 la-
