<?xml version="1.0" encoding="utf-8"?>
<alto xmlns="http://www.loc.gov/standards/alto/ns-v3#" xmlns:xs="http://www.w3.org/2001/XMLSchema-instance" xmlns:xlink="http://www.w3.org/1999/xlink">
	<Description>
		<MeasurementUnit>pixel</MeasurementUnit>
		<sourceImageInformation>
			<fileName>130017168224_1_020_017_008.tif</fileName>
		</sourceImageInformation>
		<OCRProcessing ID="OCR1">
			<ocrProcessingStep>
				<processingDateTime>2018-09-14</processingDateTime>
				<processingAgency>Zissor AS</processingAgency>
				<processingStepSettings>Combined OCR</processingStepSettings>
				<processingSoftware>
					<softwareCreator>Zissor AS</softwareCreator>
					<softwareName>ContentOCR-11; ContentOCR-Tesseract</softwareName>
					<softwareVersion>2.0.2; 2.0.0</softwareVersion>
					<applicationDescription>OCR Component for Zissor Content System</applicationDescription>
				</processingSoftware>
			</ocrProcessingStep>
		</OCRProcessing>
	</Description>
	<Styles>
		<TextStyle ID="STYLE1" FONTFAMILY="Arial" FONTSIZE="19" FONTSTYLE=""/>
		<TextStyle ID="STYLE2" FONTFAMILY="Arial" FONTSIZE="11" FONTSTYLE=""/>
		<TextStyle ID="STYLE3" FONTFAMILY="Arial" FONTSIZE="8.5" FONTSTYLE="bold italics"/>
		<TextStyle ID="STYLE4" FONTFAMILY="Arial" FONTSIZE="11" FONTSTYLE="italics"/>
		<TextStyle ID="STYLE5" FONTFAMILY="Arial" FONTSIZE="13" FONTSTYLE=""/>
		<TextStyle ID="STYLE6" FONTFAMILY="Arial" FONTSIZE="12" FONTSTYLE=""/>
		<TextStyle ID="STYLE7" FONTFAMILY="Arial" FONTSIZE="14" FONTSTYLE=""/>
		<TextStyle ID="STYLE8" FONTFAMILY="Arial" FONTSIZE="10" FONTSTYLE="bold"/>
		<TextStyle ID="STYLE9" FONTFAMILY="Arial" FONTSIZE="10" FONTSTYLE=""/>
		<TextStyle ID="STYLE10" FONTFAMILY="Arial" FONTSIZE="15" FONTSTYLE=""/>
	</Styles>
	<Layout>
		<Page ID="PAGE370" HEIGHT="4640" WIDTH="3003" PHYSICAL_IMG_NR="370" PROCESSING="OCR1" PC="0.73">
			<TopMargin HEIGHT="104" WIDTH="3003" HPOS="0" VPOS="0"/>
			<LeftMargin HEIGHT="4583" WIDTH="61" HPOS="0" VPOS="104"/>
			<RightMargin HEIGHT="4583" WIDTH="-3" HPOS="3006" VPOS="104"/>
			<BottomMargin HEIGHT="-49" WIDTH="3003" HPOS="0" VPOS="4689"/>
			<PrintSpace ID="PRINTSPACE1" HEIGHT="4583" WIDTH="2943" HPOS="62" VPOS="105">
				<ComposedBlock xs:type="ComposedBlockType" ID="ARTICLE116487" HEIGHT="4583" WIDTH="2943" HPOS="62" VPOS="105" xlink:type="simple">
					<Illustration xs:type="IllustrationType" ID="ZONE1204365" HEIGHT="41" WIDTH="341" HPOS="92" VPOS="105" xlink:type="simple"/>
					<Illustration xs:type="IllustrationType" ID="ZONE1204366" HEIGHT="12" WIDTH="302" HPOS="131" VPOS="140" xlink:type="simple"/>
					<Illustration xs:type="IllustrationType" ID="ZONE1204367" HEIGHT="293" WIDTH="238" HPOS="189" VPOS="147" xlink:type="simple"/>
					<Illustration xs:type="IllustrationType" ID="ZONE1204368" HEIGHT="220" WIDTH="346" HPOS="77" VPOS="432" xlink:type="simple"/>
					<Illustration xs:type="IllustrationType" ID="ZONE1204369" HEIGHT="29" WIDTH="341" HPOS="81" VPOS="645" xlink:type="simple"/>
					<Illustration xs:type="IllustrationType" ID="ZONE1204370" HEIGHT="17" WIDTH="343" HPOS="79" VPOS="667" xlink:type="simple"/>
					<Illustration xs:type="IllustrationType" ID="ZONE1204371" HEIGHT="12" WIDTH="350" HPOS="72" VPOS="676" xlink:type="simple"/>
					<Illustration xs:type="IllustrationType" ID="ZONE1204372" HEIGHT="11" WIDTH="324" HPOS="98" VPOS="681" xlink:type="simple"/>
					<Illustration xs:type="IllustrationType" ID="ZONE1204373" HEIGHT="9" WIDTH="316" HPOS="106" VPOS="685" xlink:type="simple"/>
					<Illustration xs:type="IllustrationType" ID="ZONE1204374" HEIGHT="188" WIDTH="256" HPOS="162" VPOS="688" xlink:type="simple"/>
					<Illustration xs:type="IllustrationType" ID="ZONE1204375" HEIGHT="559" WIDTH="345" HPOS="62" VPOS="868" xlink:type="simple"/>
					<TextBlock xs:type="TextBlockType" ID="ZONE1204376" HEIGHT="111" WIDTH="1126" HPOS="1003" VPOS="404" xlink:type="simple">
						<TextLine ID="LINE1" HEIGHT="107" WIDTH="1122" HPOS="1005" VPOS="404">
							<String ID="STRING1" STYLEREFS="STYLE1" HEIGHT="89" WIDTH="50" HPOS="1005" VPOS="404" CONTENT="r" WC="0.25" LANG="nob"/>
							<SP ID="SP1" WIDTH="1064" HPOS="1055" VPOS="404"/>
							<String ID="STRING2" STYLEREFS="STYLE1" HEIGHT="8" WIDTH="8" HPOS="2119" VPOS="503" CONTENT="." WC="1" LANG="nob"/>
						</TextLine>
					</TextBlock>
					<TextBlock xs:type="TextBlockType" ID="ZONE1204377" HEIGHT="487" WIDTH="1709" HPOS="976" VPOS="592" xlink:type="simple">
						<TextLine ID="LINE2" HEIGHT="107" WIDTH="1690" HPOS="993" VPOS="603">
							<String ID="STRING3" STYLEREFS="STYLE2" HEIGHT="78" WIDTH="122" HPOS="993" VPOS="604" CONTENT="ml" WC="0.28" LANG="nob"/>
							<SP ID="SP2" WIDTH="58" HPOS="1115" VPOS="604"/>
							<String ID="STRING4" STYLEREFS="STYLE2" HEIGHT="93" WIDTH="230" HPOS="1173" VPOS="605" CONTENT="aarlig." WC="0.7" LANG="nob"/>
							<SP ID="SP3" WIDTH="106" HPOS="1403" VPOS="605"/>
							<String ID="STRING5" STYLEREFS="STYLE2" HEIGHT="90" WIDTH="128" HPOS="1509" VPOS="603" CONTENT="De" WC="0.65" LANG="nob"/>
							<SP ID="SP4" WIDTH="62" HPOS="1637" VPOS="603"/>
							<String ID="STRING6" STYLEREFS="STYLE2" HEIGHT="97" WIDTH="167" HPOS="1699" VPOS="607" CONTENT="have" WC="0.69" LANG="nob"/>
							<SP ID="SP5" WIDTH="41" HPOS="1866" VPOS="607"/>
							<String ID="STRING7" STYLEREFS="STYLE2" HEIGHT="68" WIDTH="70" HPOS="1907" VPOS="632" CONTENT="ey" WC="0.32" LANG="nob"/>
							<SP ID="SP6" WIDTH="46" HPOS="1977" VPOS="632"/>
							<String ID="STRING8" STYLEREFS="STYLE2" HEIGHT="73" WIDTH="224" HPOS="2023" VPOS="619" CONTENT="leverer" WC="0.67" LANG="nob"/>
							<SP ID="SP7" WIDTH="46" HPOS="2247" VPOS="619"/>
							<String ID="STRING9" STYLEREFS="STYLE2" HEIGHT="64" WIDTH="74" HPOS="2293" VPOS="628" CONTENT="os" WC="0.75" LANG="nob"/>
							<SP ID="SP8" WIDTH="44" HPOS="2367" VPOS="628"/>
							<String ID="STRING10" STYLEREFS="STYLE2" HEIGHT="85" WIDTH="162" HPOS="2411" VPOS="625" CONTENT="fieere" WC="0.62" LANG="nob"/>
							<SP ID="SP9" WIDTH="42" HPOS="2573" VPOS="625"/>
							<String ID="STRING11" STYLEREFS="STYLE2" HEIGHT="77" WIDTH="68" HPOS="2615" VPOS="630" CONTENT="ril" WC="0.57" LANG="nob"/>
						</TextLine>
						<TextLine ID="LINE3" HEIGHT="119" WIDTH="1690" HPOS="985" VPOS="717">
							<String ID="STRING12" STYLEREFS="STYLE2" HEIGHT="82" WIDTH="304" HPOS="985" VPOS="718" CONTENT="Oktober" WC="0.45" LANG="deu"/>
							<SP ID="SP10" WIDTH="40" HPOS="1289" VPOS="718"/>
							<String ID="STRING13" STYLEREFS="STYLE2" HEIGHT="80" WIDTH="352" HPOS="1329" VPOS="717" CONTENT="Maaneds" WC="0.81" LANG="nob"/>
							<SP ID="SP11" WIDTH="46" HPOS="1681" VPOS="717"/>
							<String ID="STRING14" STYLEREFS="STYLE2" HEIGHT="96" WIDTH="280" HPOS="1727" VPOS="723" CONTENT="Udgang" WC="0.55" LANG="dan"/>
							<SP ID="SP12" WIDTH="49" HPOS="2007" VPOS="723"/>
							<String ID="STRING15" STYLEREFS="STYLE2" HEIGHT="76" WIDTH="117" HPOS="2056" VPOS="732" CONTENT="end" WC="0.77" LANG="nob"/>
							<SP ID="SP13" WIDTH="53" HPOS="2173" VPOS="732"/>
							<String ID="STRING16" STYLEREFS="STYLE3" HEIGHT="73" WIDTH="81" HPOS="2226" VPOS="740" CONTENT="18" WC="0.61" LANG="nob"/>
							<SP ID="SP14" WIDTH="52" HPOS="2307" VPOS="740"/>
							<String ID="STRING17" STYLEREFS="STYLE2" HEIGHT="103" WIDTH="158" HPOS="2359" VPOS="728" CONTENT="Ark;" WC="0.43" LANG="nob"/>
							<SP ID="SP15" WIDTH="71" HPOS="2517" VPOS="728"/>
							<String ID="STRING18" STYLEREFS="STYLE2" HEIGHT="97" WIDTH="87" HPOS="2588" VPOS="739" CONTENT="rhi" WC="0.66" LANG="nob"/>
						</TextLine>
						<TextLine ID="LINE4" HEIGHT="121" WIDTH="1689" HPOS="984" VPOS="831">
							<String ID="STRING19" STYLEREFS="STYLE2" HEIGHT="73" WIDTH="48" HPOS="984" VPOS="852" CONTENT="3" WC="0.28" LANG="nob"/>
							<SP ID="SP16" WIDTH="14" HPOS="1032" VPOS="852"/>
							<String ID="STRING20" STYLEREFS="STYLE4" HEIGHT="69" WIDTH="45" HPOS="1046" VPOS="837" CONTENT="6" WC="0.55" LANG="nob"/>
							<SP ID="SP17" WIDTH="47" HPOS="1091" VPOS="837"/>
							<String ID="STRING21" STYLEREFS="STYLE2" HEIGHT="97" WIDTH="189" HPOS="1138" VPOS="831" CONTENT="halve" WC="0.91" LANG="nob"/>
							<SP ID="SP18" WIDTH="43" HPOS="1327" VPOS="831"/>
							<String ID="STRING22" STYLEREFS="STYLE2" HEIGHT="62" WIDTH="63" HPOS="1370" VPOS="851" CONTENT="er" WC="0.65" LANG="deu"/>
							<SP ID="SP19" WIDTH="39" HPOS="1433" VPOS="851"/>
							<String ID="STRING23" STYLEREFS="STYLE2" HEIGHT="95" WIDTH="65" HPOS="1472" VPOS="832" CONTENT="jo" WC="0.38" LANG="deu"/>
							<SP ID="SP20" WIDTH="49" HPOS="1537" VPOS="832"/>
							<String ID="STRING24" STYLEREFS="STYLE5" HEIGHT="79" WIDTH="83" HPOS="1586" VPOS="839" CONTENT="18" WC="0.82" LANG="dan"/>
							<SP ID="SP21" WIDTH="51" HPOS="1669" VPOS="839"/>
							<String ID="STRING25" STYLEREFS="STYLE2" HEIGHT="98" WIDTH="184" HPOS="1720" VPOS="837" CONTENT="heele," WC="0.94" LANG="nob"/>
							<SP ID="SP22" WIDTH="48" HPOS="1904" VPOS="837"/>
							<String ID="STRING26" STYLEREFS="STYLE2" HEIGHT="70" WIDTH="151" HPOS="1952" VPOS="845" CONTENT="vide" WC="0.81" LANG="nob"/>
							<SP ID="SP23" WIDTH="31" HPOS="2103" VPOS="845"/>
							<String ID="STRING27" STYLEREFS="STYLE2" HEIGHT="74" WIDTH="117" HPOS="2134" VPOS="852" CONTENT="den" WC="0.76" LANG="nob"/>
							<SP ID="SP24" WIDTH="29" HPOS="2251" VPOS="852"/>
							<String ID="STRING28" STYLEREFS="STYLE2" HEIGHT="103" WIDTH="393" HPOS="2280" VPOS="849" CONTENT="himmelhøyt" WC="0.63" LANG="nob"/>
						</TextLine>
						<TextLine ID="LINE5" HEIGHT="122" WIDTH="1468" HPOS="978" VPOS="946">
							<String ID="STRING29" STYLEREFS="STYLE2" HEIGHT="84" WIDTH="298" HPOS="978" VPOS="946" CONTENT="Lerømte" WC="0.79" LANG="nob"/>
							<SP ID="SP25" WIDTH="48" HPOS="1276" VPOS="946"/>
							<String ID="STRING30" STYLEREFS="STYLE2" HEIGHT="88" WIDTH="87" HPOS="1324" VPOS="954" CONTENT="(8-" WC="0.62" LANG="nob"/>
							<SP ID="SP26" WIDTH="49" HPOS="1411" VPOS="954"/>
							<String ID="STRING31" STYLEREFS="STYLE2" HEIGHT="104" WIDTH="122" HPOS="1460" VPOS="952" CONTENT="i'-)" WC="0.77" LANG="nob"/>
							<SP ID="SP27" WIDTH="46" HPOS="1582" VPOS="952"/>
							<String ID="STRING32" STYLEREFS="STYLE2" HEIGHT="104" WIDTH="398" HPOS="1628" VPOS="957" CONTENT="^reuttrnps" WC="0.55" LANG="nob"/>
							<SP ID="SP28" WIDTH="46" HPOS="2026" VPOS="957"/>
							<String ID="STRING33" STYLEREFS="STYLE2" HEIGHT="106" WIDTH="374" HPOS="2072" VPOS="962" CONTENT="Regnebog." WC="0.76" LANG="nob"/>
						</TextLine>
					</TextBlock>
					<TextBlock xs:type="TextBlockType" ID="ZONE1204378" HEIGHT="741" WIDTH="1722" HPOS="954" VPOS="1136" xlink:type="simple">
						<TextLine ID="LINE6" HEIGHT="127" WIDTH="1474" HPOS="1200" VPOS="1143">
							<String ID="STRING34" STYLEREFS="STYLE2" HEIGHT="101" WIDTH="344" HPOS="1200" VPOS="1143" CONTENT="Hvordan" WC="0.53" LANG="nob"/>
							<SP ID="SP29" WIDTH="62" HPOS="1544" VPOS="1143"/>
							<String ID="STRING35" STYLEREFS="STYLE2" HEIGHT="90" WIDTH="130" HPOS="1606" VPOS="1151" CONTENT="De" WC="0.65" LANG="nob"/>
							<SP ID="SP30" WIDTH="50" HPOS="1736" VPOS="1151"/>
							<String ID="STRING36" STYLEREFS="STYLE5" HEIGHT="94" WIDTH="215" HPOS="1786" VPOS="1157" CONTENT="altsaa" WC="0.86" LANG="dan"/>
							<SP ID="SP31" WIDTH="70" HPOS="2001" VPOS="1157"/>
							<String ID="STRING37" STYLEREFS="STYLE2" HEIGHT="81" WIDTH="89" HPOS="2071" VPOS="1165" CONTENT="vil" WC="0.79" LANG="dan"/>
							<SP ID="SP32" WIDTH="42" HPOS="2160" VPOS="1165"/>
							<String ID="STRING38" STYLEREFS="STYLE2" HEIGHT="82" WIDTH="162" HPOS="2202" VPOS="1165" CONTENT="blive" WC="0.77" LANG="dan"/>
							<SP ID="SP33" WIDTH="38" HPOS="2364" VPOS="1165"/>
							<String ID="STRING39" STYLEREFS="STYLE2" HEIGHT="105" WIDTH="214" HPOS="2402" VPOS="1165" CONTENT="færdig" WC="0.74" LANG="dan"/>
							<SP ID="SP34" WIDTH="40" HPOS="2616" VPOS="1165"/>
							<String ID="STRING40" STYLEREFS="STYLE2" HEIGHT="81" WIDTH="18" HPOS="2656" VPOS="1176" CONTENT="i" WC="0.56" LANG="nob"/>
						</TextLine>
						<TextLine ID="LINE7" HEIGHT="127" WIDTH="1698" HPOS="973" VPOS="1264">
							<String ID="STRING41" STYLEREFS="STYLE2" HEIGHT="53" WIDTH="49" HPOS="973" VPOS="1288" CONTENT="2" WC="0.51" LANG="nob"/>
							<SP ID="SP35" WIDTH="48" HPOS="1022" VPOS="1288"/>
							<String ID="STRING42" STYLEREFS="STYLE2" HEIGHT="86" WIDTH="376" HPOS="1070" VPOS="1264" CONTENT="Maaneder" WC="0.75" LANG="nob"/>
							<SP ID="SP36" WIDTH="59" HPOS="1446" VPOS="1264"/>
							<String ID="STRING43" STYLEREFS="STYLE6" HEIGHT="77" WIDTH="145" HPOS="1505" VPOS="1279" CONTENT="med" WC="0.68" LANG="nob"/>
							<SP ID="SP37" WIDTH="55" HPOS="1650" VPOS="1279"/>
							<String ID="STRING44" STYLEREFS="STYLE6" HEIGHT="67" WIDTH="43" HPOS="1705" VPOS="1301" CONTENT="9" WC="1" LANG="nob"/>
							<SP ID="SP38" WIDTH="49" HPOS="1748" VPOS="1301"/>
							<String ID="STRING45" STYLEREFS="STYLE2" HEIGHT="85" WIDTH="139" HPOS="1797" VPOS="1277" CONTENT="Ark" WC="0.67" LANG="nob"/>
							<SP ID="SP39" WIDTH="39" HPOS="1936" VPOS="1277"/>
							<String ID="STRING46" STYLEREFS="STYLE2" HEIGHT="77" WIDTH="137" HPOS="1975" VPOS="1287" CONTENT="eller" WC="0.87" LANG="nob"/>
							<SP ID="SP40" WIDTH="47" HPOS="2112" VPOS="1287"/>
							<String ID="STRING47" STYLEREFS="STYLE6" HEIGHT="71" WIDTH="81" HPOS="2159" VPOS="1299" CONTENT="18" WC="0.65" LANG="nob"/>
							<SP ID="SP41" WIDTH="51" HPOS="2240" VPOS="1299"/>
							<String ID="STRING48" STYLEREFS="STYLE2" HEIGHT="106" WIDTH="380" HPOS="2291" VPOS="1285" CONTENT="Nummere," WC="0.6" LANG="deu"/>
						</TextLine>
						<TextLine ID="LINE8" HEIGHT="118" WIDTH="1698" HPOS="969" VPOS="1390">
							<String ID="STRING49" STYLEREFS="STYLE2" HEIGHT="77" WIDTH="98" HPOS="969" VPOS="1392" CONTENT="da" WC="0.63" LANG="dan"/>
							<SP ID="SP42" WIDTH="36" HPOS="1067" VPOS="1392"/>
							<String ID="STRING50" STYLEREFS="STYLE2" HEIGHT="76" WIDTH="104" HPOS="1103" VPOS="1395" CONTENT="der" WC="0.56" LANG="dan"/>
							<SP ID="SP43" WIDTH="42" HPOS="1207" VPOS="1395"/>
							<String ID="STRING51" STYLEREFS="STYLE2" HEIGHT="82" WIDTH="120" HPOS="1249" VPOS="1390" CONTENT="ikke" WC="0.83" LANG="dan"/>
							<SP ID="SP44" WIDTH="50" HPOS="1369" VPOS="1390"/>
							<String ID="STRING52" STYLEREFS="STYLE2" HEIGHT="101" WIDTH="120" HPOS="1419" VPOS="1391" CONTENT="har" WC="0.75" LANG="dan"/>
							<SP ID="SP45" WIDTH="44" HPOS="1539" VPOS="1391"/>
							<String ID="STRING53" STYLEREFS="STYLE2" HEIGHT="68" WIDTH="194" HPOS="1583" VPOS="1414" CONTENT="været" WC="0.8" LANG="dan"/>
							<SP ID="SP46" WIDTH="28" HPOS="1777" VPOS="1414"/>
							<String ID="STRING54" STYLEREFS="STYLE2" HEIGHT="79" WIDTH="142" HPOS="1805" VPOS="1405" CONTENT="dem" WC="0.66" LANG="dan"/>
							<SP ID="SP47" WIDTH="27" HPOS="1947" VPOS="1405"/>
							<String ID="STRING55" STYLEREFS="STYLE2" HEIGHT="96" WIDTH="285" HPOS="1974" VPOS="1408" CONTENT="mueligr," WC="0.85" LANG="dan"/>
							<SP ID="SP48" WIDTH="43" HPOS="2259" VPOS="1408"/>
							<String ID="STRING56" STYLEREFS="STYLE2" HEIGHT="65" WIDTH="69" HPOS="2302" VPOS="1426" CONTENT="at" WC="1" LANG="dan"/>
							<SP ID="SP49" WIDTH="21" HPOS="2371" VPOS="1426"/>
							<String ID="STRING57" STYLEREFS="STYLE2" HEIGHT="92" WIDTH="275" HPOS="2392" VPOS="1416" CONTENT="præstere" WC="0.74" LANG="dan"/>
						</TextLine>
						<TextLine ID="LINE9" HEIGHT="131" WIDTH="1699" HPOS="966" VPOS="1514">
							<String ID="STRING58" STYLEREFS="STYLE2" HEIGHT="62" WIDTH="179" HPOS="966" VPOS="1530" CONTENT="mere" WC="0.62" LANG="nob"/>
							<SP ID="SP50" WIDTH="55" HPOS="1145" VPOS="1530"/>
							<String ID="STRING59" STYLEREFS="STYLE2" HEIGHT="79" WIDTH="121" HPOS="1200" VPOS="1514" CONTENT="end" WC="0.79" LANG="nob"/>
							<SP ID="SP51" WIDTH="75" HPOS="1321" VPOS="1514"/>
							<String ID="STRING60" STYLEREFS="STYLE2" HEIGHT="70" WIDTH="83" HPOS="1396" VPOS="1528" CONTENT="18" WC="1" LANG="nob"/>
							<SP ID="SP52" WIDTH="70" HPOS="1479" VPOS="1528"/>
							<String ID="STRING61" STYLEREFS="STYLE2" HEIGHT="87" WIDTH="136" HPOS="1549" VPOS="1514" CONTENT="Ark" WC="0.7" LANG="dan"/>
							<SP ID="SP53" WIDTH="63" HPOS="1685" VPOS="1514"/>
							<String ID="STRING62" STYLEREFS="STYLE2" HEIGHT="78" WIDTH="21" HPOS="1748" VPOS="1522" CONTENT="i" WC="0.33" LANG="dan"/>
							<SP ID="SP54" WIDTH="49" HPOS="1769" VPOS="1522"/>
							<String ID="STRING63" STYLEREFS="STYLE2" HEIGHT="53" WIDTH="87" HPOS="1818" VPOS="1544" CONTENT="10" WC="0.38" LANG="nob"/>
							<SP ID="SP55" WIDTH="45" HPOS="1905" VPOS="1544"/>
							<String ID="STRING64" STYLEREFS="STYLE2" HEIGHT="100" WIDTH="313" HPOS="1950" VPOS="1522" CONTENT="samfulde" WC="0.8" LANG="dan"/>
							<SP ID="SP56" WIDTH="39" HPOS="2263" VPOS="1522"/>
							<String ID="STRING65" STYLEREFS="STYLE7" HEIGHT="117" WIDTH="363" HPOS="2302" VPOS="1528" CONTENT="Maane-der" WC="0.85" LANG="dan"/>
						</TextLine>
						<TextLine ID="LINE10" HEIGHT="118" WIDTH="1703" HPOS="957" VPOS="1635">
							<String ID="STRING66" STYLEREFS="STYLE5" HEIGHT="75" WIDTH="94" HPOS="957" VPOS="1647" CONTENT="og" WC="0.81" LANG="dan"/>
							<SP ID="SP57" WIDTH="61" HPOS="1051" VPOS="1647"/>
							<String ID="STRING67" STYLEREFS="STYLE2" HEIGHT="98" WIDTH="300" HPOS="1112" VPOS="1635" CONTENT="derover," WC="0.7" LANG="nob"/>
							<SP ID="SP58" WIDTH="64" HPOS="1412" VPOS="1635"/>
							<String ID="STRING68" STYLEREFS="STYLE2" HEIGHT="77" WIDTH="100" HPOS="1476" VPOS="1640" CONTENT="det" WC="0.51" LANG="nob"/>
							<SP ID="SP59" WIDTH="54" HPOS="1576" VPOS="1640"/>
							<String ID="STRING69" STYLEREFS="STYLE2" HEIGHT="88" WIDTH="174" HPOS="1630" VPOS="1646" CONTENT="giver" WC="0.71" LANG="nob"/>
							<SP ID="SP60" WIDTH="56" HPOS="1804" VPOS="1646"/>
							<String ID="STRING70" STYLEREFS="STYLE2" HEIGHT="100" WIDTH="98" HPOS="1860" VPOS="1642" CONTENT="jeg" WC="0.77" LANG="dan"/>
							<SP ID="SP61" WIDTH="44" HPOS="1958" VPOS="1642"/>
							<String ID="STRING71" STYLEREFS="STYLE2" HEIGHT="88" WIDTH="196" HPOS="2002" VPOS="1645" CONTENT="Dem" WC="0.67" LANG="dan"/>
							<SP ID="SP62" WIDTH="45" HPOS="2198" VPOS="1645"/>
							<String ID="STRING72" STYLEREFS="STYLE2" HEIGHT="62" WIDTH="69" HPOS="2243" VPOS="1669" CONTENT="at" WC="0.7" LANG="dan"/>
							<SP ID="SP63" WIDTH="42" HPOS="2312" VPOS="1669"/>
							<String ID="STRING73" STYLEREFS="STYLE2" HEIGHT="99" WIDTH="306" HPOS="2354" VPOS="1654" CONTENT="betænke;" WC="0.82" LANG="dan"/>
						</TextLine>
						<TextLine ID="LINE11" HEIGHT="119" WIDTH="1549" HPOS="955" VPOS="1754">
							<String ID="STRING74" STYLEREFS="STYLE2" HEIGHT="68" WIDTH="157" HPOS="955" VPOS="1762" CONTENT="men" WC="0.75" LANG="nob"/>
							<SP ID="SP64" WIDTH="40" HPOS="1112" VPOS="1762"/>
							<String ID="STRING75" STYLEREFS="STYLE2" HEIGHT="80" WIDTH="200" HPOS="1152" VPOS="1754" CONTENT="denne" WC="0.86" LANG="nob"/>
							<SP ID="SP65" WIDTH="38" HPOS="1352" VPOS="1754"/>
							<String ID="STRING76" STYLEREFS="STYLE8" HEIGHT="94" WIDTH="250" HPOS="1390" VPOS="1757" CONTENT="Regula" WC="0.48" LANG="deu"/>
							<SP ID="SP66" WIDTH="43" HPOS="1640" VPOS="1757"/>
							<String ID="STRING77" STYLEREFS="STYLE9" HEIGHT="69" WIDTH="81" HPOS="1683" VPOS="1763" CONTENT="de" WC="0.75" LANG="nob"/>
							<SP ID="SP67" WIDTH="39" HPOS="1764" VPOS="1763"/>
							<String ID="STRING78" STYLEREFS="STYLE9" HEIGHT="70" WIDTH="129" HPOS="1803" VPOS="1767" CONTENT="Tri" WC="0.47" LANG="nob"/>
							<SP ID="SP68" WIDTH="41" HPOS="1932" VPOS="1767"/>
							<String ID="STRING79" STYLEREFS="STYLE2" HEIGHT="84" WIDTH="123" HPOS="1973" VPOS="1767" CONTENT="bør" WC="0.7" LANG="nob"/>
							<SP ID="SP69" WIDTH="43" HPOS="2096" VPOS="1767"/>
							<String ID="STRING80" STYLEREFS="STYLE2" HEIGHT="87" WIDTH="169" HPOS="2139" VPOS="1772" CONTENT="ftaae" WC="0.89" LANG="nob"/>
							<SP ID="SP70" WIDTH="39" HPOS="2308" VPOS="1772"/>
							<String ID="STRING81" STYLEREFS="STYLE2" HEIGHT="101" WIDTH="157" HPOS="2347" VPOS="1772" CONTENT="fast:" WC="0.73" LANG="nob"/>
						</TextLine>
					</TextBlock>
					<Illustration xs:type="IllustrationType" ID="ZONE1204379" HEIGHT="1151" WIDTH="146" HPOS="73" VPOS="1915" xlink:type="simple"/>
					<TextBlock xs:type="TextBlockType" ID="ZONE1204380" HEIGHT="353" WIDTH="1608" HPOS="1053" VPOS="1946" xlink:type="simple">
						<TextLine ID="LINE12" HEIGHT="127" WIDTH="1600" HPOS="1059" VPOS="1949">
							<String ID="STRING82" STYLEREFS="STYLE2" HEIGHT="71" WIDTH="99" HPOS="1059" VPOS="1969" CONTENT="27" WC="0.88" LANG="nob"/>
							<SP ID="SP71" WIDTH="46" HPOS="1158" VPOS="1969"/>
							<String ID="STRING83" STYLEREFS="STYLE6" HEIGHT="85" WIDTH="138" HPOS="1204" VPOS="1949" CONTENT="Ark" WC="0.6" LANG="nob"/>
							<SP ID="SP72" WIDTH="39" HPOS="1342" VPOS="1949"/>
							<String ID="STRING84" STYLEREFS="STYLE6" HEIGHT="97" WIDTH="193" HPOS="1381" VPOS="1952" CONTENT="koster" WC="0.67" LANG="nob"/>
							<SP ID="SP73" WIDTH="53" HPOS="1574" VPOS="1952"/>
							<String ID="STRING85" STYLEREFS="STYLE6" HEIGHT="66" WIDTH="43" HPOS="1627" VPOS="1982" CONTENT="9" WC="1" LANG="nob"/>
							<SP ID="SP74" WIDTH="49" HPOS="1670" VPOS="1982"/>
							<String ID="STRING86" STYLEREFS="STYLE6" HEIGHT="83" WIDTH="211" HPOS="1719" VPOS="1961" CONTENT="Mark" WC="0.68" LANG="dan"/>
							<SP ID="SP75" WIDTH="45" HPOS="1930" VPOS="1961"/>
							<String ID="STRING87" STYLEREFS="STYLE6" HEIGHT="94" WIDTH="49" HPOS="1975" VPOS="1969" CONTENT="(i" WC="0.69" LANG="dan"/>
							<SP ID="SP76" WIDTH="45" HPOS="2024" VPOS="1969"/>
							<String ID="STRING88" STYLEREFS="STYLE6" HEIGHT="103" WIDTH="370" HPOS="2069" VPOS="1969" CONTENT="Siælland)" WC="0.78" LANG="nob"/>
							<SP ID="SP77" WIDTH="44" HPOS="2439" VPOS="1969"/>
							<String ID="STRING89" STYLEREFS="STYLE6" HEIGHT="101" WIDTH="176" HPOS="2483" VPOS="1975" CONTENT="hvad" WC="0.78" LANG="dan"/>
						</TextLine>
						<TextLine ID="LINE13" HEIGHT="124" WIDTH="1512" HPOS="1141" VPOS="2065">
							<String ID="STRING90" STYLEREFS="STYLE6" HEIGHT="79" WIDTH="94" HPOS="1141" VPOS="2070" CONTENT="da" WC="0.62" LANG="nob"/>
							<SP ID="SP78" WIDTH="40" HPOS="1235" VPOS="2070"/>
							<String ID="STRING91" STYLEREFS="STYLE5" HEIGHT="117" WIDTH="331" HPOS="1275" VPOS="2065" CONTENT="21»Ark»,—" WC="0.77" LANG="dan"/>
							<SP ID="SP79" WIDTH="-189" HPOS="1606" VPOS="2065"/>
							<String ID="STRING92" STYLEREFS="STYLE6" HEIGHT="106" WIDTH="180" HPOS="1417" VPOS="2065" CONTENT="Ark," WC="0.71" LANG="nob"/>
							<SP ID="SP80" WIDTH="46" HPOS="1597" VPOS="2065"/>
							<String ID="STRING93" STYLEREFS="STYLE6" HEIGHT="76" WIDTH="138" HPOS="1643" VPOS="2083" CONTENT="eller" WC="0.86" LANG="nob"/>
							<SP ID="SP81" WIDTH="42" HPOS="1781" VPOS="2083"/>
							<String ID="STRING94" STYLEREFS="STYLE6" HEIGHT="94" WIDTH="108" HPOS="1823" VPOS="2080" CONTENT="jha" WC="0.1" LANG="nob"/>
							<SP ID="SP82" WIDTH="40" HPOS="1931" VPOS="2080"/>
							<String ID="STRING95" STYLEREFS="STYLE6" HEIGHT="86" WIDTH="254" HPOS="1971" VPOS="2103" CONTENT="mange," WC="0.83" LANG="nob"/>
							<SP ID="SP83" WIDTH="38" HPOS="2225" VPOS="2103"/>
							<String ID="STRING96" STYLEREFS="STYLE6" HEIGHT="102" WIDTH="134" HPOS="2263" VPOS="2087" CONTENT="som" WC="0.4" LANG="nob"/>
							<SP ID="SP84" WIDTH="40" HPOS="2397" VPOS="2087"/>
							<String ID="STRING97" STYLEREFS="STYLE6" HEIGHT="81" WIDTH="72" HPOS="2437" VPOS="2100" CONTENT="de" WC="0.64" LANG="nob"/>
							<SP ID="SP85" WIDTH="22" HPOS="2509" VPOS="2100"/>
							<String ID="STRING98" STYLEREFS="STYLE6" HEIGHT="87" WIDTH="122" HPOS="2531" VPOS="2096" CONTENT="kan" WC="1" LANG="nob"/>
						</TextLine>
						<TextLine ID="LINE14" HEIGHT="99" WIDTH="815" HPOS="1132" VPOS="2185">
							<String ID="STRING99" STYLEREFS="STYLE6" HEIGHT="89" WIDTH="409" HPOS="1132" VPOS="2185" CONTENT="overkomme" WC="0.77" LANG="nob"/>
							<SP ID="SP86" WIDTH="45" HPOS="1541" VPOS="2185"/>
							<String ID="STRING100" STYLEREFS="STYLE2" HEIGHT="66" WIDTH="71" HPOS="1586" VPOS="2210" CONTENT="at" WC="0.86" LANG="nob"/>
							<SP ID="SP87" WIDTH="41" HPOS="1657" VPOS="2210"/>
							<String ID="STRING101" STYLEREFS="STYLE6" HEIGHT="83" WIDTH="249" HPOS="1698" VPOS="2201" CONTENT="levere?" WC="0.76" LANG="nob"/>
						</TextLine>
					</TextBlock>
					<TextBlock xs:type="TextBlockType" ID="ZONE1204381" HEIGHT="738" WIDTH="1722" HPOS="926" VPOS="2374" xlink:type="simple">
						<TextLine ID="LINE15" HEIGHT="132" WIDTH="1471" HPOS="1175" VPOS="2378">
							<String ID="STRING102" STYLEREFS="STYLE2" HEIGHT="92" WIDTH="258" HPOS="1175" VPOS="2378" CONTENT="Denne" WC="0.92" LANG="dan"/>
							<SP ID="SP88" WIDTH="46" HPOS="1433" VPOS="2378"/>
							<String ID="STRING103" STYLEREFS="STYLE2" HEIGHT="89" WIDTH="240" HPOS="1479" VPOS="2389" CONTENT="Rabat" WC="0.77" LANG="dan"/>
							<SP ID="SP89" WIDTH="63" HPOS="1719" VPOS="2389"/>
							<String ID="STRING104" STYLEREFS="STYLE2" HEIGHT="82" WIDTH="121" HPOS="1782" VPOS="2397" CONTENT="bor" WC="0.45" LANG="nob"/>
							<SP ID="SP90" WIDTH="35" HPOS="1903" VPOS="2397"/>
							<String ID="STRING105" STYLEREFS="STYLE2" HEIGHT="80" WIDTH="81" HPOS="1938" VPOS="2404" CONTENT="de" WC="0.63" LANG="nob"/>
							<SP ID="SP91" WIDTH="43" HPOS="2019" VPOS="2404"/>
							<String ID="STRING106" STYLEREFS="STYLE2" HEIGHT="94" WIDTH="109" HPOS="2062" VPOS="2405" CONTENT="saa" WC="0.93" LANG="nob"/>
							<SP ID="SP92" WIDTH="39" HPOS="2171" VPOS="2405"/>
							<String ID="STRING107" STYLEREFS="STYLE2" HEIGHT="82" WIDTH="199" HPOS="2210" VPOS="2428" CONTENT="meget" WC="0.75" LANG="nob"/>
							<SP ID="SP93" WIDTH="41" HPOS="2409" VPOS="2428"/>
							<String ID="STRING108" STYLEREFS="STYLE2" HEIGHT="70" WIDTH="196" HPOS="2450" VPOS="2434" CONTENT="meere" WC="0.78" LANG="nob"/>
						</TextLine>
						<TextLine ID="LINE16" HEIGHT="137" WIDTH="1698" HPOS="942" VPOS="2503">
							<String ID="STRING109" STYLEREFS="STYLE2" HEIGHT="96" WIDTH="212" HPOS="942" VPOS="2504" CONTENT="raale," WC="0.89" LANG="nob"/>
							<SP ID="SP94" WIDTH="70" HPOS="1154" VPOS="2504"/>
							<String ID="STRING110" STYLEREFS="STYLE2" HEIGHT="95" WIDTH="132" HPOS="1224" VPOS="2503" CONTENT="som" WC="0.73" LANG="dan"/>
							<SP ID="SP95" WIDTH="66" HPOS="1356" VPOS="2503"/>
							<String ID="STRING111" STYLEREFS="STYLE2" HEIGHT="90" WIDTH="130" HPOS="1422" VPOS="2509" CONTENT="De" WC="0.83" LANG="dan"/>
							<SP ID="SP96" WIDTH="64" HPOS="1552" VPOS="2509"/>
							<String ID="STRING112" STYLEREFS="STYLE2" HEIGHT="97" WIDTH="160" HPOS="1616" VPOS="2515" CONTENT="have" WC="0.69" LANG="dan"/>
							<SP ID="SP97" WIDTH="54" HPOS="1776" VPOS="2515"/>
							<String ID="STRING113" STYLEREFS="STYLE2" HEIGHT="93" WIDTH="140" HPOS="1830" VPOS="2520" CONTENT="fadt" WC="0.72" LANG="dan"/>
							<SP ID="SP98" WIDTH="55" HPOS="1970" VPOS="2520"/>
							<String ID="STRING114" STYLEREFS="STYLE2" HEIGHT="62" WIDTH="75" HPOS="2025" VPOS="2546" CONTENT="en" WC="1" LANG="nob"/>
							<SP ID="SP99" WIDTH="58" HPOS="2100" VPOS="2546"/>
							<String ID="STRING115" STYLEREFS="STYLE2" HEIGHT="93" WIDTH="312" HPOS="2158" VPOS="2530" CONTENT="særdeeles" WC="0.91" LANG="nob"/>
							<SP ID="SP100" WIDTH="42" HPOS="2470" VPOS="2530"/>
							<String ID="STRING116" STYLEREFS="STYLE2" HEIGHT="100" WIDTH="128" HPOS="2512" VPOS="2540" CONTENT="hoy" WC="0.45" LANG="nob"/>
						</TextLine>
						<TextLine ID="LINE17" HEIGHT="135" WIDTH="1697" HPOS="942" VPOS="2622">
							<String ID="STRING117" STYLEREFS="STYLE2" HEIGHT="101" WIDTH="252" HPOS="942" VPOS="2622" CONTENT="Priis," WC="0.73" LANG="nob"/>
							<SP ID="SP101" WIDTH="41" HPOS="1194" VPOS="2622"/>
							<String ID="STRING118" STYLEREFS="STYLE2" HEIGHT="97" WIDTH="271" HPOS="1235" VPOS="2633" CONTENT="nemlig:" WC="0.77" LANG="nob"/>
							<SP ID="SP102" WIDTH="46" HPOS="1506" VPOS="2633"/>
							<String ID="STRING119" STYLEREFS="STYLE5" HEIGHT="104" WIDTH="252" HPOS="1552" VPOS="2633" CONTENT="næsen" WC="0.85" LANG="dan"/>
							<SP ID="SP103" WIDTH="49" HPOS="1804" VPOS="2633"/>
							<String ID="STRING120" STYLEREFS="STYLE6" HEIGHT="69" WIDTH="31" HPOS="1853" VPOS="2666" CONTENT="5" WC="1" LANG="nob"/>
							<SP ID="SP104" WIDTH="49" HPOS="1884" VPOS="2666"/>
							<String ID="STRING121" STYLEREFS="STYLE2" HEIGHT="108" WIDTH="298" HPOS="1933" VPOS="2642" CONTENT="Skilling" WC="0.69" LANG="nob"/>
							<SP ID="SP105" WIDTH="28" HPOS="2231" VPOS="2642"/>
							<String ID="STRING122" STYLEREFS="STYLE5" HEIGHT="95" WIDTH="237" HPOS="2259" VPOS="2661" CONTENT="danske" WC="0.87" LANG="dan"/>
							<SP ID="SP106" WIDTH="43" HPOS="2496" VPOS="2661"/>
							<String ID="STRING123" STYLEREFS="STYLE2" HEIGHT="95" WIDTH="100" HPOS="2539" VPOS="2662" CONTENT="for" WC="0.53" LANG="nob"/>
						</TextLine>
						<TextLine ID="LINE18" HEIGHT="131" WIDTH="1658" HPOS="935" VPOS="2742">
							<String ID="STRING124" STYLEREFS="STYLE2" HEIGHT="95" WIDTH="165" HPOS="935" VPOS="2742" CONTENT="hver" WC="0.63" LANG="dan"/>
							<SP ID="SP107" WIDTH="61" HPOS="1100" VPOS="2742"/>
							<String ID="STRING125" STYLEREFS="STYLE2" HEIGHT="83" WIDTH="137" HPOS="1161" VPOS="2744" CONTENT="Ark" WC="0.64" LANG="dan"/>
							<SP ID="SP108" WIDTH="59" HPOS="1298" VPOS="2744"/>
							<String ID="STRING126" STYLEREFS="STYLE2" HEIGHT="99" WIDTH="78" HPOS="1357" VPOS="2749" CONTENT="af" WC="0.93" LANG="dan"/>
							<SP ID="SP109" WIDTH="54" HPOS="1435" VPOS="2749"/>
							<String ID="STRING127" STYLEREFS="STYLE2" HEIGHT="83" WIDTH="182" HPOS="1489" VPOS="2761" CONTENT="deres" WC="0.79" LANG="nob"/>
							<SP ID="SP110" WIDTH="62" HPOS="1671" VPOS="2761"/>
							<String ID="STRING128" STYLEREFS="STYLE2" HEIGHT="99" WIDTH="306" HPOS="1733" VPOS="2758" CONTENT="Journal" WC="0.76" LANG="nob"/>
							<SP ID="SP111" WIDTH="59" HPOS="2039" VPOS="2758"/>
							<String ID="STRING129" STYLEREFS="STYLE2" HEIGHT="94" WIDTH="201" HPOS="2098" VPOS="2779" CONTENT="endog" WC="0.75" LANG="nob"/>
							<SP ID="SP112" WIDTH="38" HPOS="2299" VPOS="2779"/>
							<String ID="STRING130" STYLEREFS="STYLE8" HEIGHT="72" WIDTH="68" HPOS="2337" VPOS="2778" CONTENT="in" WC="0.63" LANG="nob"/>
							<SP ID="SP113" WIDTH="41" HPOS="2405" VPOS="2778"/>
							<String ID="STRING131" STYLEREFS="STYLE6" HEIGHT="71" WIDTH="147" HPOS="2446" VPOS="2784" CONTENT="lam" SUBS_TYPE="HypPart1" SUBS_CONTENT="lamog" WC="0.77" LANG="dan"/>
							<HYP CONTENT="-"/>
						</TextLine>
						<TextLine ID="LINE19" HEIGHT="146" WIDTH="1700" HPOS="930" VPOS="2860">
							<String ID="STRING132" STYLEREFS="STYLE10" HEIGHT="84" WIDTH="98" HPOS="930" VPOS="2877" CONTENT="og" SUBS_TYPE="HypPart2" SUBS_CONTENT="lamog" WC="0.81" LANG="dan"/>
							<SP ID="SP114" WIDTH="-96" HPOS="1028" VPOS="2877"/>
							<String ID="STRING133" STYLEREFS="STYLE2" HEIGHT="84" WIDTH="89" HPOS="932" VPOS="2877" CONTENT="vg" WC="0.61" LANG="nob"/>
							<SP ID="SP115" WIDTH="48" HPOS="1021" VPOS="2877"/>
							<String ID="STRING134" STYLEREFS="STYLE2" HEIGHT="99" WIDTH="442" HPOS="1069" VPOS="2860" CONTENT="Spørsmaal" WC="0.83" LANG="nob"/>
							<SP ID="SP116" WIDTH="47" HPOS="1511" VPOS="2860"/>
							<String ID="STRING135" STYLEREFS="STYLE2" HEIGHT="83" WIDTH="107" HPOS="1558" VPOS="2891" CONTENT="er," WC="0.7" LANG="nob"/>
							<SP ID="SP117" WIDTH="43" HPOS="1665" VPOS="2891"/>
							<String ID="STRING136" STYLEREFS="STYLE2" HEIGHT="61" WIDTH="107" HPOS="1708" VPOS="2901" CONTENT="om" WC="1" LANG="nob"/>
							<SP ID="SP118" WIDTH="38" HPOS="1815" VPOS="2901"/>
							<String ID="STRING137" STYLEREFS="STYLE2" HEIGHT="100" WIDTH="382" HPOS="1853" VPOS="2884" CONTENT="Journalen" WC="0.89" LANG="nob"/>
							<SP ID="SP119" WIDTH="39" HPOS="2235" VPOS="2884"/>
							<String ID="STRING138" STYLEREFS="STYLE2" HEIGHT="88" WIDTH="119" HPOS="2274" VPOS="2899" CONTENT="ikke" WC="0.75" LANG="nob"/>
							<SP ID="SP120" WIDTH="31" HPOS="2393" VPOS="2899"/>
							<String ID="STRING139" STYLEREFS="STYLE10" HEIGHT="83" WIDTH="206" HPOS="2424" VPOS="2923" CONTENT="gaaer" SUBS_TYPE="HypPart1" SUBS_CONTENT="gaaerpdssrisnnder4’" WC="0.82" LANG="dan"/>
							<HYP HEIGHT="3" WIDTH="2" HPOS="2635" VPOS="2963" CONTENT="-"/>
						</TextLine>
						<TextLine ID="LINE20" HEIGHT="121" WIDTH="1198" HPOS="928" VPOS="2975">
							<String ID="STRING140" STYLEREFS="STYLE7" HEIGHT="115" WIDTH="498" HPOS="928" VPOS="2975" CONTENT="pdssrisnnder4’" SUBS_TYPE="HypPart2" SUBS_CONTENT="gaaerpdssrisnnder4’" WC="0.81" LANG="dan"/>
							<SP ID="SP121" WIDTH="-498" HPOS="1426" VPOS="2975"/>
							<String ID="STRING141" STYLEREFS="STYLE2" HEIGHT="101" WIDTH="237" HPOS="928" VPOS="2975" CONTENT="postfri" WC="0.56" LANG="nob"/>
							<SP ID="SP122" WIDTH="43" HPOS="1165" VPOS="2975"/>
							<String ID="STRING142" STYLEREFS="STYLE2" HEIGHT="80" WIDTH="209" HPOS="1208" VPOS="2993" CONTENT="under" WC="0.68" LANG="nob"/>
							<SP ID="SP123" WIDTH="39" HPOS="1417" VPOS="2993"/>
							<String ID="STRING143" STYLEREFS="STYLE2" HEIGHT="102" WIDTH="276" HPOS="1456" VPOS="2990" CONTENT="Avisens" WC="0.84" LANG="nob"/>
							<SP ID="SP124" WIDTH="46" HPOS="1732" VPOS="2990"/>
							<String ID="STRING144" STYLEREFS="STYLE2" HEIGHT="95" WIDTH="348" HPOS="1778" VPOS="3001" CONTENT="Couvert?" WC="0.62" LANG="deu"/>
						</TextLine>
					</TextBlock>
					<Illustration xs:type="IllustrationType" ID="ZONE1204382" HEIGHT="720" WIDTH="2850" HPOS="155" VPOS="3165" xlink:type="simple"/>
					<Illustration xs:type="IllustrationType" ID="ZONE1204383" HEIGHT="336" WIDTH="2784" HPOS="142" VPOS="3826" xlink:type="simple"/>
					<Illustration xs:type="IllustrationType" ID="ZONE1204384" HEIGHT="286" WIDTH="2833" HPOS="136" VPOS="4104" xlink:type="simple"/>
					<Illustration xs:type="IllustrationType" ID="ZONE1204385" HEIGHT="356" WIDTH="2632" HPOS="131" VPOS="4332" xlink:type="simple"/>
				</ComposedBlock>
			</PrintSpace>
		</Page>
	</Layout>
</alto>
