2811 4634
182 685 233 73 maae,
468 672 125 74 den
640 666 127 85 bør
818 669 335 98 standses,
1210 672 199 96 helbst
1460 694 177 61 naar
1674 695 163 62 man

185 785 68 64 er
299 778 124 72 ved
475 764 334 88 Bredden
857 771 82 88 af
970 770 103 97 sn
1129 773 450 95 Undergang,
1633 774 180 93 saale-

181 874 122 72 des
341 870 134 92 som
513 872 68 74 vi
623 888 122 58 ere.
847 867 70 96 I
957 869 242 93 Lande,
1259 882 112 70 der
1405 894 98 58 ere
1533 874 184 97 Rige
1753 895 84 76 og

179 965 414 100 Handlende
639 964 164 99 nok,
865 989 68 58 er
993 979 104 70 der
1147 973 52 77 ei
1235 972 402 97 Pppighed,
1699 975 136 94 som

179 1089 68 58 er
288 1067 522 99 Yppighed-hos
685 1068 126 92 hos
849 1077 104 70 os.
1061 1069 172 86 Der
1267 1078 126 72 kan
1433 1096 160 58 man
1633 1083 202 88 længe

181 1169 127 79 nok
349 1176 129 70 rals
527 1184 109 62 om
705 1166 411 95 PppighedS
1153 1184 163 80 gode
1355 1170 475 99 Virkninger,

182 1269 242 93 hofligr
464 1286 80 74 og
588 1272 218 89 artigt
838 1265 298 96 Væsen,
1196 1268 252 94 smukke
1492 1270 344 99 Kunster,

180 1362 644 100 Beqvemmelighed
854 1385 80 60 rc.
1044 1367 176 80 Men
1260 1370 126 86 hos
1426 1382 82 68 os
1550 1372 284 92 handles

176 1473 272 85 derom,
520 1468 54 76 ei
626 1484 110 61 om
794 1467 68 78 vi
907 1463 186 95 skule
1134 1487 170 61 være
1356 1484 60 62 er
1466 1476 248 89 artigt,
1774 1487 64 66 et

176 1565 445 95 elstværdigr,
680 1582 57 61 er
778 1569 337 92 nydeligt,
1176 1582 59 64 et
1280 1566 301 98 Parisist
1616 1566 217 101 Folk,

177 1685 154 60 men
387 1682 108 60 om
545 1668 68 74 vi
673 1660 188 90 stulle
917 1685 168 58 være
1143 1679 58 65 et
1263 1660 212 100 Folk,
1553 1688 108 59 om
1727 1677 108 72 det

175 1762 290 94 Danste
509 1784 82 70 og
631 1760 256 91 Norste
921 1759 222 84 Navn
1187 1766 52 76 ei
1291 1782 180 60 reent
1527 1766 128 92 stal
1711 1777 98 70 ud-

179 1867 234 92 flettes.
527 1858 318 100 Foruden
889 1871 120 70 den
1049 1866 274 90 utallige
1381 1864 328 100 Mængde
1759 1863 82 96 af

175 1964 412 94 undværlige
647 1956 234 99 Ting,
953 1965 136 94 som
1153 1964 306 94 indføres
1525 1973 306 88 aarligen

177 2069 75 74 til
291 2074 119 74 os,
467 2066 283 86 hvorom
791 2081 161 58 man
995 2063 185 78 ikkun
1233 2062 207 90 haver
1493 2071 207 90 nødig
1753 2083 77 64 at

178 2163 136 93 læse
374 2162 370 92 Capiraine
806 2159 298 72 Liukens
1158 2168 338 92 ypperlige
1566 2187 266 56 oecono«

178 2263 186 91 miste
394 2262 316 90 Tanker,
772 2259 114 90 faa
924 2261 278 78 betænke
1242 2280 200 74 man,
1502 2262 168 92 hvor
1704 2283 96 60 me-

176 2379 126 78 gen
332 2360 206 82 Skar
568 2362 64 74 vi
674 2363 302 88 aarligen
1016 2379 194 58 maae
1270 2362 146 90 give
1472 2366 72 72 ril
1598 2358 200 99 Frem-

178 2474 217 76 mede,
460 2468 95 84 jeg
594 2478 258 59 meener
890 2455 342 82 Renterne
1278 2456 81 92 af
1410 2470 120 66 den
1582 2460 250 80 Landet

169 2560 352 92 trykkende
557 2558 254 82 Giæld.
903 2555 124 94 Og
1071 2565 130 87 dog
1241 2556 204 92 haver
1477 2578 160 60 man
1675 2561 124 78 kun-

175 2677 110 62 net
335 2666 290 70 overtale
673 2658 96 95 sig
803 2657 116 86 ril,
979 2673 72 60 ar
1089 2657 288 93 begynde
1431 2668 144 68 med
1615 2677 74 60 at
1729 2663 70 74 be-

177 2767 130 72 tale
349 2768 122 68 den
503 2755 458 92 invenlandste
997 2755 258 98 Gjæld-»
1315 2776 82 74 og
1433 2778 70 54 ar
1537 2766 142 71 lade
1707 2767 122 70 den

177 2854 434 88 udenlandste
659 2857 174 88 saae
935 2863 208 70 under
1197 2854 324 98 Paastud
1591 2857 80 92 af
1705 2869 120 68 den

181 2961 285 91 urigtige
515 2956 299 93 Grund,
873 2971 73 60 ar
995 2957 221 91 tvinge
1257 2949 570 102 Vee-"Lagien,l

178 3059 136 94 som
354 3070 126 78 dog
520 3076 64 54 er
622 3075 202 57 meere
860 3061 122 70 end
1012 3051 134 96 hoy
1188 3056 144 92 nok,
1376 3076 80 72 og
1500 3058 130 86 som
1656 3063 168 88 ævig

174 3165 94 72 vil
304 3162 172 74 blive
510 3162 148 82 der,
700 3156 114 89 saa
860 3159 204 88 længe
1094 3157 66 76 vi
1198 3174 98 60 ere
1336 3158 16 74 i
1390 3166 208 68 under
1634 3155 192 86 Bal«

178 3267 184 72 lance
412 3264 148 70 med
606 3252 416 98 Fremmede.
1150 3251 220 99 Hvad
1430 3276 64 56 er
1550 3278 90 57 nu
1700 3267 126 68 ved

180 3369 170 68 dette
398 3374 74 60 ar
520 3352 242 94 giøre?
812 3351 212 98 Jmer
1060 3361 170 72 uden
1266 3362 118 68 den
1424 3358 399 93 strængeste,

169 3452 230 99 sagde-l
449 3454 374 98 offentlige,
883 3457 132 86 som
1065 3457 262 88 private
1375 3452 450 97 Tarvelighed

173 3561 130 80 kan
355 3566 190 72 redde
593 3566 104 70 vs.
827 3549 178 88 Men
1057 3557 344 88 hvorledes
1447 3556 124 92 stal
1623 3564 204 71 denne

955 3649 100 92 D
1113 3675 42 54 2
1655 3659 176 94 igien
