2842 4635
1746 447 112 69 21

199 664 127 74 den
377 654 301 93 aander,
757 658 125 76 den
945 651 213 91 foler,
1233 649 121 79 den
1413 646 459 97 fornemmer,

206 764 122 74 den
358 753 322 98 formerer
714 755 137 93 sig,
904 748 350 96 Safterne
1298 748 146 82 lobe
1498 769 108 58 om
1644 751 18 75 i
1698 756 172 71 dens

205 858 262 88 Aarer,
547 864 124 69 dm
709 855 360 91 fordøyer,
1123 856 120 70 den
1277 851 304 94 svælger;
1637 845 194 83 Van-

197 955 350 96 derVærke,
197 956 351 92 derværke,
587 956 275 90 utallige
895 950 559 94 Vunderværke,
1487 952 173 91 flyde
1699 950 139 86 sam-

198 1073 152 60 men
414 1058 18 70 i
484 1072 106 56 een
638 1049 292 98 Punkt,
990 1048 520 90 Skabningens
1570 1044 298 88 Kræfter

199 1151 436 92 indskrænkes
693 1155 20 72 i
776 1150 117 94 saa
950 1149 223 92 smalle
1246 1145 431 95 Grændser;
1762 1144 109 90 for

201 1256 181 79 Gud
415 1272 65 58 er
521 1253 223 93 alting
777 1264 135 77 eet,
969 1247 107 90 for
1121 1244 163 92 ham
1325 1265 69 59 er
1443 1242 281 96 hverken
1763 1252 111 69 det

198 1352 296 83 Smaae
556 1353 148 76 eller
758 1358 106 70 det
940 1349 304 88 Store,
1330 1343 278 93 hverken
1678 1340 194 98 Ind»

198 1450 413 93 ffrænkning
669 1453 146 75 eller
860 1443 643 95 Uindffrænkning,
1592 1442 283 93 hverken

199 1565 205 80 tungt
461 1556 147 70 eller
683 1553 131 74 let:
873 1546 151 85 Du
1089 1546 207 92 haver
1367 1544 280 90 begavet
1703 1548 174 69 dette

202 1655 130 75 lille
382 1649 182 91 Dyr
622 1656 144 69 med
824 1664 76 60 en
958 1662 120 60 rar
1136 1639 392 92 Eftertanke
1572 1659 80 72 og
1690 1636 154 82 Om-

206 1748 473 96 hyggelighed,
748 1746 141 91 faa
924 1759 77 64 at
1050 1750 107 68 del
1214 1745 207 89 længe
1490 1736 201 93 forud
1746 1736 127 90 seer

205 1850 122 92 hen
393 1850 72 76 til
515 1846 437 95 Fremtiden,
1007 1862 83 74 og
1137 1840 234 90 samler
1435 1838 54 78 ri
1545 1841 182 74 alene
1763 1832 108 94 for

202 1954 132 91 sig,
388 1969 152 55 men
596 1965 82 74 og
732 1944 102 92 for
876 1946 128 85 sine
1052 1937 484 90 Medbrødre,
1618 1936 256 86 visende

204 2056 239 72 derved
464 2058 83 68 vs
566 2042 391 96 Mennesker
984 2049 123 70 den
1128 2038 325 91 Omhue,
1494 2042 123 71 den
1640 2033 237 97 Pligt,

205 2154 126 72 den
365 2145 456 98 Kicrrlighed,
895 2153 124 66 den
1075 2135 604 94 Behielpsvmhed,
1739 2134 138 90 som

208 2253 70 71 vi
330 2267 100 56 ere
468 2244 374 94 hverandre
884 2240 294 93 ffyldige.
1305 2239 121 81 O!
1478 2251 70 58 at
1589 2231 259 83 Menne-

206 2344 125 93 stet
364 2341 381 94 ufornuftig
788 2342 171 75 midt
996 2341 19 76 i
1052 2342 67 72 al
1156 2338 93 84 sin
1288 2329 341 97 Fornuft,
1666 2330 173 92 afsin-

205 2447 114 88 dig
377 2446 172 72 midt
603 2447 18 70 i
681 2446 70 70 al
789 2442 94 88 sin
923 2435 400 88 Viisdom,
1381 2430 496 91 ubarmhjertig

206 2547 174 74 midt
415 2544 19 74 i
474 2544 124 74 alle
633 2545 77 70 de
751 2536 413 96 Leyligheder
1202 2551 82 74 og
1349 2528 335 90 Grunde,
1739 2528 139 92 som

208 2650 109 72 det
372 2641 125 92 har
554 2638 105 91 for
718 2639 137 89 sig,
914 2639 75 74 til
1044 2648 75 64 ar
1172 2649 171 60 være
1390 2627 489 94 barmhjertig,

205 2766 40 54 o
293 2759 76 60 at
421 2742 134 90 han
603 2745 206 69 denne
869 2732 446 98 ubegribelige
1357 2730 90 92 sig
1485 2730 122 91 selv
1643 2730 204 89 modsi-

205 2851 207 87 gende
461 2836 435 93 Skabning,
947 2839 175 76 vilde
1177 2831 291 78 erkiende
1525 2833 207 89 dette,
1791 2843 87 76 og

208 2950 150 73 lære
392 2938 81 94 af
512 2936 288 97 Myren.

359 3135 147 85 Da
551 3135 151 98 disse
737 3134 183 90 sidste
943 3131 163 84 Ord
1145 3130 181 81 bleve
1359 3129 307 85 udtalte,
1723 3124 127 94 hør-

208 3247 104 71 tes
362 3255 58 61 et
470 3234 498 93 forskrækkeligt
1026 3231 298 94 Skrig,
1400 3228 130 86 som
1598 3225 148 78 kom
1806 3219 84 96 af

209 3358 76 58 en
339 3338 154 92 næst
551 3336 126 95 hos
729 3338 300 90 liggende
1091 3324 524 90 Grane-Skov.
1667 3356 10 8 -
1729 3324 121 68 Ale-

205 3437 346 97 tbophilus
601 3455 131 60 var
783 3448 175 66 uden
995 3429 371 93 Vaaben,
1423 3436 127 83 dog
1589 3427 117 76 iler
1743 3422 135 94 han

206 3545 148 74 med
416 3536 262 96 hurtige
728 3532 272 86 Skridt
1068 3532 300 94 didhen,
1442 3524 170 94 hvor
1664 3522 218 94 Lyden

1060 3630 91 86 B
1215 3653 38 70 z
1730 3624 149 74 kom
