2884 4640
2189 133 110 31 flØB

746 712 83 77 og
868 710 165 63 naar
1086 692 65 97 I
1185 690 200 93 skrive
1430 713 107 61 om
1568 692 401 89 Almanaken
2000 700 17 78 i
2048 698 279 106 Lüttich,
2382 713 107 92 saa
2522 717 119 81 tale

742 835 54 84 ei
824 858 105 63 om
956 839 290 94 Aarsens
1271 839 298 96 Tiderne,
1586 851 160 71 uden
1766 843 65 99 I
1862 846 119 97 har
2012 864 53 67 et
2086 851 449 99 Privilegium.

934 1021 213 95 Hvad
1192 1022 161 79 vilde
1396 1027 95 77 vel
1544 1022 249 85 Urania
1844 1032 119 93 sige
2008 1032 71 81 til
2126 1031 241 93 saadan
2400 1039 235 95 løjerlig

743 1152 206 91 Tale?
1048 1162 371 104 Parnassen
1486 1179 203 74 taaler
1768 1173 261 94 hverken
2096 1179 345 95 Tyranner
2502 1187 135 76 eller

743 1298 431 108 Skinhekgen.
1231 1310 173 87 Den
1430 1337 62 61 er
1524 1334 58 65 et
1614 1322 188 97 ævigt
1832 1344 77 75 og
1942 1325 137 93 høit
2108 1325 349 99 Republik,
2498 1328 129 93 som

737 1467 143 72 veed
918 1455 70 98 af
1017 1460 181 95 ingen
1226 1469 196 77 andre
1459 1463 155 85 Love
1644 1482 118 69 end
1795 1471 343 98 Thelemas
2171 1477 97 95 (*).
2371 1473 151 87 Det
2566 1491 68 62 er

737 1600 179 96 friere
941 1616 113 72 end
1075 1614 113 71 den
1215 1624 177 81 tapre
1415 1613 305 95 Berner,
1783 1630 113 71 end
1943 1619 261 87 Noblen
2251 1623 19 78 i
2325 1618 307 90 Venedig

737 1770 79 73 og
839 1755 509 91 Tænkemaaden
1375 1760 17 76 i
1417 1759 201 98 Genf.
1725 1763 155 87 Det
1909 1769 275 92 strækker
2227 1771 75 90 sit
2343 1762 285 99 Herstab

729 1882 107 98 fra
875 1896 101 71 det
1023 1908 101 60 ene
1169 1888 319 87 Verdens
1537 1892 255 99 Hiorne
1849 1902 67 79 til
1941 1909 99 71 det
2059 1912 227 86 ander;
2305 1918 79 77 og
2403 1900 221 96 enhver

727 2033 248 97 ønstede
1007 2050 70 62 at
1109 2050 267 84 optages
1407 2041 205 82 iblant
1639 2057 139 72 dets
1811 2046 324 96 Borgere-

927 2215 253 96 Iblant
1223 2219 141 97 disse
1417 2221 295 95 Søstre,
1767 2225 251 82 Score
2055 2231 305 101 Bonge!
2431 2233 195 87 bliver

727 2365 267 100 Ligheds
1025 2362 159 94 Ret,
1215 2366 123 91 fom
1359 2382 59 62 er
1439 2367 275 97 latterlig
1737 2380 111 68 ved
1867 2370 263 103 Hoffet,
2183 2379 157 81 altid
2375 2381 251 102 hellige»

724 2506 281 83 bevarer.
1108 2499 169 84 Men
1309 2509 192 71 -deres
1546 2500 386 107 Regiering,
1988 2512 127 94 som
2161 2534 60 61 er
2253 2515 341 103 saa-mods-

716 2654 191 84 gende

2395 2527 199 90 modsi-

718 2655 189 83 gende
940 2647 169 78 imod
1140 2658 221 84 andre,
1414 2649 195 95 ligner
1628 2664 241 90 enddog
1898 2657 273 98 DIN,
2226 2673 83 73 da
2338 2676 113 72 den
2471 2679 146 73 veed

714 2801 71 63 at
820 2785 225 99 behage
1082 2795 115 73 alle
1234 2812 79 77 og
1352 2795 249 92 enhver-

844 3134 198 109 Om
1064 3131 854 143 Trykke-Friheden
1955 3144 115 135 af
2106 3147 370 125 samme.
2579 3195 12 6 -

704 3292 241 152 Men
979 3363 169 95 hvad
1167 3366 221 95 Ulykke
1419 3371 119 81 kan
1555 3372 167 99 Joh.
1743 3377 267 101 Jacobs
2029 3382 379 98 Spaadom
2436 3390 176 96 giøre

699 3492 379 86 Rusland?
1131 3497 267 102 Ingen;
1425 3511 101 73 der
1547 3528 183 63 maae
1761 3531 161 64 være
1951 3515 153 95 ham
2137 3520 211 81 tilladt
2379 3543 67 61 ar
2481 3522 127 96 for»

700 3624 173 83 klare
901 3636 116 73 den
1050 3629 262 98 mysisk-,
1349 3635 217 100 typist,
1597 3646 307 95 allegocist
1933 3646 147 98 efter
2105 3647 312 101 Brugen-
2475 3654 131 87 De

2452 3786 151 94 Na,

868 3926 67 81 *)
978 3927 227 77 Villien.
