2928 4640
1166 441 43 68 4

1740 436 374 96 StøHlJ**

1074 606 87 77 da
1179 622 62 66 er
1256 608 126 97 det,
1426 607 139 102 disse
1585 618 140 80 eller
1752 622 183 82 deres
1956 624 390 109 Forlæggere
2365 643 121 85 ikke
2517 652 259 100 længere

1070 699 87 80 vil
1174 701 173 96 finde
1370 703 311 107 Regning
1700 721 269 97 derved;
2012 718 253 97 Verket
2301 759 152 69 man
2497 754 82 75 da
2617 761 127 78 nød-

1068 800 233 96 vendig
1321 802 320 105 standses,
1708 812 90 97 thi
1815 815 199 89 Driv
2024 826 106 91 este
2140 835 181 78 deren
2343 859 60 57 er
2426 843 218 100 borte;
2689 873 79 77 og

1063 887 105 98 for
1199 898 159 79 detre
1399 898 153 96 ffeer
1597 921 105 68 tør
1728 930 160 66 man
1912 923 96 75 vel
2052 943 200 77 neppe
2296 950 178 67 vente
2522 965 74 58 en
2644 958 123 88 god

1068 986 339 89 Skribent
1436 997 157 96 igien
1619 1020 106 66 tør
1761 1025 142 82 tage
1918 1011 102 99 fat
2037 1039 127 73 paa
2181 1022 304 109 Pennen,
2526 1040 90 93 thi
2635 1043 131 97 han

1062 1082 293 100 strækkes
1380 1102 115 73 ved
1520 1104 195 81 denne
1736 1104 165 103 Hob
1931 1115 64 80 vi
2013 1128 386 80 overvældes
2417 1137 71 91 af
2519 1155 73 78 og
2619 1147 111 77 end-

1060 1202 94 61 nu
1186 1200 184 69 trues
1402 1200 160 79 med.

1217 1281 195 103 Først
1447 1288 182 104 kom,
1687 1298 129 92 som
1847 1310 69 80 de
1946 1318 193 93 veed,
2175 1316 580 111 philoparreias

1062 1372 188 105 frem,
1281 1403 80 62 oa
1384 1385 129 96 han
1537 1395 253 85 trækker
1812 1420 56 63 et
1887 1410 187 96 langt
2095 1411 209 90 Slæb
2322 1421 73 95 af
2409 1425 315 104 Modstan-

1056 1478 141 77 dere
1217 1475 152 100 efter
1392 1484 122 102 sig;
1544 1489 209 99 Iben
1768 1496 187 103 første
1994 1506 398 112 Afhandling
2415 1527 167 78 lader
2623 1531 129 91 han

1054 1581 82 72 os
1157 1573 151 92 høre
1328 1584 72 77 de
1416 1579 107 95 saa
1546 1588 371 108 sædvanlige
1934 1600 431 104 Klagemaale
2385 1640 146 62 over
2557 1632 161 90 bedy-

1048 1685 66 63 re
1133 1667 238 104 Tider,
1434 1702 77 76 og
1556 1686 140 98 disse
1730 1710 152 67 vare
1915 1705 277 93 maaskee
2222 1708 125 101 just
2382 1716 360 107 Aarsagen,

1052 1764 298 101 hvorfore
1371 1775 129 94 han
1521 1783 135 83 blev
1677 1786 366 112 Skribent;
2067 1801 171 101 Han
2259 1810 283 104 beklager
2563 1815 154 97 frem-

1048 1868 169 78 deles
1237 1886 118 68 vor
1378 1872 309 100 Handels
1714 1884 344 110 Lidenhed;
2093 1900 247 88 Midler
2358 1912 64 79 til
2442 1930 72 65 at
2533 1918 181 91 stand-

1042 1957 56 94 se
1118 1962 159 93 hiine
1301 1988 76 78 og
1403 1976 280 100 ophielpe
1714 1988 201 82 denne
1945 1994 183 82 vente
2151 2002 64 78 vi
2233 2010 211 83 endnu
2471 2013 73 93 af
2567 2015 169 93 ham.

1031 2053 179 92 Den
1226 2072 214 78 anden
1471 2071 402 111 Afhandling
1912 2107 105 62 om
2058 2091 414 113 Rettergang
2509 2130 62 60 er
2622 2117 117 82 den

1047 2154 247 105 bedste,
1342 2182 148 68 men
1511 2177 122 92 dog
1651 2176 257 87 blandet
1924 2194 142 73 med
2086 2195 304 102 adskillige
2410 2205 299 103 Urimelig-

1032 2247 203 96 heder.
1286 2255 178 90 Den
1745 2295 107 62 om
1871 2280 513 107 Gejstlighedens
2401 2299 301 101 Indkom-

1024 2349 157 96 ster,
1217 2372 60 62 er
1324 2360 119 80 den
1478 2366 288 104 stetteste,
1800 2371 137 96 fuld
1969 2379 73 95 af
2062 2385 166 101 Had
2265 2405 151 75 mod
2437 2399 265 103 Gejstlig-

1023 2441 199 99 heden
1247 2501 22 43 ,
1307 2451 188 89 bitter
1515 2482 76 76 og
1614 2470 245 99 partist.
1916 2476 173 90 Men
2110 2485 171 89 hvad
2304 2492 277 98 behøves
2599 2509 125 92 det,

1020 2544 136 84 min
1179 2545 250 103 Herre,
1464 2575 68 65 at
1549 2560 94 100 jeg
1663 2566 159 97 igien
1840 2573 487 99 erindrer-Dem
2349 2612 102 61 om
2472 2602 97 76 det
2592 2596 129 90 De

1026 2635 127 98 hos
1179 2650 203 80 andre
1397 2653 117 95 har
1529 2662 125 94 læst
1674 2685 80 77 og
1783 2665 111 93 seer
1923 2672 175 86 imod
2119 2679 171 96 ham.
2355 2688 333 98 philoda-

1017 2755 152 62 nus
1190 2739 119 100 har
1326 2743 116 94 faa
1461 2760 98 79 vel
1574 2757 288 96 besvaret
1889 2775 103 77 det
2017 2775 181 94 hvori
2223 2781 127 97 han
2367 2784 203 102 feiler,
2607 2793 111 93 saa

1010 2837 108 78 det
1164 2856 123 65 var
1334 2854 293 96 unyttigt
1683 2879 108 62 om
1842 2861 94 102 jeg
1995 2873 140 81 ville
2184 2878 304 106 igiemage
2535 2890 175 94 hans

1011 2927 330 110 Grunde;
1369 2940 94 101 jeg
1487 2946 215 94 sender
1720 2959 171 91 hans
1916 2964 467 111 Afhandlinger
2422 2984 288 105 hermed;

1004 3023 133 95 De
1159 3032 173 94 finde
1352 3048 204 79 endeel
1588 3058 386 98 overstrøget
1992 3071 261 95 derud!,
2288 3098 75 72 og
2384 3085 97 76 det
2498 3102 59 65 er
2580 3086 125 85 kun

1003 3130 182 89 nogle
1204 3128 111 95 faa
1351 3146 321 100 umuelige
1721 3151 381 110 Projecter;
2159 3167 197 103 Disse
2405 3174 299 104 fratagne

998 3206 163 109 læser
1184 3245 155 68 man
1362 3240 103 78 det
1499 3246 220 96 øvrige
1743 3258 142 77 med
1904 3254 355 106 Fornøjelse
2279 3291 75 77 og
2383 3271 239 101 Nytte.

1143 3320 414 110 Snartffll

2235 3290 24 57 e
2279 3291 75 77 og
2470 3294 152 78 ytte.

1143 3320 446 110 Snartffulle
1604 3343 131 93 De
1754 3364 167 82 troe,
1951 3358 132 78 min
2104 3359 250 107 Herre,
2416 3370 94 98 jeg
2555 3385 142 76 med

985 3408 111 104 faa
1117 3437 233 91 mange
1366 3439 200 85 andre
1950 3374 133 62 men
1986 3452 195 103 afden
2208 3461 101 101 her
2413 3385 97 82 jeg
2467 3475 198 85 almin-

2428 3571 157 98 delig
