2885 4640
1747 479 107 91 113

221 689 240 94 voxede
497 687 80 76 de
611 685 202 78 ranke
847 681 300 96 Furrer,
1201 687 76 74 de
1307 681 194 96 spidse
1541 679 284 86 Graner
1843 693 26 86 ;

225 807 78 60 en
337 785 184 82 Bæk
569 787 276 92 styrtede
875 785 105 88 sig
1017 789 144 72 med
1213 803 74 58 en
1331 783 312 92 brusende
1687 779 180 94 Lyd,

223 907 86 72 og
357 885 408 90 skummende
817 889 120 72 ned
989 883 218 90 øverst
1257 881 106 94 fra
1397 875 328 102 Toppen,
1781 893 90 78 og

221 987 180 92 søgte
449 985 432 92 Slangeviis
933 979 120 94 hen
1095 985 16 76 i
1161 979 290 100 Dalen,
1525 985 344 92 forenende

221 1089 94 90 sig
349 1095 114 68 der
517 1093 142 68 med
689 1093 120 68 den
841 1091 240 70 anden-
1185 1083 174 98 Paa
1407 1089 196 90 begge
1637 1083 234 82 Siver

221 1185 84 94 af
343 1189 92 90 sig
477 1185 212 94 havde
727 1185 468 94 Alethophiius
1237 1185 164 92 store
1455 1187 170 88 (lette
1659 1183 184 80 Mar-

225 1285 146 92 ker,
431 1287 134 88 som
609 1283 330 94 prunkede
979 1285 80 92 af
1083 1303 298 76 grønne,
1437 1289 192 88 gule,
1689 1283 158 78 blaa-

223 1394 163 69 rode
223 1395 164 68 røde
421 1403 82 74 og
545 1385 198 88 hvide
775 1381 308 98 Farver;
1141 1393 122 68 den
1295 1405 110 58 ene
1437 1401 130 60 var
1599 1383 114 92 saa
1749 1385 126 90 lige

223 1483 140 94 som
395 1505 74 56 en
501 1481 262 88 Snor,
823 1479 196 89 Over
1053 1483 182 76 tabte
1273 1485 92 92 sig
1397 1485 18 78 i
1453 1491 164 68 dens
1645 1479 230 96 Vide,

225 1591 192 86 nogle
475 1583 162 76 blaa
675 1577 294 100 Høyder
1017 1583 220 90 syntes
1275 1591 132 88 dog
1443 1599 74 60 at
1545 1585 166 88 sætte
1751 1593 127 63 den

225 1681 418 92 Grændser,
717 1699 146 58 men
915 1697 162 58 man
1125 1679 210 82 kunde
1389 1683 50 76 ei
1487 1699 170 74 noye
1713 1679 164 92 skille

227 1789 146 70 dem
417 1781 106 92 fra
559 1777 274 96 Luften;
887 1785 122 68 den
1047 1785 218 70 anden
1319 1781 106 92 gik
1467 1799 212 78 meget
1723 1785 154 74 lidet

225 1891 126 66 ned
403 1891 134 76 ad,
597 1897 148 58 men
803 1877 276 94 gandjke
1131 1877 246 94 jævnt,
1453 1901 82 74 og
1589 1881 288 92 befugte#

227 1987 122 70 des
401 1979 82 94 af
509 1975 282 98 Havet,
843 1979 134 90 som
1015 1979 170 90 igien
1225 1979 180 78 tabte
1441 1983 90 92 sig
1569 1983 18 76 i
1623 1981 258 92 Luften.

225 2075 186 96 Bag
463 2089 122 66 ved
647 2077 158 92 ham
861 2081 146 74 laae
1063 2097 240 74 mange
1369 2081 186 88 smaa
1611 2081 262 98 Hoye,

223 2183 180 74 deels
449 2177 250 78 betakte
753 2183 144 70 med
943 2175 272 94 Moste,
1289 2185 176 72 deels
1513 2183 364 90 beprydede

227 2287 148 66 med
415 2277 220 80 Græs
671 2293 82 74 og
789 2273 400 90 Blomster,
1244 2277 447 89 deels-besaae
1455 2277 236 90 besatte
1727 2297 148 66 med

223 2375 306 86 Birker,
593 2371 208 92 Asper
849 2393 82 70 og
979 2373 328 94 Graner;
1399 2377 276 76 imellem
1727 2389 148 72 dem

221 2477 154 94 saae
417 2493 164 56 man
617 2491 92 58 nu
749 2469 268 92 Luften,
1077 2491 92 56 nu
1195 2469 280 98 Havet,
1531 2495 90 58 nu
1655 2475 218 100 Huse,

223 2593 96 60 nu
349 2581 104 68 det
489 2573 456 90 lyse-grønne,
1003 2569 320 94 hvormed
1361 2577 194 66 Lerer
1589 2575 290 96 smykker

223 2677 84 90 sit
351 2671 250 96 Hoved
665 2689 112 58 om
843 2665 364 98 Vaaren,
1285 2691 92 58 nu
1435 2681 122 68 den
1605 2673 270 102 Stad,

223 2775 140 94 som
435 2775 192 64 Santi
693 2765 178 72 Olaf
941 2769 122 88 har
1153 2773 178 86 giort
1413 2775 460 100 navnkundig.

223 2871 292 94 Hoyene
551 2885 162 60 vare
747 2883 72 62 at
873 2867 218 92 ansee,
1151 2865 136 96 som
1333 2869 246 94 ligesaa
1629 2895 246 76 mange

225 2969 520 96 Perspectiver;
823 2967 158 90 satte
1047 2975 74 68 de
1189 2969 122 88 selv
1353 2969 524 101 Grændser-for
1769 2975 110 96 for

221 3073 234 90 Øyet,
513 3069 116 88 faa
665 3085 168 76 gave
863 3075 74 66 de
981 3073 102 70 det
1123 3069 300 78 derimod
1459 3077 126 86 dog
1625 3073 84 92 fri
1743 3079 102 76 Ud-

223 3171 130 92 sigt
393 3175 206 88 langs
647 3175 188 68 deres
869 3163 276 96 Sider,
1205 3187 82 72 og
1331 3167 352 98 forhøyede
1735 3183 112 72 der-

221 3275 126 74 ved
401 3265 340 84 Værdien
791 3263 78 92 af
919 3275 192 68 deres
1161 3265 266 84 Gaver.
1535 3271 336 96 Hvorhen

219 3365 201 94 Over
465 3373 236 70 vendte
749 3365 130 92 sig,
941 3365 210 78 kunde
1207 3373 106 70 det
1357 3365 120 92 skee
1523 3379 148 72 med
1717 3371 122 84 Be-

219 3467 178 96 hag;
451 3469 196 88 ingen
691 3465 500 92 blindgiørende
1209 3465 306 96 Klarhed
1553 3469 136 92 ffar
1727 3481 146 92 det;

217 3565 174 90 Der
425 3583 128 68 var
591 3565 164 98 lyst,
811 3583 82 78 og
933 3573 128 88 dog
1101 3565 126 84 ikke
1263 3565 162 100 lyst,
1479 3587 96 64 ret
1607 3573 264 96 ligesom

2693 3687 8 8 '
