<?xml version="1.0" encoding="utf-8"?>
<alto xmlns="http://www.loc.gov/standards/alto/ns-v3#" xmlns:xs="http://www.w3.org/2001/XMLSchema-instance" xmlns:xlink="http://www.w3.org/1999/xlink">
	<Description>
		<MeasurementUnit>pixel</MeasurementUnit>
		<sourceImageInformation>
			<fileName>130017168224_1_020_001_034.tif</fileName>
		</sourceImageInformation>
		<OCRProcessing ID="OCR1">
			<ocrProcessingStep>
				<processingDateTime>2018-09-14</processingDateTime>
				<processingAgency>Zissor AS</processingAgency>
				<processingStepSettings>Combined OCR</processingStepSettings>
				<processingSoftware>
					<softwareCreator>Zissor AS</softwareCreator>
					<softwareName>ContentOCR-11; ContentOCR-Tesseract</softwareName>
					<softwareVersion>2.0.2; 2.0.0</softwareVersion>
					<applicationDescription>OCR Component for Zissor Content System</applicationDescription>
				</processingSoftware>
			</ocrProcessingStep>
		</OCRProcessing>
	</Description>
	<Styles>
		<TextStyle ID="STYLE1" FONTFAMILY="Arial" FONTSIZE="9.5" FONTSTYLE=""/>
		<TextStyle ID="STYLE2" FONTFAMILY="Arial" FONTSIZE="11" FONTSTYLE=""/>
		<TextStyle ID="STYLE3" FONTFAMILY="Arial" FONTSIZE="12" FONTSTYLE=""/>
		<TextStyle ID="STYLE4" FONTFAMILY="Arial" FONTSIZE="13" FONTSTYLE=""/>
		<TextStyle ID="STYLE5" FONTFAMILY="Arial" FONTSIZE="6" FONTSTYLE="bold italics"/>
	</Styles>
	<Layout>
		<Page ID="PAGE34" HEIGHT="4640" WIDTH="2900" PHYSICAL_IMG_NR="34" PROCESSING="OCR1" PC="0.78">
			<TopMargin HEIGHT="688" WIDTH="2900" HPOS="0" VPOS="0"/>
			<LeftMargin HEIGHT="3030" WIDTH="931" HPOS="0" VPOS="688"/>
			<RightMargin HEIGHT="3030" WIDTH="173" HPOS="2727" VPOS="688"/>
			<BottomMargin HEIGHT="920" WIDTH="2900" HPOS="0" VPOS="3720"/>
			<PrintSpace ID="PRINTSPACE1" HEIGHT="3030" WIDTH="1794" HPOS="932" VPOS="689">
				<ComposedBlock xs:type="ComposedBlockType" ID="ARTICLE116151" HEIGHT="3030" WIDTH="1794" HPOS="932" VPOS="689" xlink:type="simple">
					<TextBlock xs:type="TextBlockType" ID="ZONE1199848" HEIGHT="3030" WIDTH="1794" HPOS="932" VPOS="689" xlink:type="simple">
						<TextLine ID="LINE1" HEIGHT="124" WIDTH="1662" HPOS="980" VPOS="698">
							<String ID="STRING1" STYLEREFS="STYLE1" HEIGHT="83" WIDTH="218" HPOS="980" VPOS="733" CONTENT="dertil." WC="0.66" LANG="nob"/>
							<SP ID="SP1" WIDTH="106" HPOS="1198" VPOS="733"/>
							<String ID="STRING2" STYLEREFS="STYLE1" HEIGHT="99" WIDTH="244" HPOS="1304" VPOS="723" CONTENT="Penge" WC="0.75" LANG="nob"/>
							<SP ID="SP2" WIDTH="45" HPOS="1548" VPOS="723"/>
							<String ID="STRING3" STYLEREFS="STYLE1" HEIGHT="75" WIDTH="147" HPOS="1593" VPOS="722" CONTENT="med" WC="0.68" LANG="nob"/>
							<SP ID="SP3" WIDTH="28" HPOS="1740" VPOS="722"/>
							<String ID="STRING4" STYLEREFS="STYLE1" HEIGHT="98" WIDTH="244" HPOS="1768" VPOS="709" CONTENT="Penge" WC="0.73" LANG="nob"/>
							<SP ID="SP4" WIDTH="40" HPOS="2012" VPOS="709"/>
							<String ID="STRING5" STYLEREFS="STYLE1" HEIGHT="75" WIDTH="148" HPOS="2052" VPOS="709" CONTENT="eller" WC="0.86" LANG="nob"/>
							<SP ID="SP5" WIDTH="28" HPOS="2200" VPOS="709"/>
							<String ID="STRING6" STYLEREFS="STYLE1" HEIGHT="83" WIDTH="206" HPOS="2228" VPOS="700" CONTENT="Korn" WC="0.83" LANG="dan"/>
							<SP ID="SP6" WIDTH="54" HPOS="2434" VPOS="700"/>
							<String ID="STRING7" STYLEREFS="STYLE1" HEIGHT="73" WIDTH="154" HPOS="2488" VPOS="698" CONTENT="med" WC="0.59" LANG="nob"/>
						</TextLine>
						<TextLine ID="LINE2" HEIGHT="123" WIDTH="1661" HPOS="979" VPOS="798">
							<String ID="STRING8" STYLEREFS="STYLE1" HEIGHT="86" WIDTH="256" HPOS="979" VPOS="835" CONTENT="Korn," WC="0.73" LANG="nob"/>
							<SP ID="SP7" WIDTH="56" HPOS="1235" VPOS="835"/>
							<String ID="STRING9" STYLEREFS="STYLE1" HEIGHT="72" WIDTH="147" HPOS="1291" VPOS="831" CONTENT="eller" WC="0.87" LANG="nob"/>
							<SP ID="SP8" WIDTH="39" HPOS="1438" VPOS="831"/>
							<String ID="STRING10" STYLEREFS="STYLE1" HEIGHT="74" WIDTH="86" HPOS="1477" VPOS="840" CONTENT="og" WC="0.71" LANG="dan"/>
							<SP ID="SP9" WIDTH="30" HPOS="1563" VPOS="840"/>
							<String ID="STRING11" STYLEREFS="STYLE1" HEIGHT="67" WIDTH="107" HPOS="1593" VPOS="829" CONTENT="der" WC="0.5" LANG="dan"/>
							<SP ID="SP10" WIDTH="36" HPOS="1700" VPOS="829"/>
							<String ID="STRING12" STYLEREFS="STYLE1" HEIGHT="92" WIDTH="182" HPOS="1736" VPOS="817" CONTENT="sidste" WC="0.58" LANG="dan"/>
							<SP ID="SP11" WIDTH="50" HPOS="1918" VPOS="817"/>
							<String ID="STRING13" STYLEREFS="STYLE1" HEIGHT="88" WIDTH="304" HPOS="1968" VPOS="812" CONTENT="beregner" WC="0.73" LANG="dan"/>
							<SP ID="SP12" WIDTH="39" HPOS="2272" VPOS="812"/>
							<String ID="STRING14" STYLEREFS="STYLE1" HEIGHT="96" WIDTH="167" HPOS="2311" VPOS="798" CONTENT="efter" WC="0.74" LANG="dan"/>
							<SP ID="SP13" WIDTH="34" HPOS="2478" VPOS="798"/>
							<String ID="STRING15" STYLEREFS="STYLE1" HEIGHT="69" WIDTH="128" HPOS="2512" VPOS="802" CONTENT="den" WC="0.75" LANG="dan"/>
						</TextLine>
						<TextLine ID="LINE3" HEIGHT="129" WIDTH="1657" HPOS="981" VPOS="903">
							<String ID="STRING16" STYLEREFS="STYLE1" HEIGHT="102" WIDTH="351" HPOS="981" VPOS="930" CONTENT="gangbare" WC="0.69" LANG="dan"/>
							<SP ID="SP14" WIDTH="43" HPOS="1332" VPOS="930"/>
							<String ID="STRING17" STYLEREFS="STYLE1" HEIGHT="96" WIDTH="256" HPOS="1375" VPOS="922" CONTENT="Priis," WC="0.76" LANG="dan"/>
							<SP ID="SP15" WIDTH="58" HPOS="1631" VPOS="922"/>
							<String ID="STRING18" STYLEREFS="STYLE1" HEIGHT="91" WIDTH="135" HPOS="1689" VPOS="917" CONTENT="som" WC="1" LANG="dan"/>
							<SP ID="SP16" WIDTH="45" HPOS="1824" VPOS="917"/>
							<String ID="STRING19" STYLEREFS="STYLE1" HEIGHT="69" WIDTH="105" HPOS="1869" VPOS="921" CONTENT="der" WC="0.52" LANG="dan"/>
							<SP ID="SP17" WIDTH="43" HPOS="1974" VPOS="921"/>
							<String ID="STRING20" STYLEREFS="STYLE1" HEIGHT="59" WIDTH="93" HPOS="2017" VPOS="926" CONTENT="nu" WC="1" LANG="dan"/>
							<SP ID="SP18" WIDTH="43" HPOS="2110" VPOS="926"/>
							<String ID="STRING21" STYLEREFS="STYLE1" HEIGHT="94" WIDTH="281" HPOS="2153" VPOS="903" CONTENT="gielder," WC="0.68" LANG="dan"/>
							<SP ID="SP19" WIDTH="61" HPOS="2434" VPOS="903"/>
							<String ID="STRING22" STYLEREFS="STYLE1" HEIGHT="68" WIDTH="143" HPOS="2495" VPOS="904" CONTENT="der«" WC="0.78" LANG="dan"/>
						</TextLine>
						<TextLine ID="LINE4" HEIGHT="129" WIDTH="1631" HPOS="985" VPOS="1001">
							<String ID="STRING23" STYLEREFS="STYLE1" HEIGHT="95" WIDTH="142" HPOS="985" VPOS="1035" CONTENT="som" WC="0.75" LANG="dan"/>
							<SP ID="SP20" WIDTH="42" HPOS="1127" VPOS="1035"/>
							<String ID="STRING24" STYLEREFS="STYLE1" HEIGHT="92" WIDTH="70" HPOS="1169" VPOS="1027" CONTENT="I" WC="1" LANG="dan"/>
							<SP ID="SP21" WIDTH="46" HPOS="1239" VPOS="1027"/>
							<String ID="STRING25" STYLEREFS="STYLE1" HEIGHT="77" WIDTH="210" HPOS="1285" VPOS="1026" CONTENT="betale" WC="0.76" LANG="dan"/>
							<SP ID="SP22" WIDTH="48" HPOS="1495" VPOS="1026"/>
							<String ID="STRING26" STYLEREFS="STYLE1" HEIGHT="70" WIDTH="146" HPOS="1543" VPOS="1026" CONTENT="med" WC="0.75" LANG="dan"/>
							<SP ID="SP23" WIDTH="46" HPOS="1689" VPOS="1026"/>
							<String ID="STRING27" STYLEREFS="STYLE1" HEIGHT="69" WIDTH="108" HPOS="1735" VPOS="1022" CONTENT="det" WC="0.54" LANG="dan"/>
							<SP ID="SP24" WIDTH="34" HPOS="1843" VPOS="1022"/>
							<String ID="STRING28" STYLEREFS="STYLE1" HEIGHT="74" WIDTH="20" HPOS="1877" VPOS="1016" CONTENT="i" WC="0.59" LANG="dan"/>
							<SP ID="SP25" WIDTH="46" HPOS="1897" VPOS="1016"/>
							<String ID="STRING29" STYLEREFS="STYLE1" HEIGHT="91" WIDTH="222" HPOS="1943" VPOS="1011" CONTENT="stæder" WC="0.68" LANG="dan"/>
							<SP ID="SP26" WIDTH="46" HPOS="2165" VPOS="1011"/>
							<String ID="STRING30" STYLEREFS="STYLE1" HEIGHT="91" WIDTH="105" HPOS="2211" VPOS="1001" CONTENT="for" WC="0.92" LANG="dan"/>
							<SP ID="SP27" WIDTH="39" HPOS="2316" VPOS="1001"/>
							<String ID="STRING31" STYLEREFS="STYLE1" HEIGHT="61" WIDTH="261" HPOS="2355" VPOS="1013" CONTENT="annam" SUBS_TYPE="HypPart1" SUBS_CONTENT="annammede" WC="0.92" LANG="dan"/>
							<HYP CONTENT="-"/>
						</TextLine>
						<TextLine ID="LINE5" HEIGHT="120" WIDTH="1661" HPOS="986" VPOS="1100">
							<String ID="STRING32" STYLEREFS="STYLE1" HEIGHT="75" WIDTH="185" HPOS="986" VPOS="1138" CONTENT="mede" SUBS_TYPE="HypPart2" SUBS_CONTENT="annammede" WC="0.66" LANG="dan"/>
							<SP ID="SP28" WIDTH="16" HPOS="1171" VPOS="1138"/>
							<String ID="STRING33" STYLEREFS="STYLE1" HEIGHT="94" WIDTH="260" HPOS="1187" VPOS="1126" CONTENT="Penge." WC="0.84" LANG="dan"/>
							<SP ID="SP29" WIDTH="42" HPOS="1447" VPOS="1126"/>
							<String ID="STRING34" STYLEREFS="STYLE1" HEIGHT="86" WIDTH="134" HPOS="1489" VPOS="1117" CONTENT="De" WC="0.68" LANG="dan"/>
							<SP ID="SP30" WIDTH="24" HPOS="1623" VPOS="1117"/>
							<String ID="STRING35" STYLEREFS="STYLE1" HEIGHT="87" WIDTH="136" HPOS="1647" VPOS="1120" CONTENT="som" WC="0.69" LANG="dan"/>
							<SP ID="SP31" WIDTH="21" HPOS="1783" VPOS="1120"/>
							<String ID="STRING36" STYLEREFS="STYLE1" HEIGHT="59" WIDTH="159" HPOS="1804" VPOS="1131" CONTENT="vare" WC="0.81" LANG="dan"/>
							<SP ID="SP32" WIDTH="18" HPOS="1963" VPOS="1131"/>
							<String ID="STRING37" STYLEREFS="STYLE1" HEIGHT="77" WIDTH="234" HPOS="1981" VPOS="1110" CONTENT="komne" WC="0.96" LANG="dan"/>
							<SP ID="SP33" WIDTH="30" HPOS="2215" VPOS="1110"/>
							<String ID="STRING38" STYLEREFS="STYLE1" HEIGHT="85" WIDTH="402" HPOS="2245" VPOS="1100" CONTENT="bedrøvede," WC="0.78" LANG="dan"/>
						</TextLine>
						<TextLine ID="LINE6" HEIGHT="132" WIDTH="1665" HPOS="984" VPOS="1200">
							<String ID="STRING39" STYLEREFS="STYLE1" HEIGHT="96" WIDTH="199" HPOS="984" VPOS="1236" CONTENT="ginge" WC="0.65" LANG="deu"/>
							<SP ID="SP34" WIDTH="23" HPOS="1183" VPOS="1236"/>
							<String ID="STRING40" STYLEREFS="STYLE1" HEIGHT="87" WIDTH="269" HPOS="1206" VPOS="1230" CONTENT="herover" WC="0.85" LANG="dan"/>
							<SP ID="SP35" WIDTH="19" HPOS="1475" VPOS="1230"/>
							<String ID="STRING41" STYLEREFS="STYLE1" HEIGHT="86" WIDTH="193" HPOS="1494" VPOS="1226" CONTENT="glade" WC="0.76" LANG="dan"/>
							<SP ID="SP36" WIDTH="20" HPOS="1687" VPOS="1226"/>
							<String ID="STRING42" STYLEREFS="STYLE1" HEIGHT="75" WIDTH="176" HPOS="1707" VPOS="1216" CONTENT="bort." WC="0.69" LANG="dan"/>
							<SP ID="SP37" WIDTH="58" HPOS="1883" VPOS="1216"/>
							<String ID="STRING43" STYLEREFS="STYLE1" HEIGHT="84" WIDTH="148" HPOS="1941" VPOS="1207" CONTENT="Du" WC="0.6" LANG="dan"/>
							<SP ID="SP38" WIDTH="36" HPOS="2089" VPOS="1207"/>
							<String ID="STRING44" STYLEREFS="STYLE1" HEIGHT="79" WIDTH="210" HPOS="2125" VPOS="1203" CONTENT="bliver" WC="0.89" LANG="dan"/>
							<SP ID="SP39" WIDTH="34" HPOS="2335" VPOS="1203"/>
							<String ID="STRING45" STYLEREFS="STYLE1" HEIGHT="87" WIDTH="112" HPOS="2369" VPOS="1200" CONTENT="dig" WC="0.46" LANG="dan"/>
							<SP ID="SP40" WIDTH="34" HPOS="2481" VPOS="1200"/>
							<String ID="STRING46" STYLEREFS="STYLE1" HEIGHT="83" WIDTH="134" HPOS="2515" VPOS="1202" CONTENT="dog" WC="0.58" LANG="dan"/>
						</TextLine>
						<TextLine ID="LINE7" HEIGHT="118" WIDTH="1664" HPOS="988" VPOS="1299">
							<String ID="STRING47" STYLEREFS="STYLE1" HEIGHT="78" WIDTH="172" HPOS="988" VPOS="1334" CONTENT="altid" WC="0.67" LANG="dan"/>
							<SP ID="SP41" WIDTH="26" HPOS="1160" VPOS="1334"/>
							<String ID="STRING48" STYLEREFS="STYLE1" HEIGHT="89" WIDTH="124" HPOS="1186" VPOS="1328" CONTENT="selv" WC="0.82" LANG="dan"/>
							<SP ID="SP42" WIDTH="20" HPOS="1310" VPOS="1328"/>
							<String ID="STRING49" STYLEREFS="STYLE1" HEIGHT="89" WIDTH="118" HPOS="1330" VPOS="1326" CONTENT="lig," WC="0.98" LANG="dan"/>
							<SP ID="SP43" WIDTH="50" HPOS="1448" VPOS="1326"/>
							<String ID="STRING50" STYLEREFS="STYLE1" HEIGHT="98" WIDTH="375" HPOS="1498" VPOS="1313" CONTENT="vverfusede" WC="0.83" LANG="dan"/>
							<SP ID="SP44" WIDTH="21" HPOS="1873" VPOS="1313"/>
							<String ID="STRING51" STYLEREFS="STYLE1" HEIGHT="88" WIDTH="275" HPOS="1894" VPOS="1314" CONTENT="Harpax" WC="0.63" LANG="dan"/>
							<SP ID="SP45" WIDTH="25" HPOS="2169" VPOS="1314"/>
							<String ID="STRING52" STYLEREFS="STYLE1" HEIGHT="88" WIDTH="97" HPOS="2194" VPOS="1305" CONTENT="sin" WC="0.72" LANG="dan"/>
							<SP ID="SP46" WIDTH="20" HPOS="2291" VPOS="1305"/>
							<String ID="STRING53" STYLEREFS="STYLE1" HEIGHT="90" WIDTH="341" HPOS="2311" VPOS="1299" CONTENT="Broder;" WC="0.63" LANG="dan"/>
						</TextLine>
						<TextLine ID="LINE8" HEIGHT="136" WIDTH="1671" HPOS="983" VPOS="1394">
							<String ID="STRING54" STYLEREFS="STYLE2" HEIGHT="108" WIDTH="321" HPOS="983" VPOS="1422" CONTENT="Maaskee" WC="0.85" LANG="dan"/>
							<SP ID="SP47" WIDTH="56" HPOS="1304" VPOS="1422"/>
							<String ID="STRING55" STYLEREFS="STYLE1" HEIGHT="76" WIDTH="210" HPOS="1360" VPOS="1421" CONTENT="bliver" WC="0.75" LANG="dan"/>
							<SP ID="SP48" WIDTH="54" HPOS="1570" VPOS="1421"/>
							<String ID="STRING56" STYLEREFS="STYLE1" HEIGHT="69" WIDTH="92" HPOS="1624" VPOS="1422" CONTENT="du" WC="0.4" LANG="dan"/>
							<SP ID="SP49" WIDTH="58" HPOS="1716" VPOS="1422"/>
							<String ID="STRING57" STYLEREFS="STYLE1" HEIGHT="77" WIDTH="130" HPOS="1774" VPOS="1411" CONTENT="nok" WC="0.99" LANG="dan"/>
							<SP ID="SP50" WIDTH="56" HPOS="1904" VPOS="1411"/>
							<String ID="STRING58" STYLEREFS="STYLE1" HEIGHT="89" WIDTH="208" HPOS="1960" VPOS="1409" CONTENT="salig," WC="0.82" LANG="dan"/>
							<SP ID="SP51" WIDTH="50" HPOS="2168" VPOS="1409"/>
							<String ID="STRING59" STYLEREFS="STYLE1" HEIGHT="58" WIDTH="149" HPOS="2218" VPOS="1419" CONTENT="men" WC="1" LANG="dan"/>
							<SP ID="SP52" WIDTH="59" HPOS="2367" VPOS="1419"/>
							<String ID="STRING60" STYLEREFS="STYLE1" HEIGHT="95" WIDTH="228" HPOS="2426" VPOS="1394" CONTENT="aldrig" WC="0.62" LANG="dan"/>
						</TextLine>
						<TextLine ID="LINE9" HEIGHT="130" WIDTH="1659" HPOS="989" VPOS="1495">
							<String ID="STRING61" STYLEREFS="STYLE1" HEIGHT="89" WIDTH="158" HPOS="989" VPOS="1536" CONTENT="rig;" WC="0.67" LANG="dan"/>
							<SP ID="SP53" WIDTH="55" HPOS="1147" VPOS="1536"/>
							<String ID="STRING62" STYLEREFS="STYLE1" HEIGHT="91" WIDTH="128" HPOS="1202" VPOS="1526" CONTENT="Og" WC="0.51" LANG="dan"/>
							<SP ID="SP54" WIDTH="31" HPOS="1330" VPOS="1526"/>
							<String ID="STRING63" STYLEREFS="STYLE1" HEIGHT="71" WIDTH="149" HPOS="1361" VPOS="1526" CONTENT="med" WC="0.68" LANG="dan"/>
							<SP ID="SP55" WIDTH="32" HPOS="1510" VPOS="1526"/>
							<String ID="STRING64" STYLEREFS="STYLE1" HEIGHT="99" WIDTH="152" HPOS="1542" VPOS="1512" CONTENT="disse" WC="0.82" LANG="dan"/>
							<SP ID="SP56" WIDTH="30" HPOS="1694" VPOS="1512"/>
							<String ID="STRING65" STYLEREFS="STYLE1" HEIGHT="80" WIDTH="168" HPOS="1724" VPOS="1510" CONTENT="Ord" WC="0.56" LANG="dan"/>
							<SP ID="SP57" WIDTH="31" HPOS="1892" VPOS="1510"/>
							<String ID="STRING66" STYLEREFS="STYLE1" HEIGHT="93" WIDTH="105" HPOS="1923" VPOS="1506" CONTENT="gik" WC="0.59" LANG="dan"/>
							<SP ID="SP58" WIDTH="38" HPOS="2028" VPOS="1506"/>
							<String ID="STRING67" STYLEREFS="STYLE1" HEIGHT="93" WIDTH="140" HPOS="2066" VPOS="1502" CONTENT="han" WC="1" LANG="dan"/>
							<SP ID="SP59" WIDTH="34" HPOS="2206" VPOS="1502"/>
							<String ID="STRING68" STYLEREFS="STYLE1" HEIGHT="74" WIDTH="196" HPOS="2240" VPOS="1501" CONTENT="vreed" WC="0.74" LANG="dan"/>
							<SP ID="SP60" WIDTH="38" HPOS="2436" VPOS="1501"/>
							<String ID="STRING69" STYLEREFS="STYLE1" HEIGHT="76" WIDTH="174" HPOS="2474" VPOS="1495" CONTENT="bort." WC="0.71" LANG="dan"/>
						</TextLine>
						<TextLine ID="LINE10" HEIGHT="123" WIDTH="1667" HPOS="987" VPOS="1596">
							<String ID="STRING70" STYLEREFS="STYLE1" HEIGHT="102" WIDTH="425" HPOS="987" VPOS="1617" CONTENT="^lervpbilus" WC="0.57" LANG="dan"/>
							<SP ID="SP61" WIDTH="21" HPOS="1412" VPOS="1617"/>
							<String ID="STRING71" STYLEREFS="STYLE1" HEIGHT="97" WIDTH="109" HPOS="1433" VPOS="1615" CONTENT="gik" WC="0.78" LANG="dan"/>
							<SP ID="SP62" WIDTH="18" HPOS="1542" VPOS="1615"/>
							<String ID="STRING72" STYLEREFS="STYLE1" HEIGHT="93" WIDTH="314" HPOS="1560" VPOS="1614" CONTENT="fornøyet" WC="0.76" LANG="nob"/>
							<SP ID="SP63" WIDTH="20" HPOS="1874" VPOS="1614"/>
							<String ID="STRING73" STYLEREFS="STYLE1" HEIGHT="76" WIDTH="116" HPOS="1894" VPOS="1608" CONTENT="ind" WC="0.75" LANG="dan"/>
							<SP ID="SP64" WIDTH="35" HPOS="2010" VPOS="1608"/>
							<String ID="STRING74" STYLEREFS="STYLE1" HEIGHT="74" WIDTH="75" HPOS="2045" VPOS="1606" CONTENT="til" WC="0.76" LANG="dan"/>
							<SP ID="SP65" WIDTH="30" HPOS="2120" VPOS="1606"/>
							<String ID="STRING75" STYLEREFS="STYLE1" HEIGHT="92" WIDTH="98" HPOS="2150" VPOS="1600" CONTENT="sin" WC="0.59" LANG="dan"/>
							<SP ID="SP66" WIDTH="20" HPOS="2248" VPOS="1600"/>
							<String ID="STRING76" STYLEREFS="STYLE1" HEIGHT="88" WIDTH="242" HPOS="2268" VPOS="1596" CONTENT="Kone," WC="0.84" LANG="dan"/>
							<SP ID="SP67" WIDTH="59" HPOS="2510" VPOS="1596"/>
							<String ID="STRING77" STYLEREFS="STYLE1" HEIGHT="73" WIDTH="85" HPOS="2569" VPOS="1610" CONTENT="og" WC="0.77" LANG="dan"/>
						</TextLine>
						<TextLine ID="LINE11" HEIGHT="129" WIDTH="1668" HPOS="989" VPOS="1691">
							<String ID="STRING78" STYLEREFS="STYLE1" HEIGHT="89" WIDTH="230" HPOS="989" VPOS="1731" CONTENT="sagde:" WC="0.83" LANG="dan"/>
							<SP ID="SP68" WIDTH="54" HPOS="1219" VPOS="1731"/>
							<String ID="STRING79" STYLEREFS="STYLE1" HEIGHT="84" WIDTH="152" HPOS="1273" VPOS="1720" CONTENT="Du" WC="0.34" LANG="dan"/>
							<SP ID="SP69" WIDTH="46" HPOS="1425" VPOS="1720"/>
							<String ID="STRING80" STYLEREFS="STYLE1" HEIGHT="60" WIDTH="199" HPOS="1471" VPOS="1734" CONTENT="maae" WC="1" LANG="dan"/>
							<SP ID="SP70" WIDTH="39" HPOS="1670" VPOS="1734"/>
							<String ID="STRING81" STYLEREFS="STYLE1" HEIGHT="76" WIDTH="55" HPOS="1709" VPOS="1710" CONTENT="ei" WC="1" LANG="dan"/>
							<SP ID="SP71" WIDTH="35" HPOS="1764" VPOS="1710"/>
							<String ID="STRING82" STYLEREFS="STYLE1" HEIGHT="90" WIDTH="303" HPOS="1799" VPOS="1708" CONTENT="fortryde" WC="0.59" LANG="dan"/>
							<SP ID="SP72" WIDTH="51" HPOS="2102" VPOS="1708"/>
							<String ID="STRING83" STYLEREFS="STYLE1" HEIGHT="74" WIDTH="184" HPOS="2153" VPOS="1716" CONTENT="paa," WC="0.92" LANG="dan"/>
							<SP ID="SP73" WIDTH="56" HPOS="2337" VPOS="1716"/>
							<String ID="STRING84" STYLEREFS="STYLE1" HEIGHT="56" WIDTH="111" HPOS="2393" VPOS="1714" CONTENT="om" WC="0.83" LANG="dan"/>
							<SP ID="SP74" WIDTH="46" HPOS="2504" VPOS="1714"/>
							<String ID="STRING85" STYLEREFS="STYLE1" HEIGHT="92" WIDTH="107" HPOS="2550" VPOS="1691" CONTENT="jeg" WC="0.66" LANG="dan"/>
						</TextLine>
						<TextLine ID="LINE12" HEIGHT="127" WIDTH="1667" HPOS="989" VPOS="1795">
							<String ID="STRING86" STYLEREFS="STYLE1" HEIGHT="93" WIDTH="212" HPOS="989" VPOS="1829" CONTENT="haver" WC="0.72" LANG="dan"/>
							<SP ID="SP75" WIDTH="63" HPOS="1201" VPOS="1829"/>
							<String ID="STRING87" STYLEREFS="STYLE1" HEIGHT="72" WIDTH="141" HPOS="1264" VPOS="1840" CONTENT="paa" WC="0.79" LANG="dan"/>
							<SP ID="SP76" WIDTH="69" HPOS="1405" VPOS="1840"/>
							<String ID="STRING88" STYLEREFS="STYLE1" HEIGHT="68" WIDTH="121" HPOS="1474" VPOS="1834" CONTENT="nye" WC="0.91" LANG="dan"/>
							<SP ID="SP77" WIDTH="56" HPOS="1595" VPOS="1834"/>
							<String ID="STRING89" STYLEREFS="STYLE1" HEIGHT="92" WIDTH="292" HPOS="1651" VPOS="1806" CONTENT="maaskee" WC="0.84" LANG="dan"/>
							<SP ID="SP78" WIDTH="52" HPOS="1943" VPOS="1806"/>
							<String ID="STRING90" STYLEREFS="STYLE1" HEIGHT="96" WIDTH="425" HPOS="1995" VPOS="1795" CONTENT="formindsket" WC="0.69" LANG="dan"/>
							<SP ID="SP79" WIDTH="75" HPOS="2420" VPOS="1795"/>
							<String ID="STRING91" STYLEREFS="STYLE1" HEIGHT="58" WIDTH="161" HPOS="2495" VPOS="1810" CONTENT="vore" WC="0.73" LANG="dan"/>
						</TextLine>
						<TextLine ID="LINE13" HEIGHT="116" WIDTH="1669" HPOS="988" VPOS="1893">
							<String ID="STRING92" STYLEREFS="STYLE1" HEIGHT="79" WIDTH="291" HPOS="988" VPOS="1930" CONTENT="Midler." WC="0.77" LANG="dan"/>
							<SP ID="SP80" WIDTH="106" HPOS="1279" VPOS="1930"/>
							<String ID="STRING93" STYLEREFS="STYLE1" HEIGHT="90" WIDTH="162" HPOS="1385" VPOS="1918" CONTENT="Ney" WC="0.71" LANG="dan"/>
							<SP ID="SP81" WIDTH="43" HPOS="1547" VPOS="1918"/>
							<String ID="STRING94" STYLEREFS="STYLE1" HEIGHT="77" WIDTH="141" HPOS="1590" VPOS="1913" CONTENT="min" WC="0.81" LANG="dan"/>
							<SP ID="SP82" WIDTH="22" HPOS="1731" VPOS="1913"/>
							<String ID="STRING95" STYLEREFS="STYLE1" HEIGHT="90" WIDTH="200" HPOS="1753" VPOS="1909" CONTENT="hierte" WC="0.72" LANG="dan"/>
							<SP ID="SP83" WIDTH="24" HPOS="1953" VPOS="1909"/>
							<String ID="STRING96" STYLEREFS="STYLE1" HEIGHT="80" WIDTH="242" HPOS="1977" VPOS="1902" CONTENT="Mand" WC="0.66" LANG="dan"/>
							<SP ID="SP84" WIDTH="21" HPOS="2219" VPOS="1902"/>
							<String ID="STRING97" STYLEREFS="STYLE1" HEIGHT="57" WIDTH="129" HPOS="2240" VPOS="1916" CONTENT="var" WC="0.75" LANG="dan"/>
							<SP ID="SP85" WIDTH="36" HPOS="2369" VPOS="1916"/>
							<String ID="STRING98" STYLEREFS="STYLE1" HEIGHT="91" WIDTH="252" HPOS="2405" VPOS="1893" CONTENT="hendes" WC="0.81" LANG="dan"/>
						</TextLine>
						<TextLine ID="LINE14" HEIGHT="121" WIDTH="1671" HPOS="990" VPOS="1990">
							<String ID="STRING99" STYLEREFS="STYLE1" HEIGHT="82" WIDTH="368" HPOS="990" VPOS="2029" CONTENT="Gientale," WC="0.85" LANG="dan"/>
							<SP ID="SP86" WIDTH="56" HPOS="1358" VPOS="2029"/>
							<String ID="STRING100" STYLEREFS="STYLE1" HEIGHT="69" WIDTH="107" HPOS="1414" VPOS="2025" CONTENT="der" WC="0.52" LANG="dan"/>
							<SP ID="SP87" WIDTH="35" HPOS="1521" VPOS="2025"/>
							<String ID="STRING101" STYLEREFS="STYLE1" HEIGHT="58" WIDTH="67" HPOS="1556" VPOS="2033" CONTENT="er" WC="0.64" LANG="dan"/>
							<SP ID="SP88" WIDTH="35" HPOS="1623" VPOS="2033"/>
							<String ID="STRING102" STYLEREFS="STYLE1" HEIGHT="91" WIDTH="126" HPOS="1658" VPOS="2012" CONTENT="vist" WC="0.55" LANG="dan"/>
							<SP ID="SP89" WIDTH="48" HPOS="1784" VPOS="2012"/>
							<String ID="STRING103" STYLEREFS="STYLE1" HEIGHT="74" WIDTH="55" HPOS="1832" VPOS="2009" CONTENT="ei" WC="0.9" LANG="dan"/>
							<SP ID="SP90" WIDTH="54" HPOS="1887" VPOS="2009"/>
							<String ID="STRING104" STYLEREFS="STYLE1" HEIGHT="92" WIDTH="152" HPOS="1941" VPOS="2003" CONTENT="skeer" WC="0.7" LANG="dan"/>
							<SP ID="SP91" WIDTH="35" HPOS="2093" VPOS="2003"/>
							<String ID="STRING105" STYLEREFS="STYLE1" HEIGHT="68" WIDTH="175" HPOS="2128" VPOS="2008" CONTENT="uden" WC="0.73" LANG="dan"/>
							<SP ID="SP92" WIDTH="35" HPOS="2303" VPOS="2008"/>
							<String ID="STRING106" STYLEREFS="STYLE1" HEIGHT="91" WIDTH="159" HPOS="2338" VPOS="1991" CONTENT="efter" WC="0.84" LANG="dan"/>
							<SP ID="SP93" WIDTH="44" HPOS="2497" VPOS="1991"/>
							<String ID="STRING107" STYLEREFS="STYLE1" HEIGHT="76" WIDTH="120" HPOS="2541" VPOS="1990" CONTENT="din" WC="0.76" LANG="dan"/>
						</TextLine>
						<TextLine ID="LINE15" HEIGHT="132" WIDTH="1637" HPOS="993" VPOS="2090">
							<String ID="STRING108" STYLEREFS="STYLE1" HEIGHT="91" WIDTH="223" HPOS="993" VPOS="2131" CONTENT="gamle" WC="0.87" LANG="dan"/>
							<SP ID="SP94" WIDTH="44" HPOS="1216" VPOS="2131"/>
							<String ID="STRING109" STYLEREFS="STYLE1" HEIGHT="84" WIDTH="268" HPOS="1260" VPOS="2121" CONTENT="Vane," WC="0.85" LANG="dan"/>
							<SP ID="SP95" WIDTH="52" HPOS="1528" VPOS="2121"/>
							<String ID="STRING110" STYLEREFS="STYLE1" HEIGHT="71" WIDTH="126" HPOS="1580" VPOS="2118" CONTENT="ved" WC="0.78" LANG="dan"/>
							<SP ID="SP96" WIDTH="40" HPOS="1706" VPOS="2118"/>
							<String ID="STRING111" STYLEREFS="STYLE1" HEIGHT="63" WIDTH="76" HPOS="1746" VPOS="2123" CONTENT="ar" WC="0.63" LANG="dan"/>
							<SP ID="SP97" WIDTH="28" HPOS="1822" VPOS="2123"/>
							<String ID="STRING112" STYLEREFS="STYLE1" HEIGHT="90" WIDTH="187" HPOS="1850" VPOS="2108" CONTENT="giere" WC="0.61" LANG="deu"/>
							<SP ID="SP98" WIDTH="37" HPOS="2037" VPOS="2108"/>
							<String ID="STRING113" STYLEREFS="STYLE1" HEIGHT="78" WIDTH="170" HPOS="2074" VPOS="2116" CONTENT="got;" WC="0.5" LANG="dan"/>
							<SP ID="SP99" WIDTH="58" HPOS="2244" VPOS="2116"/>
							<String ID="STRING114" STYLEREFS="STYLE1" HEIGHT="94" WIDTH="177" HPOS="2302" VPOS="2093" CONTENT="Paa" WC="0.88" LANG="dan"/>
							<SP ID="SP100" WIDTH="37" HPOS="2479" VPOS="2093"/>
							<String ID="STRING115" STYLEREFS="STYLE3" HEIGHT="93" WIDTH="114" HPOS="2516" VPOS="2090" CONTENT="saa" SUBS_TYPE="HypPart1" SUBS_CONTENT="saadan" WC="0.87" LANG="dan"/>
							<HYP CONTENT="-"/>
						</TextLine>
						<TextLine ID="LINE16" HEIGHT="132" WIDTH="1672" HPOS="990" VPOS="2192">
							<String ID="STRING116" STYLEREFS="STYLE3" HEIGHT="87" WIDTH="140" HPOS="990" VPOS="2237" CONTENT="dan" SUBS_TYPE="HypPart2" SUBS_CONTENT="saadan" WC="0.87" LANG="dan"/>
							<SP ID="SP101" WIDTH="-139" HPOS="1130" VPOS="2237"/>
							<String ID="STRING117" STYLEREFS="STYLE1" HEIGHT="67" WIDTH="141" HPOS="991" VPOS="2239" CONTENT="dan" WC="0.76" LANG="dan"/>
							<SP ID="SP102" WIDTH="36" HPOS="1132" VPOS="2239"/>
							<String ID="STRING118" STYLEREFS="STYLE1" HEIGHT="80" WIDTH="276" HPOS="1168" VPOS="2221" CONTENT="Maade" WC="0.76" LANG="dan"/>
							<SP ID="SP103" WIDTH="46" HPOS="1444" VPOS="2221"/>
							<String ID="STRING119" STYLEREFS="STYLE1" HEIGHT="89" WIDTH="336" HPOS="1490" VPOS="2214" CONTENT="forringer" WC="0.89" LANG="dan"/>
							<SP ID="SP104" WIDTH="59" HPOS="1826" VPOS="2214"/>
							<String ID="STRING120" STYLEREFS="STYLE1" HEIGHT="59" WIDTH="163" HPOS="1885" VPOS="2222" CONTENT="man" WC="0.9" LANG="dan"/>
							<SP ID="SP105" WIDTH="46" HPOS="2048" VPOS="2222"/>
							<String ID="STRING121" STYLEREFS="STYLE1" HEIGHT="76" WIDTH="54" HPOS="2094" VPOS="2199" CONTENT="ei" WC="1" LANG="dan"/>
							<SP ID="SP106" WIDTH="32" HPOS="2148" VPOS="2199"/>
							<String ID="STRING122" STYLEREFS="STYLE1" HEIGHT="87" WIDTH="132" HPOS="2180" VPOS="2200" CONTENT="sine" WC="0.92" LANG="dan"/>
							<SP ID="SP107" WIDTH="38" HPOS="2312" VPOS="2200"/>
							<String ID="STRING123" STYLEREFS="STYLE1" HEIGHT="87" WIDTH="312" HPOS="2350" VPOS="2192" CONTENT="Midler," WC="0.63" LANG="dan"/>
						</TextLine>
						<TextLine ID="LINE17" HEIGHT="114" WIDTH="1663" HPOS="997" VPOS="2300">
							<String ID="STRING124" STYLEREFS="STYLE1" HEIGHT="61" WIDTH="151" HPOS="997" VPOS="2344" CONTENT="men" WC="0.88" LANG="dan"/>
							<SP ID="SP108" WIDTH="38" HPOS="1148" VPOS="2344"/>
							<String ID="STRING125" STYLEREFS="STYLE1" HEIGHT="94" WIDTH="272" HPOS="1186" VPOS="2320" CONTENT="forøger" WC="0.84" LANG="dan"/>
							<SP ID="SP109" WIDTH="27" HPOS="1458" VPOS="2320"/>
							<String ID="STRING126" STYLEREFS="STYLE1" HEIGHT="77" WIDTH="195" HPOS="1485" VPOS="2322" CONTENT="dem," WC="0.81" LANG="dan"/>
							<SP ID="SP110" WIDTH="55" HPOS="1680" VPOS="2322"/>
							<String ID="STRING127" STYLEREFS="STYLE1" HEIGHT="71" WIDTH="123" HPOS="1735" VPOS="2312" CONTENT="ved" WC="0.58" LANG="dan"/>
							<SP ID="SP111" WIDTH="31" HPOS="1858" VPOS="2312"/>
							<String ID="STRING128" STYLEREFS="STYLE1" HEIGHT="65" WIDTH="75" HPOS="1889" VPOS="2317" CONTENT="at" WC="0.66" LANG="dan"/>
							<SP ID="SP112" WIDTH="36" HPOS="1964" VPOS="2317"/>
							<String ID="STRING129" STYLEREFS="STYLE1" HEIGHT="91" WIDTH="172" HPOS="2000" VPOS="2300" CONTENT="sætte" WC="0.73" LANG="dan"/>
							<SP ID="SP113" WIDTH="32" HPOS="2172" VPOS="2300"/>
							<String ID="STRING130" STYLEREFS="STYLE1" HEIGHT="65" WIDTH="148" HPOS="2204" VPOS="2305" CONTENT="dem" WC="0.54" LANG="dan"/>
							<SP ID="SP114" WIDTH="35" HPOS="2352" VPOS="2305"/>
							<String ID="STRING131" STYLEREFS="STYLE1" HEIGHT="68" WIDTH="91" HPOS="2387" VPOS="2300" CONTENT="ud" WC="0.63" LANG="dan"/>
							<SP ID="SP115" WIDTH="41" HPOS="2478" VPOS="2300"/>
							<String ID="STRING132" STYLEREFS="STYLE1" HEIGHT="71" WIDTH="141" HPOS="2519" VPOS="2308" CONTENT="paa" WC="0.8" LANG="dan"/>
						</TextLine>
						<TextLine ID="LINE18" HEIGHT="124" WIDTH="1641" HPOS="997" VPOS="2387">
							<String ID="STRING133" STYLEREFS="STYLE1" HEIGHT="82" WIDTH="266" HPOS="997" VPOS="2425" CONTENT="Rente," WC="0.91" LANG="deu"/>
							<SP ID="SP116" WIDTH="54" HPOS="1263" VPOS="2425"/>
							<String ID="STRING134" STYLEREFS="STYLE1" HEIGHT="91" WIDTH="127" HPOS="1317" VPOS="2420" CONTENT="hos" WC="0.75" LANG="dan"/>
							<SP ID="SP117" WIDTH="35" HPOS="1444" VPOS="2420"/>
							<String ID="STRING135" STYLEREFS="STYLE1" HEIGHT="56" WIDTH="75" HPOS="1479" VPOS="2433" CONTENT="en" WC="1" LANG="dan"/>
							<SP ID="SP118" WIDTH="39" HPOS="1554" VPOS="2433"/>
							<String ID="STRING136" STYLEREFS="STYLE1" HEIGHT="78" WIDTH="241" HPOS="1593" VPOS="2409" CONTENT="Mand" WC="0.71" LANG="dan"/>
							<SP ID="SP119" WIDTH="41" HPOS="1834" VPOS="2409"/>
							<String ID="STRING137" STYLEREFS="STYLE1" HEIGHT="89" WIDTH="135" HPOS="1875" VPOS="2405" CONTENT="som" WC="0.68" LANG="dan"/>
							<SP ID="SP120" WIDTH="37" HPOS="2010" VPOS="2405"/>
							<String ID="STRING138" STYLEREFS="STYLE1" HEIGHT="56" WIDTH="67" HPOS="2047" VPOS="2420" CONTENT="er" WC="0.83" LANG="dan"/>
							<SP ID="SP121" WIDTH="30" HPOS="2114" VPOS="2420"/>
							<String ID="STRING139" STYLEREFS="STYLE1" HEIGHT="89" WIDTH="236" HPOS="2144" VPOS="2395" CONTENT="sikker," WC="0.69" LANG="dan"/>
							<SP ID="SP122" WIDTH="63" HPOS="2380" VPOS="2395"/>
							<String ID="STRING140" STYLEREFS="STYLE1" HEIGHT="73" WIDTH="85" HPOS="2443" VPOS="2409" CONTENT="og" WC="0.63" LANG="dan"/>
							<SP ID="SP123" WIDTH="34" HPOS="2528" VPOS="2409"/>
							<String ID="STRING141" STYLEREFS="STYLE1" HEIGHT="77" WIDTH="76" HPOS="2562" VPOS="2387" CONTENT="be" SUBS_TYPE="HypPart1" SUBS_CONTENT="betaler" WC="0.73" LANG="dan"/>
							<HYP CONTENT="-"/>
						</TextLine>
						<TextLine ID="LINE19" HEIGHT="114" WIDTH="1665" HPOS="997" VPOS="2490">
							<String ID="STRING142" STYLEREFS="STYLE1" HEIGHT="73" WIDTH="174" HPOS="997" VPOS="2531" CONTENT="taler" SUBS_TYPE="HypPart2" SUBS_CONTENT="betaler" WC="0.81" LANG="dan"/>
							<SP ID="SP124" WIDTH="47" HPOS="1171" VPOS="2531"/>
							<String ID="STRING143" STYLEREFS="STYLE1" HEIGHT="43" WIDTH="27" HPOS="1218" VPOS="2546" CONTENT="i" WC="0.22" LANG="dan"/>
							<SP ID="SP125" WIDTH="12" HPOS="1245" VPOS="2546"/>
							<String ID="STRING144" STYLEREFS="STYLE1" HEIGHT="47" WIDTH="48" HPOS="1257" VPOS="2541" CONTENT="O" WC="0.22" LANG="dan"/>
							<SP ID="SP126" WIDTH="42" HPOS="1305" VPOS="2541"/>
							<String ID="STRING145" STYLEREFS="STYLE1" HEIGHT="82" WIDTH="270" HPOS="1347" VPOS="2510" CONTENT="dobbelt" WC="0.59" LANG="dan"/>
							<SP ID="SP127" WIDTH="32" HPOS="1617" VPOS="2510"/>
							<String ID="STRING146" STYLEREFS="STYLE1" HEIGHT="102" WIDTH="214" HPOS="1649" VPOS="2498" CONTENT="iglen'," WC="0.78" LANG="dan"/>
							<SP ID="SP128" WIDTH="54" HPOS="1863" VPOS="2498"/>
							<String ID="STRING147" STYLEREFS="STYLE1" HEIGHT="89" WIDTH="115" HPOS="1917" VPOS="2502" CONTENT="saa" WC="0.94" LANG="dan"/>
							<SP ID="SP129" WIDTH="49" HPOS="2032" VPOS="2502"/>
							<String ID="STRING148" STYLEREFS="STYLE1" HEIGHT="73" WIDTH="105" HPOS="2081" VPOS="2500" CONTENT="vel" WC="0.86" LANG="dan"/>
							<SP ID="SP130" WIDTH="35" HPOS="2186" VPOS="2500"/>
							<String ID="STRING149" STYLEREFS="STYLE1" HEIGHT="72" WIDTH="21" HPOS="2221" VPOS="2497" CONTENT="i" WC="0.75" LANG="dan"/>
							<SP ID="SP131" WIDTH="33" HPOS="2242" VPOS="2497"/>
							<String ID="STRING150" STYLEREFS="STYLE1" HEIGHT="67" WIDTH="209" HPOS="2275" VPOS="2502" CONTENT="denne" WC="0.85" LANG="dan"/>
							<SP ID="SP132" WIDTH="41" HPOS="2484" VPOS="2502"/>
							<String ID="STRING151" STYLEREFS="STYLE1" HEIGHT="87" WIDTH="137" HPOS="2525" VPOS="2490" CONTENT="som" WC="0.74" LANG="dan"/>
						</TextLine>
						<TextLine ID="LINE20" HEIGHT="126" WIDTH="1670" HPOS="997" VPOS="2590">
							<String ID="STRING152" STYLEREFS="STYLE1" HEIGHT="89" WIDTH="116" HPOS="997" VPOS="2627" CONTENT="hin" WC="0.7" LANG="dan"/>
							<SP ID="SP133" WIDTH="40" HPOS="1113" VPOS="2627"/>
							<String ID="STRING153" STYLEREFS="STYLE1" HEIGHT="87" WIDTH="342" HPOS="1153" VPOS="2617" CONTENT="Verden," WC="0.73" LANG="dan"/>
							<SP ID="SP134" WIDTH="59" HPOS="1495" VPOS="2617"/>
							<String ID="STRING154" STYLEREFS="STYLE1" HEIGHT="71" WIDTH="83" HPOS="1554" VPOS="2627" CONTENT="og" WC="0.75" LANG="dan"/>
							<SP ID="SP135" WIDTH="32" HPOS="1637" VPOS="2627"/>
							<String ID="STRING155" STYLEREFS="STYLE1" HEIGHT="87" WIDTH="136" HPOS="1669" VPOS="2608" CONTENT="som" WC="1" LANG="dan"/>
							<SP ID="SP136" WIDTH="40" HPOS="1805" VPOS="2608"/>
							<String ID="STRING156" STYLEREFS="STYLE1" HEIGHT="89" WIDTH="100" HPOS="1845" VPOS="2604" CONTENT="jeg" WC="0.66" LANG="dan"/>
							<SP ID="SP137" WIDTH="40" HPOS="1945" VPOS="2604"/>
							<String ID="STRING157" STYLEREFS="STYLE1" HEIGHT="57" WIDTH="68" HPOS="1985" VPOS="2618" CONTENT="er" WC="0.83" LANG="dan"/>
							<SP ID="SP138" WIDTH="51" HPOS="2053" VPOS="2618"/>
							<String ID="STRING158" STYLEREFS="STYLE1" HEIGHT="89" WIDTH="393" HPOS="2104" VPOS="2590" CONTENT="vverbeviist" WC="0.59" LANG="dan"/>
							<SP ID="SP139" WIDTH="54" HPOS="2497" VPOS="2590"/>
							<String ID="STRING159" STYLEREFS="STYLE1" HEIGHT="57" WIDTH="116" HPOS="2551" VPOS="2606" CONTENT="om" WC="0.81" LANG="dan"/>
						</TextLine>
						<TextLine ID="LINE21" HEIGHT="136" WIDTH="1644" HPOS="996" VPOS="2680">
							<String ID="STRING160" STYLEREFS="STYLE1" HEIGHT="97" WIDTH="277" HPOS="996" VPOS="2719" CONTENT="gandffe" WC="0.67" LANG="dan"/>
							<SP ID="SP140" WIDTH="53" HPOS="1273" VPOS="2719"/>
							<String ID="STRING161" STYLEREFS="STYLE1" HEIGHT="89" WIDTH="128" HPOS="1326" VPOS="2716" CONTENT="vist" WC="0.6" LANG="dan"/>
							<SP ID="SP141" WIDTH="53" HPOS="1454" VPOS="2716"/>
							<String ID="STRING162" STYLEREFS="STYLE1" HEIGHT="89" WIDTH="224" HPOS="1507" VPOS="2711" CONTENT="sørger" WC="0.65" LANG="dan"/>
							<SP ID="SP142" WIDTH="42" HPOS="1731" VPOS="2711"/>
							<String ID="STRING163" STYLEREFS="STYLE1" HEIGHT="93" WIDTH="108" HPOS="1773" VPOS="2701" CONTENT="for" WC="0.57" LANG="dan"/>
							<SP ID="SP143" WIDTH="33" HPOS="1881" VPOS="2701"/>
							<String ID="STRING164" STYLEREFS="STYLE1" HEIGHT="58" WIDTH="157" HPOS="1914" VPOS="2717" CONTENT="vore" WC="0.71" LANG="dan"/>
							<SP ID="SP144" WIDTH="30" HPOS="2071" VPOS="2717"/>
							<String ID="STRING165" STYLEREFS="STYLE1" HEIGHT="84" WIDTH="250" HPOS="2101" VPOS="2694" CONTENT="Børn." WC="0.89" LANG="dan"/>
							<SP ID="SP145" WIDTH="139" HPOS="2351" VPOS="2694"/>
							<String ID="STRING166" STYLEREFS="STYLE4" HEIGHT="99" WIDTH="150" HPOS="2490" VPOS="2680" CONTENT="For" SUBS_TYPE="HypPart1" SUBS_CONTENT="Fortreflige" WC="0.84" LANG="dan"/>
							<HYP HEIGHT="37" WIDTH="23" HPOS="2643" VPOS="2715" CONTENT="-"/>
						</TextLine>
						<TextLine ID="LINE22" HEIGHT="134" WIDTH="1673" HPOS="998" VPOS="2781">
							<String ID="STRING167" STYLEREFS="STYLE3" HEIGHT="96" WIDTH="254" HPOS="998" VPOS="2819" CONTENT="treflige" SUBS_TYPE="HypPart2" SUBS_CONTENT="Fortreflige" WC="0.85" LANG="dan"/>
							<SP ID="SP146" WIDTH="66" HPOS="1252" VPOS="2819"/>
							<String ID="STRING168" STYLEREFS="STYLE1" HEIGHT="89" WIDTH="282" HPOS="1318" VPOS="2814" CONTENT="Mage," WC="0.72" LANG="dan"/>
							<SP ID="SP147" WIDTH="68" HPOS="1600" VPOS="2814"/>
							<String ID="STRING169" STYLEREFS="STYLE1" HEIGHT="80" WIDTH="243" HPOS="1668" VPOS="2803" CONTENT="raabte" WC="0.72" LANG="dan"/>
							<SP ID="SP148" WIDTH="69" HPOS="1911" VPOS="2803"/>
							<String ID="STRING170" STYLEREFS="STYLE1" HEIGHT="96" WIDTH="463" HPOS="1980" VPOS="2793" CONTENT="Alerophilus," WC="0.67" LANG="dan"/>
							<SP ID="SP149" WIDTH="82" HPOS="2443" VPOS="2793"/>
							<String ID="STRING171" STYLEREFS="STYLE3" HEIGHT="88" WIDTH="146" HPOS="2525" VPOS="2781" CONTENT="faa-«" SUBS_TYPE="HypPart1" SUBS_CONTENT="faa-«dannejGrunde" WC="0.74" LANG="dan"/>
							<HYP CONTENT="-"/>
						</TextLine>
						<TextLine ID="LINE23" HEIGHT="116" WIDTH="1680" HPOS="994" VPOS="2888">
							<String ID="STRING172" STYLEREFS="STYLE3" HEIGHT="90" WIDTH="557" HPOS="994" VPOS="2914" CONTENT="dannejGrunde" SUBS_TYPE="HypPart2" SUBS_CONTENT="faa-«dannejGrunde" WC="0.87" LANG="dan"/>
							<SP ID="SP150" WIDTH="-299" HPOS="1551" VPOS="2914"/>
							<String ID="STRING173" STYLEREFS="STYLE1" HEIGHT="80" WIDTH="300" HPOS="1252" VPOS="2917" CONTENT="Grunde" WC="0.73" LANG="dan"/>
							<SP ID="SP151" WIDTH="50" HPOS="1552" VPOS="2917"/>
							<String ID="STRING174" STYLEREFS="STYLE1" HEIGHT="79" WIDTH="130" HPOS="1602" VPOS="2905" CONTENT="kan" WC="1" LANG="dan"/>
							<SP ID="SP152" WIDTH="56" HPOS="1732" VPOS="2905"/>
							<String ID="STRING175" STYLEREFS="STYLE1" HEIGHT="90" WIDTH="409" HPOS="1788" VPOS="2900" CONTENT="Religionen" WC="0.89" LANG="dan"/>
							<SP ID="SP153" WIDTH="55" HPOS="2197" VPOS="2900"/>
							<String ID="STRING176" STYLEREFS="STYLE1" HEIGHT="70" WIDTH="185" HPOS="2252" VPOS="2897" CONTENT="alene" WC="1" LANG="dan"/>
							<SP ID="SP154" WIDTH="39" HPOS="2437" VPOS="2897"/>
							<String ID="STRING177" STYLEREFS="STYLE1" HEIGHT="90" WIDTH="198" HPOS="2476" VPOS="2888" CONTENT="give," WC="0.85" LANG="dan"/>
						</TextLine>
						<TextLine ID="LINE24" HEIGHT="121" WIDTH="1678" HPOS="994" VPOS="2989">
							<String ID="STRING178" STYLEREFS="STYLE1" HEIGHT="92" WIDTH="414" HPOS="994" VPOS="3018" CONTENT="Religionen" WC="0.86" LANG="dan"/>
							<SP ID="SP155" WIDTH="33" HPOS="1408" VPOS="3018"/>
							<String ID="STRING179" STYLEREFS="STYLE1" HEIGHT="70" WIDTH="183" HPOS="1441" VPOS="3018" CONTENT="alene" WC="1" LANG="dan"/>
							<SP ID="SP156" WIDTH="32" HPOS="1624" VPOS="3018"/>
							<String ID="STRING180" STYLEREFS="STYLE1" HEIGHT="79" WIDTH="130" HPOS="1656" VPOS="3004" CONTENT="kan" WC="1" LANG="dan"/>
							<SP ID="SP157" WIDTH="40" HPOS="1786" VPOS="3004"/>
							<String ID="STRING181" STYLEREFS="STYLE1" HEIGHT="91" WIDTH="146" HPOS="1826" VPOS="3000" CONTENT="fere" WC="0.7" LANG="dan"/>
							<SP ID="SP158" WIDTH="30" HPOS="1972" VPOS="3000"/>
							<String ID="STRING182" STYLEREFS="STYLE1" HEIGHT="88" WIDTH="388" HPOS="2002" VPOS="2992" CONTENT="Mennesker" WC="0.81" LANG="dan"/>
							<SP ID="SP159" WIDTH="28" HPOS="2390" VPOS="2992"/>
							<String ID="STRING183" STYLEREFS="STYLE1" HEIGHT="87" WIDTH="254" HPOS="2418" VPOS="2989" CONTENT="tilbage" WC="0.78" LANG="dan"/>
						</TextLine>
						<TextLine ID="LINE25" HEIGHT="126" WIDTH="1712" HPOS="1001" VPOS="3083">
							<String ID="STRING184" STYLEREFS="STYLE1" HEIGHT="76" WIDTH="79" HPOS="1001" VPOS="3126" CONTENT="til" WC="1" LANG="dan"/>
							<SP ID="SP160" WIDTH="59" HPOS="1080" VPOS="3126"/>
							<String ID="STRING185" STYLEREFS="STYLE1" HEIGHT="87" WIDTH="97" HPOS="1139" VPOS="3122" CONTENT="sin" WC="0.68" LANG="dan"/>
							<SP ID="SP161" WIDTH="53" HPOS="1236" VPOS="3122"/>
							<String ID="STRING186" STYLEREFS="STYLE1" HEIGHT="92" WIDTH="295" HPOS="1289" VPOS="3112" CONTENT="forlorne" WC="0.81" LANG="dan"/>
							<SP ID="SP162" WIDTH="50" HPOS="1584" VPOS="3112"/>
							<String ID="STRING187" STYLEREFS="STYLE1" HEIGHT="93" WIDTH="488" HPOS="1634" VPOS="3099" CONTENT="Værdighed," WC="0.58" LANG="dan"/>
							<SP ID="SP163" WIDTH="78" HPOS="2122" VPOS="3099"/>
							<String ID="STRING188" STYLEREFS="STYLE1" HEIGHT="94" WIDTH="416" HPOS="2200" VPOS="3091" CONTENT="Religionen" WC="0.77" LANG="dan"/>
							<SP ID="SP164" WIDTH="48" HPOS="2616" VPOS="3091"/>
							<String ID="STRING189" STYLEREFS="STYLE5" HEIGHT="37" WIDTH="49" HPOS="2664" VPOS="3083" CONTENT="*" WC="0.84" LANG="dan"/>
						</TextLine>
						<TextLine ID="LINE26" HEIGHT="116" WIDTH="1667" HPOS="1001" VPOS="3188">
							<String ID="STRING190" STYLEREFS="STYLE1" HEIGHT="71" WIDTH="130" HPOS="1001" VPOS="3229" CONTENT="den" WC="0.76" LANG="dan"/>
							<SP ID="SP165" WIDTH="40" HPOS="1131" VPOS="3229"/>
							<String ID="STRING191" STYLEREFS="STYLE1" HEIGHT="90" WIDTH="368" HPOS="1171" VPOS="3214" CONTENT="Religion," WC="0.72" LANG="dan"/>
							<SP ID="SP166" WIDTH="68" HPOS="1539" VPOS="3214"/>
							<String ID="STRING192" STYLEREFS="STYLE1" HEIGHT="89" WIDTH="137" HPOS="1607" VPOS="3207" CONTENT="som" WC="0.79" LANG="dan"/>
							<SP ID="SP167" WIDTH="49" HPOS="1744" VPOS="3207"/>
							<String ID="STRING193" STYLEREFS="STYLE1" HEIGHT="71" WIDTH="21" HPOS="1793" VPOS="3205" CONTENT="i" WC="0.39" LANG="dan"/>
							<SP ID="SP168" WIDTH="35" HPOS="1814" VPOS="3205"/>
							<String ID="STRING194" STYLEREFS="STYLE1" HEIGHT="56" WIDTH="165" HPOS="1849" VPOS="3219" CONTENT="vore" WC="0.91" LANG="dan"/>
							<SP ID="SP169" WIDTH="39" HPOS="2014" VPOS="3219"/>
							<String ID="STRING195" STYLEREFS="STYLE1" HEIGHT="88" WIDTH="215" HPOS="2053" VPOS="3193" CONTENT="Tider" WC="0.63" LANG="dan"/>
							<SP ID="SP170" WIDTH="59" HPOS="2268" VPOS="3193"/>
							<String ID="STRING196" STYLEREFS="STYLE1" HEIGHT="85" WIDTH="115" HPOS="2327" VPOS="3193" CONTENT="saa" WC="1" LANG="dan"/>
							<SP ID="SP171" WIDTH="67" HPOS="2442" VPOS="3193"/>
							<String ID="STRING197" STYLEREFS="STYLE1" HEIGHT="73" WIDTH="159" HPOS="2509" VPOS="3188" CONTENT="lider" WC="0.71" LANG="dan"/>
						</TextLine>
						<TextLine ID="LINE27" HEIGHT="129" WIDTH="1667" HPOS="1004" VPOS="3284">
							<String ID="STRING198" STYLEREFS="STYLE1" HEIGHT="86" WIDTH="241" HPOS="1004" VPOS="3327" CONTENT="agtes," WC="0.84" LANG="dan"/>
							<SP ID="SP172" WIDTH="46" HPOS="1245" VPOS="3327"/>
							<String ID="STRING199" STYLEREFS="STYLE1" HEIGHT="88" WIDTH="118" HPOS="1291" VPOS="3314" CONTENT="saa" WC="0.84" LANG="dan"/>
							<SP ID="SP173" WIDTH="40" HPOS="1409" VPOS="3314"/>
							<String ID="STRING200" STYLEREFS="STYLE1" HEIGHT="93" WIDTH="312" HPOS="1449" VPOS="3309" CONTENT="høyligen" WC="0.79" LANG="dan"/>
							<SP ID="SP174" WIDTH="46" HPOS="1761" VPOS="3309"/>
							<String ID="STRING201" STYLEREFS="STYLE1" HEIGHT="93" WIDTH="420" HPOS="1807" VPOS="3296" CONTENT="forhaanes;" WC="0.79" LANG="dan"/>
							<SP ID="SP175" WIDTH="52" HPOS="2227" VPOS="3296"/>
							<String ID="STRING202" STYLEREFS="STYLE1" HEIGHT="98" WIDTH="392" HPOS="2279" VPOS="3284" CONTENT="Fornuften" WC="0.79" LANG="dan"/>
						</TextLine>
						<TextLine ID="LINE28" HEIGHT="117" WIDTH="1671" HPOS="1000" VPOS="3392">
							<String ID="STRING203" STYLEREFS="STYLE1" HEIGHT="57" WIDTH="115" HPOS="1000" VPOS="3443" CONTENT="ene" WC="1" LANG="dan"/>
							<SP ID="SP176" WIDTH="39" HPOS="1115" VPOS="3443"/>
							<String ID="STRING204" STYLEREFS="STYLE1" HEIGHT="74" WIDTH="209" HPOS="1154" VPOS="3435" CONTENT="gaaer" WC="0.8" LANG="dan"/>
							<SP ID="SP177" WIDTH="46" HPOS="1363" VPOS="3435"/>
							<String ID="STRING205" STYLEREFS="STYLE1" HEIGHT="69" WIDTH="84" HPOS="1409" VPOS="3418" CONTENT="ler" WC="0.76" LANG="dan"/>
							<SP ID="SP178" WIDTH="55" HPOS="1493" VPOS="3418"/>
							<String ID="STRING206" STYLEREFS="STYLE1" HEIGHT="85" WIDTH="181" HPOS="1548" VPOS="3409" CONTENT="vild," WC="0.76" LANG="dan"/>
							<SP ID="SP179" WIDTH="49" HPOS="1729" VPOS="3409"/>
							<String ID="STRING207" STYLEREFS="STYLE1" HEIGHT="55" WIDTH="151" HPOS="1778" VPOS="3419" CONTENT="men" WC="0.99" LANG="dan"/>
							<SP ID="SP180" WIDTH="50" HPOS="1929" VPOS="3419"/>
							<String ID="STRING208" STYLEREFS="STYLE1" HEIGHT="73" WIDTH="22" HPOS="1979" VPOS="3399" CONTENT="i" WC="1" LANG="dan"/>
							<SP ID="SP181" WIDTH="42" HPOS="2001" VPOS="3399"/>
							<String ID="STRING209" STYLEREFS="STYLE1" HEIGHT="86" WIDTH="628" HPOS="2043" VPOS="3392" CONTENT="Aabenbaringens" WC="0.77" LANG="dan"/>
						</TextLine>
						<TextLine ID="LINE29" HEIGHT="123" WIDTH="1671" HPOS="998" VPOS="3486">
							<String ID="STRING210" STYLEREFS="STYLE1" HEIGHT="94" WIDTH="305" HPOS="998" VPOS="3515" CONTENT="Selskab" WC="0.75" LANG="dan"/>
							<SP ID="SP182" WIDTH="37" HPOS="1303" VPOS="3515"/>
							<String ID="STRING211" STYLEREFS="STYLE1" HEIGHT="92" WIDTH="153" HPOS="1340" VPOS="3512" CONTENT="giør" WC="0.73" LANG="dan"/>
							<SP ID="SP183" WIDTH="47" HPOS="1493" VPOS="3512"/>
							<String ID="STRING212" STYLEREFS="STYLE1" HEIGHT="65" WIDTH="127" HPOS="1540" VPOS="3517" CONTENT="den" WC="0.76" LANG="dan"/>
							<SP ID="SP184" WIDTH="51" HPOS="1667" VPOS="3517"/>
							<String ID="STRING213" STYLEREFS="STYLE1" HEIGHT="87" WIDTH="193" HPOS="1718" VPOS="3501" CONTENT="sikkre" WC="0.82" LANG="dan"/>
							<SP ID="SP185" WIDTH="38" HPOS="1911" VPOS="3501"/>
							<String ID="STRING214" STYLEREFS="STYLE1" HEIGHT="89" WIDTH="206" HPOS="1949" VPOS="3493" CONTENT="Trin-" WC="0.89" LANG="dan"/>
							<SP ID="SP186" WIDTH="124" HPOS="2155" VPOS="3493"/>
							<String ID="STRING215" STYLEREFS="STYLE1" HEIGHT="80" WIDTH="208" HPOS="2279" VPOS="3488" CONTENT="Som" WC="0.71" LANG="dan"/>
							<SP ID="SP187" WIDTH="44" HPOS="2487" VPOS="3488"/>
							<String ID="STRING216" STYLEREFS="STYLE1" HEIGHT="91" WIDTH="138" HPOS="2531" VPOS="3486" CONTENT="hun" WC="0.68" LANG="dan"/>
						</TextLine>
						<TextLine ID="LINE30" HEIGHT="124" WIDTH="1671" HPOS="998" VPOS="3587">
							<String ID="STRING217" STYLEREFS="STYLE1" HEIGHT="77" WIDTH="150" HPOS="998" VPOS="3623" CONTENT="korr" WC="0.55" LANG="dan"/>
							<SP ID="SP188" WIDTH="28" HPOS="1148" VPOS="3623"/>
							<String ID="STRING218" STYLEREFS="STYLE1" HEIGHT="95" WIDTH="160" HPOS="1176" VPOS="3616" CONTENT="ester" WC="0.6" LANG="dan"/>
							<SP ID="SP189" WIDTH="33" HPOS="1336" VPOS="3616"/>
							<String ID="STRING219" STYLEREFS="STYLE4" HEIGHT="67" WIDTH="257" HPOS="1369" VPOS="3623" CONTENT="maatte" WC="0.88" LANG="dan"/>
							<SP ID="SP190" WIDTH="40" HPOS="1626" VPOS="3623"/>
							<String ID="STRING220" STYLEREFS="STYLE1" HEIGHT="97" WIDTH="260" HPOS="1666" VPOS="3602" CONTENT="forlade" WC="0.75" LANG="dan"/>
							<SP ID="SP191" WIDTH="48" HPOS="1926" VPOS="3602"/>
							<String ID="STRING221" STYLEREFS="STYLE1" HEIGHT="95" WIDTH="162" HPOS="1974" VPOS="3599" CONTENT="ham" WC="0.71" LANG="dan"/>
							<SP ID="SP192" WIDTH="44" HPOS="2136" VPOS="3599"/>
							<String ID="STRING222" STYLEREFS="STYLE1" HEIGHT="102" WIDTH="378" HPOS="2180" VPOS="3589" CONTENT="formedelst" WC="0.71" LANG="dan"/>
							<SP ID="SP193" WIDTH="36" HPOS="2558" VPOS="3589"/>
							<String ID="STRING223" STYLEREFS="STYLE1" HEIGHT="83" WIDTH="75" HPOS="2594" VPOS="3587" CONTENT="si-" WC="0.37" LANG="dan"/>
						</TextLine>
					</TextBlock>
				</ComposedBlock>
			</PrintSpace>
		</Page>
	</Layout>
</alto>
