3003 4640
1003 541 57 83 6

1009 734 357 106 ffyldning)
1409 729 113 92 saa
1571 741 192 62 maae
1799 724 102 75 det
1939 717 267 94 ventelig
2247 732 164 63 være
2449 717 136 93 ffeet
2623 711 81 96 af

1012 850 433 101 Magelighed
1506 850 140 74 eller
1702 841 284 92 Mangel
2038 857 134 77 paa
2222 835 193 94 Tiid;
2488 836 86 94 thi
2626 795 76 124 af

1007 974 299 91 Mangel
1361 983 134 78 paa
1551 957 306 99 Skrifter
1907 957 124 80 kan
2077 962 100 75 det
2221 960 98 76 vel
2359 955 118 78 ikke
2519 974 177 75 være,

1016 1098 149 76 med
1210 1092 251 78 mindre
1504 1090 74 76 de
1618 1081 122 82 ikke
1780 1084 162 94 have
1982 1074 224 98 fundet
2246 1093 202 76 nogen
2474 1073 229 92 værdig

1015 1214 133 82 stok
1185 1212 227 89 dertil,
1455 1211 140 75 eller
1637 1201 134 94 fom
1811 1200 204 79 kunde
2053 1194 206 98 sættes
2283 1196 22 78 i
2333 1191 208 99 Classe
2563 1195 138 78 med

1020 1340 191 78 deres
1236 1317 274 109 komiske
1548 1318 494 109 Hyæne-Jagt.

1243 1529 99 85 At
1380 1533 76 78 de
1497 1526 205 98 ffulde
1734 1541 168 65 være
1939 1517 113 94 saa
2090 1514 408 95 vankundige
2531 1514 21 78 i
2593 1517 117 78 den

1019 1654 196 84 lærde
1254 1647 329 101 Historie,
1647 1661 72 66 at
1762 1646 75 74 de
1876 1637 123 81 ikke
2039 1637 236 94 vidste,
2319 1649 70 64 at
2430 1637 117 76 den
2584 1628 131 93 som

1018 1770 158 96 efter
1217 1767 477 89 Talemaaden,
1739 1763 219 93 holder
1999 1762 181 76 deres
2211 1755 329 95 Journal,
2585 1752 105 89 hol-

1018 1894 117 76 der
1189 1882 266 99 gandffe
1516 1876 405 97 tilforladelig
1976 1868 635 98 Addresse-Avisen,
2655 1887 62 62 er

1024 2022 164 62 man
1242 2004 94 76 alt
1383 1995 105 96 for
1537 2000 101 77 vel
1698 1994 202 94 oplyst
1962 2010 110 60 om
2119 2011 63 60 er
2221 2010 77 60 en
2341 1988 265 98 gandffe
2643 2007 45 60 u-

1023 2129 250 91 muelig
1320 2120 199 97 Sag.

1242 2323 255 101 Havde
1544 2322 75 78 de
1664 2314 213 100 derfor
1918 2317 171 77 ladet
2126 2316 199 85 vende
2364 2331 83 78 op
2488 2332 81 76 og
2602 2317 115 77 ned

1027 2466 141 78 paa
1205 2440 565 97 Tinglysningen,
1829 2432 163 98 først
2049 2436 19 76 i
2111 2433 375 98 Journalen
2527 2454 81 75 og
2647 2435 47 94 si-

1030 2576 125 76 den
1186 2567 21 78 i
1234 2560 263 97 Avisen,
1536 2558 207 83 kunde
1766 2576 159 62 man
1954 2571 201 82 troet,
2192 2570 71 64 at
2296 2576 75 58 en
2406 2555 317 96 patriotiff

1031 2682 423 98 Nidkærhed
1527 2700 83 76 og
1683 2699 75 60 en
1823 2676 293 94 christelig
2175 2673 181 99 Iver
2411 2671 103 98 for
2569 2674 153 95 hver

1030 2804 287 84 Mands
1358 2800 261 101 Huus,
1662 2799 211 96 havde
1916 2794 259 94 bestælet
2212 2791 407 101 Forfatteren
2654 2789 77 97 af

1029 2924 447 100 Ugebladene;
1531 2942 81 74 og
1665 2919 283 96 saaledes
2005 2921 209 93 havde
2261 2922 113 76 der
2407 2932 191 66 været
2643 2933 75 62 en

1032 3049 223 95 gyldig
1294 3041 295 97 Aarsag,
1630 3036 301 98 hvorfore
1972 3039 403 94 Besidderne
2406 3035 81 99 af
2500 3036 191 100 Jour-

1031 3166 193 77 nalen
1263 3164 163 91 læste
1465 3165 103 75 det
1607 3163 213 78 anden
1857 3156 215 98 Gang
2115 3157 23 80 i
2179 3152 247 94 Avisen.

1247 3357 142 97 Jeg
1441 3377 188 61 maae
1673 3361 124 93 sige
1853 3354 200 89 Dem
2092 3370 183 80 reen-ti
2299 3358 130 89 ud,
2473 3368 72 66 at
2589 3373 128 76 paa

1030 3488 130 80 den
1200 3481 260 84 Maade
1500 3500 72 68 at
1612 3476 148 101 faae
1802 3478 332 101 Extracter
2178 3479 80 99 af
2304 3478 414 100 Addresse-A-

2623 3599 62 80 Vi
