2855 4635
1764 492 113 92 33

212 665 135 96 som
379 685 166 63 man
577 668 178 82 vilde
789 675 185 94 giere
1013 680 91 93 sig
1141 681 113 93 faa
1291 701 241 79 mange
1553 685 295 87 Betænk-

208 769 233 92 ninger
484 772 17 75 i
538 772 125 76 alle
714 770 227 98 Ting,
1002 778 173 92 faldt
1222 789 311 92 Harpax,
1563 789 128 93 thi
1731 793 113 86 faa-

208 870 176 76 ledes
439 890 129 60 var
617 868 181 97 hans
839 875 270 98 Navn,
1165 880 161 94 ham
1393 889 111 76 ind
1545 889 17 76 i
1603 888 270 100 Talen,

201 971 91 73 da
343 968 211 80 kunde
603 990 161 59 man
817 978 53 72 ei
933 975 291 99 foretage
1265 983 89 93 sig
1389 1001 197 80 noget
1621 994 17 72 i
1673 989 167 85 Ver-

202 1073 167 90 den;
424 1068 129 94 hvo
586 1081 153 67 veed
788 1093 111 63 om
956 1083 73 71 de
1068 1084 159 88 dyre
1262 1079 207 91 Tider
1504 1106 161 60 vare
1700 1100 171 87 ved,

204 1185 89 79 og
350 1185 198 62 maae
589 1178 75 69 de
708 1176 334 91 endeligen
1095 1177 255 92 forlade
1402 1193 188 71 deres
1624 1187 216 83 Gaar-

198 1271 118 73 der
421 1276 89 71 da
557 1267 211 81 kunne
803 1281 71 68 de
907 1274 65 90 jo
1015 1276 163 80 tiene
1231 1279 105 92 for
1377 1289 189 74 deres
1619 1284 249 87 Brod.

202 1365 143 92 Ak,
404 1367 265 93 svarede
700 1372 469 99 Alethophilus
1214 1380 353 95 sukkende,
1610 1396 91 69 du
1742 1390 129 90 har

202 1467 223 93 aldrig
472 1471 144 75 min
651 1467 289 85 Broder
981 1473 126 93 følt
1144 1488 121 69 den
1301 1480 248 96 haarde
1584 1484 251 85 Skiæb-

201 1585 81 59 ne
321 1581 73 62 at
431 1568 171 78 blive
639 1567 107 94 fra
781 1591 73 57 en
883 1570 225 97 Herre
1153 1580 73 75 til
1261 1599 73 57 en
1379 1579 317 98 Tienere,
1755 1586 113 90 fra

202 1683 79 59 en
318 1662 121 95 frie
490 1669 75 77 til
614 1688 75 57 en
732 1666 231 97 Træl;
1022 1670 444 104 Tvertimod,
1520 1683 215 80 baade
1772 1692 95 75 du

200 1783 87 73 og
342 1765 99 95 jeg
502 1786 97 56 ere
663 1765 106 92 fra
827 1767 278 89 Tienere
1170 1774 227 85 blevne
1466 1784 73 77 til
1576 1782 287 95 Herrer.

199 1861 137 89 Ei,
397 1885 127 57 var
577 1868 343 96 Harpaxes
985 1871 387 98 Giensvar,
1433 1888 109 70 der
1591 1883 161 87 skeer
1793 1884 67 95 jo

196 1962 153 96 Disse
386 1961 169 97 Folk
592 1970 161 74 intet
789 1978 245 88 andet,
1093 1984 124 69 end
1254 1977 179 91 hvad
1472 1988 71 69 de
1580 1982 125 90 selv
1739 1988 94 75 vil-

200 2065 55 74 le
298 2064 211 97 have;
566 2062 313 94 Dersom
924 2089 161 60 man
1126 2078 51 72 ei
1230 2073 385 100 fyldesigiør
1670 2087 195 75 deres

195 2159 463 99 Begiæring,
733 2168 115 88 saa
907 2188 163 61 maa
1113 2181 75 69 de
1249 2175 63 94 jo
1367 2178 375 81 omkomme
1791 2181 83 97 af

202 2259 344 98 Hunger;
608 2262 239 94 Altsaa
884 2266 155 91 sseer
1074 2277 145 71 dem
1254 2275 191 92 ingen
1478 2278 200 97 Uret,
1711 2299 153 61 men

200 2363 365 77 tvertimod
620 2367 99 73 alt
772 2374 203 83 godt,
1026 2389 83 74 og
1160 2374 253 88 dersom
1466 2377 67 76 vi
1580 2376 53 78 ei
1676 2382 189 89 giore

193 2465 157 82 det,
409 2460 113 90 saa
557 2460 219 94 findes
813 2475 111 68 der
959 2470 271 90 utallige
1269 2481 247 80 andre,
1575 2478 133 86 som
1743 2481 91 76 vil-

195 2563 58 76 le
292 2556 273 94 fortjene
596 2558 284 97 Penge,
937 2583 83 79 og
1061 2569 349 92 tilligemed
1447 2581 189 71 redde
1669 2585 193 71 deres

194 2659 177 94 jævn
406 2655 359 94 Christen..
844 2660 129 85 De
1028 2664 127 78 kan
1218 2680 275 78 reddes,
1548 2693 129 60 var
1712 2678 121 67 Als-

192 2759 294 94 thophili
539 2757 265 92 Svar,
875 2771 173 69 uden
1094 2782 74 60 at
1225 2772 231 78 drives
1489 2770 107 95 fra
1631 2772 229 97 Hans

195 2877 87 73 og
325 2854 235 97 Hiem.
636 2855 166 99 Hør
839 2865 173 75 mine
1045 2860 263 100 Børn,
1357 2869 141 80 blev
1533 2871 139 95 han
1705 2884 149 83 ved,

192 2964 335 71 vendende
572 2958 89 91 sig
706 2962 73 75 til
810 2967 193 87 dem,
1060 2963 113 92 saa
1204 2986 207 76 meget
1448 2970 243 91 Korn,
1720 2976 139 88 som

193 3053 70 95 Q
301 3054 101 91 for
447 3064 107 70 det
583 3054 197 96 forste
819 3058 245 99 behøve
1103 3065 127 78 kan
1253 3065 66 97 I
1345 3068 149 95 faae
1529 3071 125 94 hos
1690 3078 167 90 mig,

193 3161 147 74 eller
379 3177 81 71 og
493 3153 241 101 Penge
771 3159 73 79 til
881 3175 73 64 at
987 3160 185 82 kiobe
1213 3165 203 83 Korn
1451 3168 149 96 for,
1657 3173 167 94 hvor-

194 3259 185 75 imod
426 3254 103 100 jeg
582 3254 345 100 forlanger
978 3261 163 81 intet
1196 3278 205 68 andet
1434 3266 81 95 af
1540 3278 143 75 eder
1730 3283 129 69 end

195 3357 205 78 blotte
433 3354 330 97 Beviser,
818 3374 76 64 at
930 3365 151 77 ville
1136 3386 177 63 naar
1353 3367 290 90 Tiderne
1682 3373 177 81 blive

191 3459 177 91 igien
427 3465 209 88 gode,
697 3458 211 82 betale
961 3468 139 91 mig
1153 3485 187 61 enten
1383 3480 145 69 med
1575 3470 283 95 Penge,

192 3561 149 80 eller
378 3569 143 72 med
554 3558 246 103 Korn,
862 3562 265 98 ligesom
1157 3576 188 76 eders
1380 3567 323 101 Lejlighed
1736 3568 128 182 svale

1748 3680 115 74 der
