2900 4640
2754 110 147 238 1

1052 454 126 92 74

1052 658 130 92 ssal
1226 654 268 94 henføre
1550 657 74 78 til
1678 671 170 64 Dette
1900 655 228 93 Land,
2188 656 180 94 hvad
2424 664 120 72 den
2582 654 101 82 Ar-

1044 759 267 87 menee
1358 756 645 98 Historie-Skriver
2048 758 447 94 bloker,,som
2536 760 171 94 siges

1037 878 74 62 at
1143 858 168 94 have
1363 868 164 67 levet
1567 861 18 74 i
1639 871 104 66 det
1793 859 190 88 femte
2019 857 334 93 Sæculo,
2414 856 290 93 skriver-i
2685 861 20 76 i

1039 964 96 88 sin
1169 957 484 92 Geographie,
1711 961 130 94 bag
1879 971 120 64 ved
2035 963 94 87 sin
2167 958 374 90 Armeuiffe
2575 958 102 96 Hi-

1041 1062 188 88 storie
1265 1082 62 70 p.
1365 1062 184 87 360,
1609 1057 78 94 af
1713 1071 70 66 De
1819 1055 290 86 Brodre
2145 1058 328 70 Whilloni
2515 1068 186 68 deres

1039 1156 286 84 Eottion
1401 1154 270 84 London
1733 1177 120 76 410
1929 1168 188 84 1736
2163 1210 18 36 ,
2263 1162 136 90 som
2457 1178 66 58 er
2581 1166 120 71 den

1037 1260 232 86 eeneste
1307 1254 282 84 Edition
1647 1261 64 74 vi
1789 1257 306 94 hidindtil
2157 1260 220 94 have;
2453 1260 246 93 nemlig

1037 1374 75 62 at
1155 1354 471 93 Gelarchunia
1659 1381 127 56 var
1823 1381 73 52 en
1951 1359 85 92 af
2063 1370 75 70 de
2183 1384 83 48 12
2307 1358 393 96 Provincer

1036 1457 291 92 hver-endt
1394 1456 260 97 Synia
1728 1477 128 58 var
1938 1467 246 79 deelet,
2258 1458 236 92 hvilket
2548 1466 148 70 laae

1038 1560 180 88 osten
1274 1558 104 90 for
1432 1556 340 83 Araratia
1832 1579 84 74 og
1982 1561 278 77 imellem
2316 1568 76 68 de
2448 1556 246 94 Floder

1031 1656 269 93 Acae
1438 1663 146 74 eller
1638 1659 196 76 Aras
1892 1679 80 72 og
2036 1657 348 97 Arfacha;
2454 1656 94 92 thi
2594 1661 102 75 vel

1032 1760 298 78 kommer
1386 1764 206 71 denne
1640 1755 468 98 Beliggenhed
2154 1776 194 76 noget
2382 1766 314 70 overeens

1030 1866 146 72 med
1238 1856 358 97 Ghilans,
1652 1879 146 56 men
1850 1862 315 92 paa,-den
2044 1867 122 71 den
2224 1868 218 68 anden
2502 1856 194 82 Side

1030 1978 231 74 regner
1318 1956 133 88 han
1516 1957 257 96 Synia
1852 1963 71 74 til
1972 1957 413 95 Armenien,
2460 1966 89 70 da
2596 1958 103 96 jeg

1029 2066 130 84 dog
1207 2060 50 76 ei
1315 2060 212 90 finder
1583 2075 70 60 at
1705 2057 272 96 Ghilan
2031 2061 204 91 haver
2293 2062 398 92 nogensinde

1029 2160 158 94 hørt
1249 2160 72 76 til
1365 2156 408 95 Armenien,
1819 2157 70 96 ja
1933 2169 122 68 end
2115 2180 172 58 mere
2335 2160 132 90 han
2507 2164 182 75 lader

1025 2256 368 82 Armenien
1453 2259 254 94 bestaae
1769 2257 78 92 af
1917 2267 84 66 16
2095 2258 442 100 Provincer,
2605 2278 86 77 og

1025 2358 202 84 deraf
1273 2356 316 94 Synia,
1669 2359 134 86 som
1859 2363 248 75 alerede
2163 2382 66 56 er
2279 2362 180 92 sagt,
2519 2376 172 61 atter

1025 2458 84 94 af
1147 2472 96 74 312
1355 2476 82 72 og
1479 2466 301 84 paa-den
1665 2467 116 68 den
1825 2459 274 78 Maade
2155 2476 258 62 maatte
2449 2456 204 82 Arme-

1027 2564 151 72 nien
1261 2556 167 92 have
1499 2575 201 62 været
1757 2568 403 70 overmande
2227 2562 151 88 ftor.
2503 2556 185 97 Dog

1024 2660 132 76 kan
1212 2678 162 56 man
1446 2676 138 69 paa
1640 2665 122 70 den
1824 2667 218 70 anden
2104 2658 196 84 Side
2360 2662 182 90 sige,
2616 2679 72 60 at

1024 2758 298 82 Navnet
1396 2755 276 96 Ghilan
1758 2757 204 94 haver
2047 2759 294 93 maaske
2380 2764 18 72 i
2464 2766 222 90 gamle

1022 2858 230 92 Dage
1298 2858 52 78 ei
1400 2858 204 90 strakt
1658 2859 92 92 sig
1803 2856 356 97 saalange
1968 2865 192 89 langt
2226 2864 134 86 som
2414 2880 134 76 nu,
2606 2882 80 75 og

1024 2966 296 72 desuden
1372 2956 122 94 seer
1532 2979 204 70 man,
1790 2977 72 58 at
1906 2959 220 70 Moles
2156 2964 154 92 giør
2344 2964 78 90 sit
2452 2960 204 78 Arme-

1024 3062 150 74 nien
1214 3058 206 94 større
1456 3067 122 70 end
1614 3059 412 96 sædvanlig,
2084 3082 176 66 ngar
2286 3064 134 90 han
2454 3088 64 70 p.
2544 3084 32 70 3
2598 3084 84 69 57

1026 3166 181 70 lader
1246 3168 105 66 det
1390 3159 251 91 strække
1686 3161 89 88 sig
1822 3161 77 80 til
1944 3167 105 70 det
2102 3160 301 96 Caspiffe
2458 3160 221 98 Hav,

1021 3258 168 96 hvor
1235 3258 268 94 Araxes
1553 3259 212 90 falder
1833 3267 90 70 ud
1983 3261 18 76 i
2061 3270 130 70 det.
2297 3260 182 80 Men
2537 3270 142 71 med

1025 3368 98 70 alt
1177 3372 108 66 det
1343 3362 194 75 tviler
1575 3359 100 94 jeg
1735 3369 130 84 dog
1911 3379 190 77 paa,
2159 3380 72 62 at
2289 3362 136 94 han
2477 3360 200 96 haver

1019 3478 214 62 meent
1285 3458 298 94 Ghilan.
1713 3461 126 78 Udi
1903 3465 94 84 sin
2055 3462 304 94 Historie
2411 3480 258 79 kysso
2513 3486 156 52 .101

1021 3564 222 80 kalder
1277 3564 134 96 han
1451 3569 168 72 Dette
1653 3557 334 96 Landssab
2023 3559 458 99 Gelachunia.

2409 3660 268 83 Eldrili,
