2868 4640
274 669 209 93 visen,
523 665 126 93 har
689 663 100 91 jeg
827 655 148 91 ikke,
1014 674 83 74 og
1136 654 271 90 ventelig
1440 665 75 67 ey
1557 642 189 91 heller
1764 659 208 71 nogen

274 796 242 85 anden,
560 798 208 83 tegnet
810 779 96 97 sig
948 773 104 97 for
1090 777 184 75 deres
1312 762 230 94 kritiste
1587 755 237 86 Værk.

496 977 452 100 Ligesaalidet,
1010 968 136 92 som
1196 970 80 78 de
1330 964 188 78 lærde
1580 953 256 98 Herrer
1886 948 94 81 vil

285 1109 216 84 kortes
543 1117 192 80 noget
791 1095 116 82 udi
945 1097 186 77 deres
1170 1082 397 89 Belønning
1610 1079 128 90 hos
1780 1069 182 98 Prin-

289 1232 357 94 cipalerne,
700 1215 381 98 ligesaalidet
1134 1208 93 80 vil
1290 1197 497 102 Principalerne
1844 1192 145 74 eller

287 1351 432 103 Forleggerne
777 1338 164 80 viide
1009 1327 83 97 af
1139 1348 73 60 en
1268 1318 350 91 Skillings
1672 1308 318 84 Decourt

288 1472 121 84 udi
463 1473 186 76 deres
703 1455 254 106 Priiser
1011 1470 172 62 naar
1221 1446 206 84 Aaret
1463 1459 66 60 er
1569 1437 72 79 ril
1682 1431 225 90 Ende,
1968 1427 22 73 i

292 1597 171 95 hvor
504 1590 150 90 siet,
693 1577 279 97 partist,
1017 1586 226 63 maver
1284 1583 83 75 og
1410 1562 163 91 tynd
1610 1550 385 99 Journalen

291 1720 213 85 endog
543 1707 128 79 kan
709 1716 168 64 være
917 1688 257 96 udført,
1215 1705 85 73 og
1332 1685 22 77 i
1390 1684 164 94 hvor
1593 1689 233 73 mange
1851 1659 112 86 Ad-

294 1820 232 126 drese-
841 1837 84 75 og
997 1804 554 96 Avertissementer
1613 1799 121 73 den
1795 1789 208 87 endog

298 1968 250 74 maatte
588 1946 167 86 blive
792 1935 259 104 spækket
1091 1933 166 78 med.

527 2147 192 93 Dog
758 2155 170 64 naar
966 2139 78 75 de
1084 2124 238 95 kritiffe
1356 2117 256 99 Herrer
1650 2124 135 79 paa
1824 2107 189 76 deres

307 2268 469 105 Principalers
803 2254 278 93 Vegne,
1111 2244 127 83 ikke
1261 2243 187 95 holde
1473 2242 75 73 de
1569 2224 211 94 Lofter
1800 2218 186 86 Sub-

311 2378 411 96 scribenterne
790 2398 98 63 ere
938 2377 226 94 givne,
1204 2385 97 62 ere
1339 2358 144 97 disse
1520 2374 74 75 ey
1635 2350 184 93 heller
1857 2345 132 91 plig-

316 2519 128 93 tige
488 2523 76 65 at
609 2505 187 99 holde
832 2503 222 86 deres;
1130 2486 96 96 thi
1279 2486 77 75 de
1408 2478 168 98 have
1612 2475 171 75 lovet
1818 2471 81 69 os
1938 2475 79 61 en

317 2631 338 102 Journal,
698 2645 85 72 og
823 2626 201 75 denne
1059 2603 281 104 Franste
1381 2597 191 87 Timl
1611 2589 127 87 kan
1761 2586 101 76 vel
1883 2597 137 76 paa

320 2750 196 95 danst
570 2765 72 73 ey
694 2742 284 91 udtydes
1014 2750 74 64 ar
1126 2743 201 64 være:
1394 2715 194 95 rigtig
1627 2694 278 102 Udstrift
1943 2691 86 97 af

319 2858 717 103 Addresse-Contoirets
1109 2846 331 95 hverdags
1476 2819 538 104 Efterretninger,

324 3012 171 64 naar
533 2993 78 76 de
645 2986 189 78 lærde
871 2968 367 107 Forfattere
1277 2949 529 98 imellemstunder
1837 2950 185 63 enten

332 3114 128 81 kan
498 3109 258 92 mangle
800 3099 156 92 Bid
994 3098 140 76 eller
1175 3085 240 93 Klygt.

560 3305 134 87 De
740 3301 166 97 have
944 3298 170 77 lovet
1151 3294 81 70 os
1270 3285 22 75 i
1332 3283 104 75 det
1472 3266 268 95 mindste
1778 3278 98 69 27
1895 3249 140 86 Ark

341 3432 322 80 smsllium
699 3429 18 67 i
725 3447 146 50 nrer
917 3440 100 72 24
1054 3412 66 71 &
1165 3403 120 97 30)
1323 3396 84 97 af
1420 3402 122 78 den
1566 3385 226 94 kritiste
1814 3379 219 98 Jour»

1116 3526 67 86 A
1224 3547 51 71 4
1926 3494 112 78 nal
