3025 4313
1195 463 394 106 Forgiæves
1643 466 250 94 prydes
1945 479 60 64 et
2047 459 224 101 Riges
2312 465 209 82 Ædle
2571 475 144 77 eller
2749 474 230 89 Krone

1007 592 149 80 med
1191 584 303 101 Fredens
1531 578 225 96 Kors,
1821 599 111 60 om
1969 577 347 97 Regenten
2349 581 121 94 selv
2509 605 71 76 ey
2631 608 65 60 er
2753 600 227 90 prydet

1008 708 148 78 med
1200 716 60 65 er
1308 695 300 100 fredeligt
1654 692 234 86 Sind.
2020 693 182 85 Men
2254 702 168 77 dette
2464 699 208 94 sættes
2718 708 86 78 da
2850 727 126 77 paa

1010 844 82 60 en
1122 813 382 100 ubehagelig
1548 832 80 76 og
1664 810 212 100 haard
1924 805 280 105 Prøve,
2272 834 170 61 naar
2484 837 74 60 en
2594 824 212 76 anden
2842 824 104 85 Re-

1007 950 148 84 gent
1197 935 251 89 opirret
1491 946 80 76 og
1617 922 388 98 fornærmer
2049 932 126 78 ved
2215 932 462 98 mistænkelige
2709 936 264 87 Skridt.

1007 1047 490 99 Regieringens
1537 1040 440 101 Fredelighed
2013 1042 162 94 viser
2217 1050 90 96 sig
2355 1049 20 78 i
2427 1055 118 76 den
2593 1050 270 100 dejligste
2901 1079 74 76 og

1007 1182 101 68 ret
1151 1161 395 94 indtagende
1587 1154 341 101 Glands,
2013 1179 107 61 om
2171 1166 123 78 den
2359 1171 123 76 ved
2533 1165 439 106 Forsigtighed

1010 1304 86 74 og
1164 1273 496 99 Lemfældighed
1724 1274 170 81 kand
1980 1271 276 100 afvende
2310 1284 124 81 den
2512 1281 78 100 as
2634 1290 200 78 andre
2886 1289 64 82 til-

1012 1396 231 86 tænkte
1286 1413 79 78 og
1406 1389 343 105 besiuttede
1784 1387 229 100 Ufred.

1201 1626 98 91 Et
1351 1625 244 102 Folkes
1641 1644 82 80 og
1767 1622 230 103 Riges
2061 1625 180 105 Fred
2319 1650 66 63 er
2441 1625 124 108 fast
2611 1632 336 100 ustatteerli-

1016 1770 126 82 gen
1192 1745 322 100 dyrebar,
1578 1748 132 94 hvo
1752 1745 94 82 vil
1890 1751 90 76 da
2006 1752 208 76 undre
2248 1766 180 81 over,
2484 1765 72 64 at
2594 1755 120 77 den
2744 1772 60 60 er
2830 1752 116 99 kost-

1012 1868 174 84 bar?
1316 1857 184 88 Den
1530 1858 204 100 koster
1760 1858 462 104 Hovedbrud,
2288 1886 74 59 en
2384 1865 326 99 bestandig
2744 1888 74 76 og
2846 1867 126 94 nssi

1016 1984 181 96 agtig
1276 1973 599 102 Agtpaagivenhed
1922 1999 135 76 paa
2118 1986 75 76 de
2248 1983 401 96 omliggende
2686 1980 283 86 Staters

1015 2095 504 105 Foretagende,
1581 2112 78 60 en
1709 2090 460 99 eftertænksom
2217 2094 462 102 Betragtning
2725 2118 146 62 over
2899 2107 68 74 de

1015 2208 377 108 Forbund,
1461 2211 78 77 de
1583 2212 190 98 stutte
1817 2211 405 101 indbyrdes,
2301 2236 79 73 og
2431 2233 152 62 over
2637 2222 74 74 de
2753 2214 215 101 Krige,

1020 2338 80 76 de
1148 2324 144 98 føre
1332 2327 148 78 med
1530 2322 380 103 hinanden,
1988 2327 72 94 ja
2132 2350 78 58 en
2274 2328 190 100 sikker
2518 2329 276 101 Indsigt
2840 2334 18 76 i
2902 2337 64 74 de

1018 2445 288 101 Fordele
1336 2437 240 98 enhver
1592 2436 196 85 Stat
1818 2441 476 101 besynderligen
2323 2445 220 96 ønsker
2580 2469 74 73 og
2680 2462 286 67 attraaer.

1024 2560 97 86 At
1194 2554 463 96 sammenligne
1714 2554 151 101 diste
1930 2555 219 103 Ting,
2250 2559 197 98 deraf
2487 2565 174 94 giøre
2709 2566 258 93 rimelige

1021 2671 426 94 Slutninger
1509 2690 80 76 og
1635 2670 182 83 blant
1853 2679 78 76 de
1977 2677 286 95 rimelige
2325 2685 200 90 vælge
2587 2683 118 79 den
2761 2680 204 95 rigtige

1021 2786 225 104 ffaffer
1297 2785 463 100 Forstandens
1811 2787 299 98 Kræfter
2159 2792 211 82 baade
2421 2813 55 62 et
2521 2795 341 99 bestandigt
2897 2813 67 74 og

1024 2903 378 95 besværligt,
1464 2919 150 61 men
1656 2904 72 80 til
1776 2902 306 103 Fredens
2134 2906 568 107 Vedligeholdelse
2746 2914 220 81 aldeles

1022 3020 360 98 fornødent
1416 3011 302 101 Arbejde.

1211 3252 258 101 Freden
1497 3247 204 99 koster
1731 3254 300 83 desuden
2059 3254 276 104 Penge,
2395 3254 544 105 Forsvars-Stan-

1029 3374 127 76 den
1195 3385 191 62 maae
1431 3365 19 76 i
1501 3386 75 58 en
1617 3364 317 101 ufredelig
1979 3369 293 87 Verden
2319 3381 145 74 med
2533 3381 127 92 stor
2707 3372 233 95 Bekost-

1032 3484 160 96 ning
1244 3481 232 100 holdes
1522 3478 294 96 saaledes
1864 3491 126 80 ved
2040 3490 164 104 lige,
2272 3506 70 67 at
2388 3487 306 105 Naboer,
2762 3486 126 96 som
2918 3479 46 96 ej

2840 3596 123 107 Øf
