3036 4517
2031 339 106 92 13

165 509 532 114 Højstærede!
755 527 104 78 det
907 523 52 92 ej
1019 525 94 80 vil
1177 521 344 98 mishage,
1587 537 72 64 at
1697 519 104 102 jeg
1867 525 22 80 i
1933 527 212 80 denne

169 641 266 84 Stund
494 638 418 96 indskrænker
957 641 136 80 min
1129 637 164 90 Tale
1333 639 72 80 til
1435 642 355 92 egentligen
1823 657 70 64 at
1931 641 180 96 hand-

171 765 58 76 le
285 777 110 62 om
439 763 124 74 den
611 755 476 102 Fredelighed,
1151 755 132 94 som
1345 753 50 94 ej
1447 761 204 74 allene
1709 775 68 60 er
1827 779 78 56 en
1951 757 160 100 Pry-

173 873 160 94 delse
375 871 106 94 for
535 877 78 76 de
677 859 452 112 Kongelige
1205 893 82 72 og
1361 871 360 96 regierende
1789 871 348 104 Slægter,

171 1011 152 60 men
365 989 198 96 tillige
607 993 188 78 deres
841 987 238 100 højeste
1127 1009 78 74 og
1247 985 194 96 sande
1485 989 202 82 ZEre.

365 1219 96 88 Et
521 1217 248 100 forsagt
807 1219 218 98 Mod,
1093 1217 516 102 Frygtagtighed
1701 1241 82 74 og
1847 1219 290 100 Feighed

175 1359 102 62 ere
305 1341 262 92 nedrige
597 1335 272 84 Siæles
901 1335 404 98 Egenskaber
1361 1341 146 74 eller
1537 1331 600 104 Skrøbeligheder,

177 1455 134 94 som
341 1453 286 96 Dyden
673 1451 260 100 stræber
977 1469 70 62 at
1089 1451 366 80 overvinde.
1585 1449 318 82 Sverdet
1961 1475 64 58 er
2069 1451 76 96 af

179 1569 250 88 GUD
485 1569 124 94 selv
669 1575 228 74 leveret
959 1567 372 94 Regentere
1371 1569 22 76 i
1451 1563 348 102 Hænder,
1883 1573 74 76 til
2013 1575 126 74 den

179 1687 232 96 Ende,
479 1703 70 62 at
609 1689 76 76 de
729 1685 210 90 ffulde
1017 1683 198 94 bruge
1273 1689 104 74 det
1439 1685 72 76 til
1573 1701 68 60 at
1701 1681 286 96 forsvare
2059 1693 76 72 de

179 1801 254 98 Gode,
503 1823 82 74 og
643 1801 72 78 til
761 1815 72 62 at
875 1795 238 96 udføre
1185 1799 304 98 Hævnen
1537 1805 158 72 mod
1773 1807 72 72 de
1905 1799 228 82 Onde.

179 1917 168 86 Det
393 1917 124 78 bor
563 1939 78 72 og
691 1935 194 58 mane
963 1915 294 96 bruges,
1351 1935 168 58 naar
1563 1909 214 92 Tiden
1835 1919 62 92 gi
1909 1937 74 58 or
2029 1923 106 72 det

177 2033 404 98 fornødent,
641 2051 150 58 men
837 2031 188 78 dertil
1093 2029 286 96 behøves
1451 2027 210 98 Mod,
1737 2027 396 102 Tapperhed

181 2171 84 74 og
293 2147 458 96 Mandighed,
815 2145 134 92 som
999 2151 120 72 alle
1153 2167 98 56 ere
1291 2145 698 100 Fuldkommenheder,
2023 2155 116 72 der

181 2287 160 76 egne
383 2261 410 96 Rezentere:
859 2265 78 74 de
987 2259 226 100 hindre
1253 2267 244 72 aldeles
1539 2259 124 80 ikke
1711 2269 120 72 den
1873 2267 262 96 pligtige

182 2402 85 74 og
315 2397 162 62 rette
517 2375 476 102 Fredelighed,
1077 2381 122 74 den
1273 2375 424 98 Fredelighed
1766 2378 279 93 besaaer
2113 2385 20 74 i

183 2501 78 76 de
321 2495 460 94 Regierendes
849 2487 472 100 Tilbøjelighed
1403 2513 80 72 og
1587 2493 390 98 Færdighed
2063 2499 72 78 til

181 2609 344 98 Eenighed
585 2609 22 76 i
665 2627 70 58 ar
797 2603 268 98 fremme
1125 2613 94 72 alt
1283 2611 128 90 det,
1471 2607 130 90 som
1665 2609 340 96 virkeligen
2073 2635 62 56 er

181 2733 166 90 godt
387 2744 110 74 og
565 2723 338 96 gavnligt;
967 2741 148 60 men
1177 2737 68 62 at
1305 2721 266 98 hindre,
1648 2728 337 90 modsaae
2055 2749 80 74 og

183 2837 220 104 straffe
451 2845 104 72 det
599 2837 252 96 Onde,
919 2857 66 58 er
1031 2853 56 60 et
1151 2841 158 92 stort
1369 2837 244 102 Gode,
1695 2863 76 56 en
1821 2839 286 98 Velgier-

181 2959 164 92 uing
387 2959 158 76 mod
615 2959 106 74 der
775 2951 686 100 mermiffeligeKion,
1509 2953 132 94 som
1677 2977 66 58 er
1787 2963 74 72 de
1893 2957 212 94 Regie-

181 3077 202 76 rende
469 3067 424 102 forbeholden
967 3083 70 64 at
1111 3067 272 102 beviise,
1463 3069 134 92 som
1663 3071 250 88 Guder
2003 3097 136 72 paa

179 3187 296 102 Jorden.

369 3417 320 84 Starens
747 3415 196 94 sande
1009 3411 404 100 Lyksalighed
1495 3435 66 58 er
1626 3431 79 80 og
1781 3417 122 80 bør
1971 3439 170 60 være

181 3559 78 62 tit
359 3535 236 86 retviis
711 3531 410 98 Regierings
1209 3527 446 104 fornemmeste
1773 3533 366 100 Formaal,

1993 3671 150 62 men
