3112 4509
1979 381 112 70 21

120 584 182 81 deels
368 582 170 78 dens
596 569 434 100 besynderlige
1094 572 22 78 i
1180 567 150 100 visse
1385 566 306 95 særskilte
1877 564 221 91 Tiden

120 699 92 78 vil
286 700 210 76 denne
562 687 214 96 Gang
852 688 380 94 indskrænke
1308 685 138 78 min
1512 681 168 87 Tale
1746 688 202 74 allene
2024 699 74 64 at

118 807 236 98 handle
456 824 110 59 om
658 807 122 74 den
872 795 474 103 Indflydelse,
1440 801 122 74 den
1646 798 450 81 aabenbarede

119 921 318 95 Religion
505 918 204 95 haver
775 915 20 80 i
857 921 78 75 de
993 918 312 100 verdsiige
1363 910 462 100 Videnffaber
1883 914 18 77 i
1973 911 90 84 Al-

127 1034 460 98 mindelighed.

385 1152 182 84 Den
637 1145 306 99 Chrisne
1023 1134 321 111 Cicevø,
1425 1167 76 58 en
1573 1134 513 107 LcictantiUs,

122 1267 120 98 har
304 1272 198 88 længe
564 1267 178 94 siden
808 1264 388 96 anmærket,
1264 1279 70 64 at
1416 1267 122 76 den
1620 1258 326 88 Visdom
2010 1277 46 60 il-

124 1389 122 74 den
326 1380 320 98 Religion
726 1380 214 94 aldrig
1014 1380 122 80 bor
1224 1375 278 96 bifaldes
1582 1376 134 92 som
1782 1380 128 90 god
2002 1393 82 76 og

122 1500 259 94 tienlig;
442 1517 162 59 man
668 1495 170 80 kand
916 1500 146 74 med
1140 1494 186 98 Føye
1398 1499 172 88 legge
1636 1496 166 76 dette
1864 1488 220 101 hertil:

121 1621 126 72 den
311 1608 312 98 fortiener
705 1613 214 93 aldrig
989 1610 220 82 Navn
1291 1605 78 96 af
1439 1605 342 86 Visdom.
1971 1603 114 86 En

119 1730 314 92 kiendelig
501 1729 180 94 Ulyst
743 1731 70 74 til
873 1727 326 83 Visdom
1265 1745 78 74 og
1403 1745 70 58 at
1541 1730 274 88 oplæres
1857 1722 20 78 i
1921 1721 134 94 sam-

121 1865 107 60 me
287 1864 67 58 er
429 1842 183 80 blant
675 1841 391 95 Mennesker
1127 1841 391 96 almindelig.
1647 1836 413 99 Nysgierrig-

124 1959 206 96 heden
382 1960 467 91 maae-gjerne
636 1961 216 92 gierne
908 1970 236 84 regnes
1234 1955 176 82 blant
1488 1955 414 95 Menniffets
1970 1975 90 58 na-

120 2074 240 94 turlige
432 2069 330 102 Drifter,
842 2090 168 64 naar
1072 2080 124 72 ved
1276 2079 120 74 den
1460 2071 240 94 samme
1761 2067 327 100 forsaaes

120 2186 497 99 Begjærlighed
680 2187 157 96 efter
894 2208 69 60 at
1026 2190 151 78 vide
1238 2193 143 92 det,
1476 2189 133 92 som
1702 2208 73 74 ey
1844 2185 213 90 bemoj-

123 2329 66 58 er
253 2328 78 70 og
397 2319 244 65 trætter
725 2307 458 96 Forstandens
1247 2301 346 97 Kræfter,
1711 2324 144 58 men
1943 2307 118 74 alle-

123 2443 80 58 ne
287 2418 316 96 fornøyer
709 2443 82 72 og
901 2422 182 94 giver
1193 2418 498 97 Indbildnings
1735 2448 24 42 -
1797 2415 294 96 Kraften

123 2558 123 74 nye
305 2534 339 95 sandselige
711 2533 301 98 Begreb.
1205 2534 205 83 Naar
1471 2535 149 97 disse
1671 2540 105 74 vel
1825 2545 263 86 nyttes,

124 2655 144 94 give
334 2658 78 72 de
474 2656 128 89 dog
672 2673 70 74 ey
822 2658 206 73 allene
1096 2648 414 101 Anledning,
1586 2670 148 60 men
1796 2649 294 97 opvække

124 2769 420 98 Forstanden
626 2767 70 76 til
760 2767 234 98 høyere
1054 2764 378 98 Eftertanke
1508 2789 82 73 og
1666 2764 426 95 fornuftigere

128 2881 305 95 Begreb.
616 2879 357 84 Saaledes
1036 2904 67 58 er
1160 2880 409 85 Skaberens
1614 2880 327 86 Visdom
2006 2901 85 76 og

125 2995 306 97 Godhed
497 2994 416 85 aabenbar-i
893 3000 20 74 i
967 3002 206 76 denne
1229 2997 370 94 Menniffet
1655 3002 264 76 levnede
1977 3017 90 58 na-

127 3114 234 92 turlige
431 3108 236 95 Drift.
859 3111 178 81 Men
1107 3119 236 74 raader
1433 3112 370 92 Menniffet
1887 3117 206 74 allene

127 3231 91 94 sig
283 3226 121 94 selv
471 3232 175 73 uden
727 3243 73 64 at
875 3225 343 91 forbedres
1289 3231 119 74 ved
1475 3227 439 96 Religionen,
2001 3229 93 78 vil

130 3349 122 74 den
330 3340 358 94 medfodde
770 3343 140 96 Lyst
984 3342 74 80 til
1140 3340 276 99 Vellyst
1500 3363 80 73 og
1658 3340 432 99 Magelighed

130 3460 158 79 altid
362 3460 188 96 giøre
626 3463 106 76 det
814 3457 304 95 Arbeyde
1186 3461 148 78 med
1422 3457 412 100 Forstanden
1920 3477 174 62 mere

128 3574 519 99 kiædsommeligt
706 3595 83 78 og
846 3572 443 101 ubehageligt,
1356 3579 123 80 end
1546 3581 107 77 det
1708 3578 145 80 med
1914 3572 154 94 Lege-

149 3733 3 5 ·
1151 3708 36 80 3
1945 3701 154 68 tnet,
