3138 4474
1033 514 304 88 Dorren
1395 509 258 84 aabnes
1715 500 108 98 for
1899 509 78 74 de
2013 499 460 104 Forførende,
2543 509 270 92 oplades
2873 513 120 81 den

1031 632 66 94 jo
1145 632 72 82 ril
1263 627 172 98 Kiv,
1501 620 374 98 Ueenighed
1923 641 82 74 og
2055 618 632 98 Splidagtigheder.
2835 625 130 83 Kir-

1029 748 165 82 kens
1235 739 429 106 Fosterfædre
1704 734 226 95 udvise
1969 741 93 92 sig
2118 740 158 76 mod
2338 734 237 86 Guds
2643 739 221 98 Huns
2914 764 76 76 og

1036 864 200 84 Kirke
1288 863 242 80 derved
1580 858 22 76 i
1662 850 362 101 Sandhed
2078 849 344 99 fredelige,
2480 875 168 60 naar
2698 861 76 74 de
2820 859 18 76 i
2874 863 116 77 den

1036 980 238 96 samme
1322 971 410 102 haandhæve
1780 966 478 99 Eenigheden,
2328 990 82 74 og
2474 975 148 75 med
2672 975 318 95 timeligste

1037 1096 160 100 Flid
1243 1089 398 96 forekomme
1687 1082 232 98 Splid
1967 1105 80 74 og
2103 1081 602 100 Ufamdrægtighed
2767 1085 200 94 forme-

1035 1216 156 94 delst
1233 1206 144 83 Kiv
1421 1223 108 60 om
1579 1208 78 74 de
1719 1203 490 92 allertydelsgste
2259 1222 82 72 og
2401 1202 296 96 vigtigste
2745 1201 218 86 Sand-

1035 1328 235 100 heder,
1335 1327 206 76 allene
1585 1316 178 96 fordi
1819 1314 242 98 samme
2117 1337 98 60 ere
2263 1316 410 100 ubehagelige
2721 1329 144 74 eller
2893 1318 96 96 for

1036 1443 362 97 ældgamle.
1590 1432 240 96 Aldrig
1904 1433 124 98 har
2114 1439 218 75 endnu
2390 1454 212 74 nogen
2646 1439 216 92 dristet
2906 1440 82 92 sig

1038 1578 72 62 at
1176 1551 254 98 anprise
1502 1547 408 94 Tolerancen
1982 1553 160 76 mod
2216 1555 190 91 dem,
2484 1548 134 92 som
2678 1549 198 96 spotte
2918 1558 68 76 de

1033 1671 270 99 jordiske
1356 1667 277 95 Guder,
1696 1686 83 76 og
1824 1670 131 91 dog
2002 1665 207 94 ffulde
2254 1670 105 74 det
2414 1684 169 62 være
2632 1671 121 76 den
2802 1667 165 92 frede-

1037 1794 122 94 lige
1203 1786 312 95 Regents
1577 1780 200 102 Pligt
1823 1798 70 64 at
1937 1781 144 96 give
2129 1787 124 76 den
2311 1781 398 99 allerhøjeste
2763 1781 226 106 Guds

1035 1906 224 86 Navn
1325 1903 20 78 i
1421 1901 176 100 hans
1643 1896 478 99 Aabenbaring
2197 1897 72 83 til
2343 1896 182 104 Pris
2585 1897 102 96 for
2767 1901 224 100 enhver

1037 2021 357 99 Spotter?

1230 2250 176 85 Men
1466 2249 100 96 jeg
1626 2244 318 98 opholder
2008 2241 244 103 Dem,
2342 2232 504 114 Højstærede!
2904 2252 88 76 alt

1038 2370 111 98 for
1224 2376 203 87 længe
1504 2368 129 77 ved
1720 2382 71 60 ar
1874 2362 295 93 betragte
2248 2358 337 88 Daarers
2644 2361 349 95 Meninger

1041 2510 110 60 om
1187 2481 536 106 Fredeligheden.
1855 2476 200 84 Lader
2087 2489 80 68 os
2201 2484 210 74 vende
2451 2498 122 60 vor
2609 2477 384 96 Agtsomhed

1039 2608 76 78 ril
1195 2608 124 76 den
1403 2592 478 105 Fredelighed,
1975 2597 168 90 gode
2209 2593 370 95 Regemere
2651 2595 180 92 holde
2909 2596 84 92 sig

1036 2722 268 96 pligtige
1348 2733 70 60 at
1466 2708 222 92 udvise
1753 2724 189 64 enten
1999 2715 157 72 mod
2221 2712 363 96 regierende
2647 2709 347 100 Ligemand

1042 2842 150 74 eller
1252 2833 368 92 adlydende
1690 2823 484 94 Undersaatter.

1230 3061 283 96 Adffilce
1574 3056 221 100 Riger
1873 3081 82 76 og
2028 3059 267 86 Stater
2360 3060 123 80 kan
2531 3080 70 63 ey
2645 3056 242 95 besaae
2926 3072 43 82 n-

1041 3185 125 78 den
1215 3185 124 72 ved
1391 3175 338 97 Eenighed
1779 3178 20 76 i
1843 3196 70 60 ar
1965 3175 410 96 efterkomme
2415 3182 76 74 de
2527 3174 286 97 Pligter,
2871 3168 125 92 som

1039 3304 126 74 den
1241 3295 406 91 almindelige
1727 3292 268 84 Natur-
2065 3317 80 70 og
2209 3290 406 100 Folke-Ret
2675 3287 324 96 forbinder

1040 3414 98 78 ril.
1268 3409 390 86 Staternes
1716 3407 279 96 særskilte
2060 3409 318 100 Fordeele
2436 3414 144 88 give
2648 3402 352 101 bestandige

1042 3526 452 97 Anledninger
1558 3524 72 86 til
1688 3525 412 100 Ueenighed,
2182 3544 170 62 naar
2418 3530 118 78 den
2606 3545 104 60 ene
2768 3517 228 103 Statss

2818 3635 180 98 fandt
