3201 4638
2035 415 113 91 23

167 576 169 104 Paa
399 582 211 80 denne
691 579 635 107 Beqvemmelighed
1395 590 223 81 beroer
1711 592 67 92 jo
1855 597 261 103 Høyag-

166 692 185 95 telsen
424 694 105 93 for
621 696 543 100 Videnskaberne
1252 727 79 73 og
1418 711 189 75 deres
1696 707 421 104 Vedligehol-

165 809 153 92 delse
353 813 33 75 ?
505 811 175 81 Men
779 822 205 76 denne
1083 815 637 104 Beqvemmelighed
1800 831 338 90 opvækkes

163 925 206 81 baade
451 931 126 73 ved
651 927 366 99 Kundskab
1085 954 108 58 om
1261 939 122 75 den
1449 935 356 99 fornuftige
1884 942 223 83 Guds-

160 1036 328 92 Dyrkelfe
558 1041 108 93 faa
738 1067 79 73 og
884 1049 527 97 vedligeholdes;
1470 1050 315 95 bespottes
1822 1079 79 73 og
1942 1068 167 84 glem-

159 1167 143 67 mes
371 1160 205 76 denne
637 1156 241 95 samme
925 1161 387 101 Kundffab,
1375 1168 165 80 blive
1601 1168 397 103 Menniffer,
2069 1192 69 64 at

160 1269 97 95 jeg
318 1271 123 95 ffal
510 1273 203 96 bruge
794 1274 395 102 Apostelens
1266 1281 215 100 Ord,
1564 1283 407 101 ufornuftige
2058 1311 79 75 og

158 1388 326 94 naturlige
551 1386 231 104 Dyr,
850 1399 148 75 eller
1063 1395 367 102 saadanue,
1499 1397 131 97 som
1697 1399 249 100 foragte
2018 1413 120 73 alle

161 1505 76 77 de
287 1499 491 105 Videnskaber,
843 1507 136 94 som
1041 1533 71 76 ey
1173 1514 292 93 ffionnes
1525 1512 327 96 fornødne
1915 1520 69 82 til
2027 1529 107 75 det

162 1620 321 94 legemlige
548 1622 157 82 Livs
764 1618 289 108 Ophold
1120 1651 79 75 og
1282 1629 395 101 Forlystelse.

410 1846 409 100 Religionen
878 1861 205 76 allene
1166 1864 175 76 lærer
1412 1861 367 97 Menniffet
1852 1884 67 62 at
1986 1864 147 95 sette

156 1978 98 66 ret
321 1959 183 101 Pris
572 1988 134 72 paa
771 1972 91 92 sin
927 1971 247 97 Siæl,
1267 1973 335 101 folgeligen
1688 2003 80 71 og
1848 2003 130 72 paa
2054 1989 76 77 de

161 2076 503 103 Videnskaber,
729 2083 292 97 hvorved
1081 2087 314 85 Siælens
1457 2095 673 101 Fuldkommenheder

160 2194 173 79 kand
394 2194 305 98 forøges.
848 2201 205 82 Naar
1152 2204 777 103 Videnskaber-beholde
1668 2213 261 95 beholde
2006 2221 123 74 den

167 2306 309 99 Agtelse,
575 2320 145 72 dem
803 2317 399 97 tilkommer,
1273 2325 329 95 opvækkes
1661 2333 235 74 derved
1961 2333 161 79 altid

156 2424 137 94 -hos
364 2433 189 88 nogle
636 2428 141 100 Lyst
852 2435 69 78 til
1004 2440 105 75 det
1202 2436 275 96 Arbejde
1567 2464 76 73 og
1726 2444 195 91 Moje
2003 2452 124 76 ved

164 2538 465 109 Videnskaber
761 2546 133 92 som
948 2563 164 68 æres
1180 2576 78 73 og
1305 2555 329 82 belønnes.
1833 2559 297 98 Behøve

163 2654 322 98 Jordens
553 2656 316 99 Dyrkere
935 2664 547 103 Taalmodighed,
1543 2670 583 101 Videnskabernes

156 2767 325 98 Dyrkere
546 2776 249 95 behøve
864 2801 73 59 en
1006 2786 276 97 større;-
1330 2786 87 96 thi
1496 2785 313 97 Arbejdet
1886 2797 241 75 derved

167 2906 65 58 er
299 2892 451 95 langvarigere
819 2894 193 82 inden
1071 2897 215 101 Høste
1319 2900 211 90 Tiden
1583 2906 305 82 kommer.
1947 2904 181 89 Den

162 3001 451 83 aabenbarede
690 3005 315 100 Religion
1076 3033 293 65 muntrer
1437 3041 78 73 og
1588 3022 235 95 styrker
1906 3026 71 76 til
2059 3042 70 62 at

161 3116 213 80 kunde
461 3119 265 93 beholde
812 3132 204 76 denne
1101 3129 107 95 saa
1293 3131 327 95 fornødne
1697 3134 402 100 Taalmodig-

163 3232 139 97 hed,
373 3238 122 75 den
559 3234 296 104 forvisser
913 3264 108 59 om
1083 3267 75 59 en
1215 3249 202 95 rigere
1469 3249 219 101 Host,
1777 3259 117 75 end
1965 3258 163 90 den,

160 3346 135 94 som
362 3354 107 75 det
530 3349 197 86 blotte
772 3360 331 97 naturlige
1164 3360 139 91 Øje
1360 3362 197 94 forud
1626 3365 123 92 seer
1808 3376 121 72 ved
1979 3367 117 86 Vi-

165 3463 436 96 denskaberne
733 3468 183 89 Den
977 3472 195 92 sande
1237 3477 319 100 Religion
1603 3500 213 79 nytter
1851 3507 79 75 og
1971 3486 123 79 bru-

166 3600 107 78 ger
334 3586 309 102 verdsiige
707 3584 466 103 Videnskaber
1236 3597 77 81 til
1376 3600 95 97 sin
1530 3594 325 107 Tieneste,
1921 3599 208 90 altsaa

1015 3704 93 89 B
1166 3726 60 79 4
1998 3715 134 98 for-
