2831 4401
763 317 64 88 4

955 505 70 100 I
1119 509 122 74 den
1299 498 180 111 Tids
1551 501 264 96 Alder,
1905 505 88 74 da
2085 497 242 86 Guds
2417 499 328 90 Visdom

767 626 194 99 fandt
997 631 104 72 det
1141 617 398 96 fornødent,
1607 633 70 62 at
1725 621 122 74 den
1917 615 454 80 aabenbarede
2421 617 322 100 Religion

769 746 184 95 skulle
995 745 322 84 allevegne
1381 731 242 90 bevises
1685 735 126 76 ved
1859 731 226 94 idelige
2133 751 80 74 og
2255 733 490 98 uimodsigelige

771 855 354 94 Mirakler,
1183 851 208 76 kunde
1455 869 80 72 og
1595 847 208 80 burde
1861 849 120 78 den
2025 853 192 74 læres
2279 847 78 94 af
2385 845 356 104 fttadanne,

773 975 134 92 som
945 973 22 76 i
1011 967 310 98 verdsiige
1368 959 465 97 Videnskaber
1879 979 158 62 vare
2081 963 348 96 ukyndige.
2545 967 166 84 Der-

771 1095 126 76 ved
981 1087 138 76 blev
1213 1079 444 94 Religionens
1737 1075 144 98 høje
1961 1075 398 98 Oprindelse
2421 1101 80 74 og
2571 1087 136 90 gud-

773 1201 384 90 dommelige
1211 1191 212 96 Kraft
1477 1199 120 76 des
1639 1193 454 96 kiendeligere:
2159 1199 240 76 derved
2459 1197 140 78 blev
2663 1203 78 76 de

773 1313 488 92 Mistænkelige
1351 1311 266 94 betagen
1687 1305 432 100 Anledning,
2213 1325 72 64 at
2343 1309 190 96 holde
2615 1319 124 76 den

773 1437 106 98 for
933 1447 196 80 noget
1189 1427 194 96 listigt
1421 1421 728 102 Menniffe-Paafund.
2273 1423 252 98 Iblant
2559 1445 180 64 over«

773 1551 218 96 troiffe
1007 1543 414 102 Hedninger,
1463 1539 134 96 som
1629 1541 50 90 ej
1715 1537 122 96 selv
1873 1539 186 94 besad
2097 1545 122 78 den
2249 1557 158 64 rette
2447 1535 292 108 Indsigt

771 1677 24 76 i
835 1677 76 72 de
975 1661 194 95 mees
1245 1653 326 98 fornødne
1639 1653 500 100 Videnffaber,
2195 1657 212 82 kunde
2469 1679 78 58 en
2611 1679 128 76 nye

771 1781 360 96 Religion,
1191 1771 134 96 som
1383 1777 324 92 paalagde
1761 1791 238 76 mange
2065 1771 418 98 ubehagelige
2541 1773 168 100 Plig-

773 1921 122 74 ter,
963 1893 212 94 aldrig
1227 1885 148 98 faae
1441 1889 408 98 Fremgang,
1913 1891 174 76 uden
2157 1893 120 94 de,
2369 1885 136 94 som
2544 1891 201 95 mees

773 2033 160 64 vare
987 2025 198 64 vame
1239 2011 124 72 ved
1413 2001 338 96 sandselige
1801 1999 318 98 Begreb,
2185 2017 250 66 maatte
2477 2005 228 80 overbe-

777 2129 166 94 vises
1003 2129 124 74 ved
1187 2117 340 96 sandselige
1583 2115 530 100 Bevisligheder
2175 2115 366 102 formedelst
2587 2119 118 82 Mi-

767 2247 224 82 rakler.
1121 2233 186 100 Dog
1355 2241 166 74 dette
1567 2233 246 96 Slags
1861 2233 556 96 Overbevisning
2485 2255 62 60 er
2583 2235 126 82 baa-

771 2369 78 78 de
913 2361 20 78 i
991 2357 92 98 sig
1145 2351 124 94 selv
1329 2347 180 98 svag,
1573 2371 80 76 og
1711 2345 330 98 medfører
2089 2355 328 92 desuden,
2481 2373 108 58 om
2629 2351 102 98 jeg

771 2477 112 96 saa
953 2489 192 62 maae
1221 2467 180 80 kalde
1479 2469 156 94 det,
1697 2463 400 100 Forvirrelse
2137 2467 22 76 i
2203 2463 336 84 Verdens
2607 2473 128 78 ved

773 2587 456 90 Skabningen
1263 2577 278 100 fastsatte
1559 2577 416 100 Bestyrelses
1999 2579 302 96 Maade;
2369 2585 124 76 den
2525 2599 184 64 maat-

777 2727 60 64 te
887 2697 220 98 derfor
1155 2717 70 76 ey
1271 2703 268 90 længere
1581 2695 270 94 bruges,
1921 2699 118 74 end
2105 2699 276 76 medens
2433 2703 122 74 den
2609 2717 124 64 var

775 2813 554 100 uvmgiengeligen
1391 2809 326 98 fornoden
1755 2809 74 84 til
1893 2805 450 100 Religionens
2377 2811 358 102 allerførste

775 2929 354 110 Plantelse.

949 3159 164 88 Det
1181 3155 158 98 Lys,
1401 3153 138 94 som
1595 3173 68 60 er
1739 3159 124 74 den
1929 3153 438 96 menniffelige
2435 3153 296 100 Fornuft

777 3289 208 74 levner
1027 3273 156 94 efter
1217 3271 280 98 Faldet,
1555 3269 208 80 kunde
1807 3291 80 72 og
1927 3269 202 78 burde
2175 3273 174 94 siden
2389 3279 342 74 anvendes

779 3399 70 78 til
913 3407 70 64 at
1046 3385 204 93 indsee
1323 3391 124 74 den
1493 3385 324 92 naturlige
1897 3403 80 72 og
2039 3383 446 82 aabenbarede
2537 3385 160 84 Reli-

777 3511 194 100 gions
1036 3502 112 96 faa
1217 3501 274 94 tydelige
1566 3490 698 105 Overeenssemmelse
2347 3519 82 80 og
2493 3499 206 86 Sam-

2549 3637 184 62 men»
