3057 4359
999 277 128 70 20

1011 485 156 84 ger,
1221 461 138 96 som
1395 457 228 96 tvinge
1675 461 80 76 de
1809 453 162 92 beste
2005 451 376 98 Regentere
2447 469 72 66 at
2577 455 262 94 besvære
2881 465 98 78 de«

1013 593 110 76 res
1171 579 218 84 Lande
1441 579 152 76 med
1643 593 124 76 nye
1803 567 342 86 Skatter;
2211 589 146 62 men
2393 567 78 100 af
2491 569 372 104 Haardhed
2899 599 78 76 og

1013 687 618 104 Ubarmhiertighed
1677 687 274 98 betages
2009 689 76 78 de
2141 687 250 96 aldrig,
2459 705 68 64 at
2591 687 166 82 blive
2799 697 178 76 deres

1011 833 140 82 eget
1175 813 224 84 Lands
1431 803 288 94 Udsuere
1751 825 82 74 og
1873 801 310 100 Fiender.
2309 801 160 100 De,
2527 801 132 96 som
2697 803 278 96 saaledes

1011 933 448 98 ssammeligen
1495 921 346 94 misbruge
1873 925 124 72 den
2031 917 110 94 saa
2185 915 266 84 kaldede
2501 919 236 100 højeste
2787 923 158 92 Ejen-

1011 1041 410 94 doms-Net,
1489 1033 278 98 fortiene
1815 1039 108 76 der
1969 1031 352 100 hadefulde
2361 1031 218 86 Navn
2629 1033 78 100 af
2729 1037 220 98 Tyran-

1013 1185 136 64 ner.
1279 1153 184 90 Den
1505 1149 304 100 fredelige
1857 1149 270 96 Negent
2171 1151 238 98 bruger
2443 1153 232 98 herved
2709 1163 62 74 al
2813 1179 138 58 mue-

1015 1283 90 94 lig
1149 1267 498 100 Lemfældighed
1725 1289 82 74 og
1851 1265 344 98 Mildhed.
2389 1265 172 104 Han
2601 1277 208 76 under
2863 1277 112 94 sine

1017 1391 468 96 Undersaatter
1535 1405 208 60 meere
1795 1387 126 76 end
1979 1387 110 78 det
2153 1399 180 66 tørre
2415 1405 80 76 og
2567 1385 402 102 knappeligen

1015 1513 268 98 staarne
1331 1503 266 96 Brød;
1655 1499 96 100 thi
1803 1499 134 94 han
1983 1496 218 95 anseer
2249 1507 150 76 dem
2431 1499 106 98 for
2579 1505 130 100 sine
2741 1503 226 108 Børn,

1017 1651 90 78 »g
1139 1627 126 82 ikke
1293 1623 138 96 som
1461 1617 238 92 Trælle
1733 1621 148 78 eller
1911 1611 482 104 Daglønnere.

1197 1857 186 88 Den
1415 1849 304 100 fredelige
1751 1845 226 106 Herre
2015 1867 82 80 og
2123 1845 272 106 Konge,
2459 1847 204 88 bliver
2707 1853 122 102 just
2857 1857 108 82 ved

1017 1979 250 92 saadan
1343 1967 434 106 Fredelighed
1851 1989 78 58 en
2003 1967 230 100 Fader
2291 1967 106 96 for
2463 1969 280 100 Landet,
2829 1971 138 100 hvis

1013 2093 356 98 Velstand
1431 2087 204 82 bliver
1695 2083 176 98 hans
1937 2085 258 96 daglige
2251 2081 219 102 Ønske
2595 2087 170 100 hans
2835 2085 108 88 Be-

1013 2205 382 106 stræbelsers
1465 2201 328 102 Formaal
1859 2221 84 76 og
2013 2205 124 76 den
2197 2201 406 102 Belønning
2669 2227 80 76 og
2797 2203 148 88 Glæ-

1011 2333 110 98 de,
1187 2323 136 102 han
1383 2318 222 100 ønsker
1671 2319 92 100 sig
1831 2319 20 78 i
1913 2323 108 76 det
2063 2315 342 104 Timelige.

1209 2549 404 88 Saadanne
1683 2549 284 104 Konger
2061 2573 82 76 og
2223 2547 370 104 Kongelige
2681 2551 284 98 Slægter

1015 2695 103 69 ere
1175 2673 230 96 salige,
1471 2665 178 98 fordi
1715 2677 80 76 de
1861 2693 100 60 ere
2021 2669 512 98 fredsommelige
2601 2693 78 76 og
2757 2671 202 100 Freds

1021 2787 352 98 Stiftere,
1455 2789 78 76 de
1593 2803 100 62 ere
1753 2809 74 76 ey
1907 2795 206 74 allene
2178 2785 241 85 Guds
2479 2783 266 102 Børn,
2833 2805 128 62 men

1021 2905 258 86 Guder
1367 2923 136 76 paa
1577 2901 278 98 Jorden
1935 2909 128 74 ved
2155 2911 194 74 deres
2455 2901 504 102 Godgiorenhed

1017 3029 162 76 mod
1249 3023 108 78 det
1419 3019 442 96 mermisselige
1923 3019 220 84 Kiøn.
2275 3019 174 100 Alle,
2515 3019 132 94 som
2707 3021 132 96 elsse
2889 3039 70 76 og

1017 3157 264 62 attraae
1349 3133 180 100 Fred
1593 3157 80 72 og
1735 3133 414 100 Velsignelse
2207 3137 188 98 ønsse
2461 3159 82 74 og
2611 3143 168 74 unde
2833 3139 128 76 dem

1023 3261 68 74 al
1155 3249 432 98 Lyksalighed,
1655 3271 82 76 og
1795 3255 124 76 den
1987 3253 228 98 Freds
2273 3253 230 98 Fyrste
2579 3251 130 94 som
2773 3255 188 96 sidder

1019 3371 32 80 i
1137 3367 276 100 Himlen
1519 3365 132 100 hos
1719 3365 466 102 Majestætens
2257 3369 188 104 højre
2539 3369 256 104 Haand
2871 3365 62 82 be-

1013 3489 120 82 der
1189 3481 124 96 selv
1365 3487 164 92 godt
1601 3481 110 106 for
1783 3489 178 80 dem.
