3131 4421
1053 491 174 96 fulde
1259 471 360 98 Marius
1661 481 120 94 selv
1829 495 248 68 maatte
2125 483 130 94 dog
2303 501 252 76 engang
2597 481 286 106 tilstaae,
2939 509 72 64 at

1049 607 302 94 Krigens
1399 599 282 86 Bulder
1745 621 80 74 og
1869 595 558 102 Vaaben-Brag
2489 601 310 96 hindrede
2861 607 148 98 ham

1057 741 68 62 at
1171 721 160 98 høre
1363 741 82 72 og
1479 733 146 80 agte
1657 737 132 76 paa
1843 715 270 84 Lovene.
2245 717 308 100 Fredens
2605 717 132 90 Tid
2761 743 62 58 er
2879 731 104 74 der-

1053 841 104 92 for
1183 835 464 98 behageligere:
1709 855 76 58 en
1819 835 372 96 ønffeligere
2231 857 82 74 og
2347 831 440 98 fuldkomnere
2827 836 149 86 Glas-

1057 964 75 73 de
1179 953 250 80 bebude
1479 957 76 72 de
1583 947 252 100 Dage,
1901 971 134 76 paa
2091 951 208 96 hvilke
2351 951 416 96 Menniffers
2807 953 176 96 Lyksa-

1057 1071 278 100 ligheder
1369 1063 358 90 formeeres
1761 1071 172 76 uden
1965 1073 208 74 andre
2225 1067 570 96 Medmenniffers
2829 1073 156 94 Ulyk-

1053 1193 106 78 ker
1199 1205 82 76 og
1317 1179 440 104 Fordervelse.
1877 1181 348 84 Romerne
2271 1181 166 100 selv,
2513 1183 154 98 hvis
2726 1173 252 110 Haand-

1058 1303 153 81 Verk
1245 1323 80 76 og
1353 1297 684 102 Hoved-Videnstab
2069 1297 260 100 Krigen
2359 1319 150 78 var,
2579 1301 156 96 hvis
2787 1299 190 86 Graa-

1061 1419 236 98 dighed
1325 1413 158 94 efter
1525 1419 248 76 andres
1809 1415 180 82 Land
2023 1437 80 74 og
2135 1413 316 92 fremmed
2509 1415 214 84 Gods
2771 1435 122 62 var
2938 1432 46 67 u-

1057 1534 328 97 mærkelig,
1447 1535 78 74 de
1547 1527 210 94 sølede
1785 1535 130 90 dog
1951 1529 128 98 ofte
2099 1531 306 98 Fredens
2447 1533 278 100 Fordele
2763 1557 78 72 og
2871 1541 132 76 med

1059 1651 246 86 Glæde
1349 1645 332 82 tillukkede
1725 1651 88 76 da
1858 1646 184 98 Ja
2079 1647 292 104 Tempel.
2551 1645 176 88 Ved
2763 1651 240 98 Freden

1063 1769 146 84 blev
1245 1785 78 62 en
1351 1753 532 104 Octavianus
1917 1761 104 100 for
2059 1771 170 78 dette
2261 1763 172 104 Folk
2463 1787 76 60 en
2577 1757 426 110 Augustus.

1239 1995 186 88 Saa
1451 1997 216 96 eenige
1691 1995 384 96 Menmffer
2103 2017 98 60 ere
2233 1999 18 76 i
2285 2015 70 62 at
2397 1999 186 94 onffe
2639 2021 78 74 og
2765 2015 236 64 attraae

1055 2127 108 72 det
1193 2115 394 96 Glædelige,
1647 2111 112 94 saa
1791 2113 256 94 adskilte
2083 2135 82 74 og
2199 2117 170 92 ulige
2399 2137 98 58 ere
2531 2139 78 72 og
2637 2117 160 78 blive
2829 2123 172 72 deres

1057 2233 400 92 Meeninger
1501 2249 110 58 om
1657 2235 126 74 den
1831 2247 162 64 rette
2047 2251 82 76 og
2173 2229 196 94 sande
2419 2229 266 86 Glæde.
2813 2233 184 82 Naar

1059 2359 126 76 den
1217 2345 364 98 ærgierrige
1609 2341 426 104 Krigs-Helt
2067 2345 202 80 bliver
2311 2351 256 94 traurig
2615 2371 78 74 og
2733 2353 238 92 tungsin-

1061 2475 106 74 det
1203 2483 156 62 over
1389 2461 290 98 Freden,
1737 2479 70 62 at
1839 2467 128 76 den
2001 2463 262 94 betager
2301 2463 154 98 ham
2503 2465 364 96 Leylighed,
2935 2479 60 64 at

1055 2581 128 94 vise
1229 2579 362 98 glimrende
1633 2573 282 100 Prøver
1953 2599 136 74 paa
2139 2567 178 108 hans
2361 2579 452 100 Helte-Mod,
2875 2577 92 96 for-

1055 2697 214 98 falder
1313 2699 126 76 den
1483 2689 376 102 Vellystige
1887 2695 22 78 i
1957 2693 308 100 Fredens
2309 2693 134 92 Tid
2483 2699 72 80 til
2597 2699 280 92 daarlige
2923 2717 68 74 og

1055 2811 306 98 ffadelige
1389 2807 442 98 Forlystelser.
1961 2807 282 90 Tiderne
2281 2813 308 96 beskriver
2631 2813 232 98 enhver
2903 2809 90 98 fra

1053 2931 98 96 sin
1185 2945 156 78 egen
1381 2921 528 100 Syns-Punkt,
1971 2949 82 74 og
2087 2925 222 96 derfor
2341 2929 166 82 blive
2551 2928 438 97 Menneskenes

1053 3043 320 86 Domme
1419 3059 110 58 om
1575 3045 168 74 onde
1779 3061 80 74 og
1887 3047 170 90 gode
2081 3041 232 102 Tider,
2381 3067 108 60 om
2531 3051 78 76 de
2655 3047 336 96 behagelige

1055 3181 80 74 og
1167 3155 416 100 ubehagelige
1617 3151 222 100 Dage
1871 3161 166 78 altid
2083 3163 296 98 stridige,
2449 3161 290 96 saaledes
2781 3157 186 98 forfat-

1053 3279 168 92 tede,
1287 3273 136 94 som
1461 3267 250 98 Synet
1761 3293 66 58 er
1877 3273 438 102 skarpseende,
2371 3283 194 98 flovt,
2623 3285 188 74 dumt
2857 3281 134 74 eller

1051 3387 370 96 forblindet.
1577 3385 154 86 Om
1775 3395 120 74 den
1933 3389 446 102 Lyksalighed,
2445 3395 134 96 som
2621 3401 198 74 allene
2855 3395 134 92 gior

1051 3501 290 92 Tiderne
1411 3519 84 78 og
1547 3499 304 100 Dagene
1887 3507 368 106 glædelige,
2323 3513 92 86 vil
2471 3515 22 80 i
2539 3533 78 64 en
2655 3507 330 102 fordærvet

2801 3621 182 88 Ver-
