<?xml version="1.0" encoding="utf-8"?>
<alto xmlns="http://www.loc.gov/standards/alto/ns-v3#" xmlns:xs="http://www.w3.org/2001/XMLSchema-instance" xmlns:xlink="http://www.w3.org/1999/xlink">
	<Description>
		<MeasurementUnit>pixel</MeasurementUnit>
		<sourceImageInformation>
			<fileName>130017168100_2_022_014_026.tif</fileName>
		</sourceImageInformation>
		<OCRProcessing ID="OCR1">
			<ocrProcessingStep>
				<processingDateTime>2018-09-15</processingDateTime>
				<processingAgency>Zissor AS</processingAgency>
				<processingStepSettings>Combined OCR</processingStepSettings>
				<processingSoftware>
					<softwareCreator>Zissor AS</softwareCreator>
					<softwareName>ContentOCR-11; ContentOCR-Tesseract</softwareName>
					<softwareVersion>2.0.2; 2.0.0</softwareVersion>
					<applicationDescription>OCR Component for Zissor Content System</applicationDescription>
				</processingSoftware>
			</ocrProcessingStep>
		</OCRProcessing>
	</Description>
	<Styles>
		<TextStyle ID="STYLE1" FONTFAMILY="Arial" FONTSIZE="12" FONTSTYLE=""/>
		<TextStyle ID="STYLE2" FONTFAMILY="Arial" FONTSIZE="9" FONTSTYLE=""/>
		<TextStyle ID="STYLE3" FONTFAMILY="Arial" FONTSIZE="14" FONTSTYLE=""/>
		<TextStyle ID="STYLE4" FONTFAMILY="Arial" FONTSIZE="13" FONTSTYLE=""/>
	</Styles>
	<Layout>
		<Page ID="PAGE428" HEIGHT="4565" WIDTH="2937" PHYSICAL_IMG_NR="428" PROCESSING="OCR1" PC="0.7">
			<TopMargin HEIGHT="338" WIDTH="2937" HPOS="0" VPOS="0"/>
			<LeftMargin HEIGHT="3415" WIDTH="849" HPOS="0" VPOS="338"/>
			<RightMargin HEIGHT="3415" WIDTH="92" HPOS="2845" VPOS="338"/>
			<BottomMargin HEIGHT="810" WIDTH="2937" HPOS="0" VPOS="3755"/>
			<PrintSpace ID="PRINTSPACE1" HEIGHT="3415" WIDTH="1994" HPOS="850" VPOS="339">
				<ComposedBlock xs:type="ComposedBlockType" ID="ARTICLE126738" HEIGHT="3415" WIDTH="1994" HPOS="850" VPOS="339" xlink:type="simple">
					<TextBlock xs:type="TextBlockType" ID="ZONE1300735" HEIGHT="99" WIDTH="117" HPOS="853" VPOS="339" xlink:type="simple">
						<TextLine ID="LINE1" HEIGHT="98" WIDTH="117" HPOS="853" VPOS="340">
							<String ID="STRING1" STYLEREFS="STYLE1" HEIGHT="98" WIDTH="117" HPOS="853" VPOS="340" CONTENT="36" WC="0.19" LANG="nob"/>
						</TextLine>
					</TextBlock>
					<TextBlock xs:type="TextBlockType" ID="ZONE1300736" HEIGHT="1608" WIDTH="1975" HPOS="850" VPOS="540" xlink:type="simple">
						<TextLine ID="LINE2" HEIGHT="109" WIDTH="1940" HPOS="850" VPOS="542">
							<String ID="STRING2" STYLEREFS="STYLE2" HEIGHT="68" WIDTH="72" HPOS="850" VPOS="572" CONTENT="at" WC="0.28" LANG="nob"/>
							<SP ID="SP1" WIDTH="74" HPOS="922" VPOS="572"/>
							<String ID="STRING3" STYLEREFS="STYLE2" HEIGHT="100" WIDTH="340" HPOS="996" VPOS="551" CONTENT="bestemme" WC="0.79" LANG="nob"/>
							<SP ID="SP2" WIDTH="76" HPOS="1336" VPOS="551"/>
							<String ID="STRING4" STYLEREFS="STYLE2" HEIGHT="76" WIDTH="124" HPOS="1412" VPOS="551" CONTENT="den" WC="0.77" LANG="dan"/>
							<SP ID="SP3" WIDTH="84" HPOS="1536" VPOS="551"/>
							<String ID="STRING5" STYLEREFS="STYLE2" HEIGHT="98" WIDTH="428" HPOS="1620" VPOS="542" CONTENT="besynderlige" WC="0.71" LANG="dan"/>
							<SP ID="SP4" WIDTH="68" HPOS="2048" VPOS="542"/>
							<String ID="STRING6" STYLEREFS="STYLE2" HEIGHT="102" WIDTH="338" HPOS="2116" VPOS="543" CONTENT="Hensigt," WC="0.71" LANG="dan"/>
							<SP ID="SP5" WIDTH="90" HPOS="2454" VPOS="543"/>
							<String ID="STRING7" STYLEREFS="STYLE2" HEIGHT="85" WIDTH="246" HPOS="2544" VPOS="547" CONTENT="Skabe" SUBS_TYPE="HypPart1" SUBS_CONTENT="Skaberen" WC="0.64" LANG="dan"/>
							<HYP CONTENT="-"/>
						</TextLine>
						<TextLine ID="LINE3" HEIGHT="107" WIDTH="1968" HPOS="850" VPOS="660">
							<String ID="STRING8" STYLEREFS="STYLE2" HEIGHT="61" WIDTH="116" HPOS="850" VPOS="695" CONTENT="ren" SUBS_TYPE="HypPart2" SUBS_CONTENT="Skaberen" WC="0.83" LANG="dan"/>
							<SP ID="SP6" WIDTH="138" HPOS="966" VPOS="695"/>
							<String ID="STRING9" STYLEREFS="STYLE2" HEIGHT="100" WIDTH="122" HPOS="1104" VPOS="667" CONTENT="har" WC="0.78" LANG="dan"/>
							<SP ID="SP7" WIDTH="130" HPOS="1226" VPOS="667"/>
							<String ID="STRING10" STYLEREFS="STYLE2" HEIGHT="98" WIDTH="162" HPOS="1356" VPOS="661" CONTENT="havt" WC="0.73" LANG="dan"/>
							<SP ID="SP8" WIDTH="110" HPOS="1518" VPOS="661"/>
							<String ID="STRING11" STYLEREFS="STYLE2" HEIGHT="72" WIDTH="126" HPOS="1628" VPOS="666" CONTENT="ved" WC="0.56" LANG="dan"/>
							<SP ID="SP9" WIDTH="128" HPOS="1754" VPOS="666"/>
							<String ID="STRING12" STYLEREFS="STYLE2" HEIGHT="100" WIDTH="560" HPOS="1882" VPOS="660" CONTENT="Frembringelsen" WC="0.71" LANG="dan"/>
							<SP ID="SP10" WIDTH="128" HPOS="2442" VPOS="660"/>
							<String ID="STRING13" STYLEREFS="STYLE2" HEIGHT="94" WIDTH="76" HPOS="2570" VPOS="662" CONTENT="af" WC="0.77" LANG="dan"/>
							<SP ID="SP11" WIDTH="114" HPOS="2646" VPOS="662"/>
							<String ID="STRING14" STYLEREFS="STYLE2" HEIGHT="64" WIDTH="58" HPOS="2760" VPOS="682" CONTENT="et" WC="1" LANG="dan"/>
						</TextLine>
						<TextLine ID="LINE4" HEIGHT="115" WIDTH="1964" HPOS="852" VPOS="775">
							<String ID="STRING15" STYLEREFS="STYLE2" HEIGHT="98" WIDTH="208" HPOS="852" VPOS="792" CONTENT="hvert." WC="0.82" LANG="dan"/>
							<SP ID="SP12" WIDTH="126" HPOS="1060" VPOS="792"/>
							<String ID="STRING16" STYLEREFS="STYLE2" HEIGHT="100" WIDTH="154" HPOS="1186" VPOS="779" CONTENT="Her" WC="0.68" LANG="dan"/>
							<SP ID="SP13" WIDTH="44" HPOS="1340" VPOS="779"/>
							<String ID="STRING17" STYLEREFS="STYLE2" HEIGHT="78" WIDTH="124" HPOS="1384" VPOS="779" CONTENT="bor" WC="0.44" LANG="dan"/>
							<SP ID="SP14" WIDTH="66" HPOS="1508" VPOS="779"/>
							<String ID="STRING18" STYLEREFS="STYLE2" HEIGHT="74" WIDTH="124" HPOS="1574" VPOS="780" CONTENT="den" WC="0.76" LANG="dan"/>
							<SP ID="SP15" WIDTH="66" HPOS="1698" VPOS="780"/>
							<String ID="STRING19" STYLEREFS="STYLE2" HEIGHT="95" WIDTH="436" HPOS="1764" VPOS="776" CONTENT="menniffelige" WC="0.89" LANG="dan"/>
							<SP ID="SP16" WIDTH="54" HPOS="2200" VPOS="776"/>
							<String ID="STRING20" STYLEREFS="STYLE2" HEIGHT="100" WIDTH="296" HPOS="2254" VPOS="775" CONTENT="Fornuft" WC="0.64" LANG="dan"/>
							<SP ID="SP17" WIDTH="54" HPOS="2550" VPOS="775"/>
							<String ID="STRING21" STYLEREFS="STYLE2" HEIGHT="82" WIDTH="212" HPOS="2604" VPOS="792" CONTENT="noyes" WC="0.85" LANG="dan"/>
						</TextLine>
						<TextLine ID="LINE5" HEIGHT="109" WIDTH="1964" HPOS="853" VPOS="890">
							<String ID="STRING22" STYLEREFS="STYLE2" HEIGHT="76" WIDTH="148" HPOS="853" VPOS="907" CONTENT="med" WC="0.6" LANG="dan"/>
							<SP ID="SP18" WIDTH="50" HPOS="1001" VPOS="907"/>
							<String ID="STRING23" STYLEREFS="STYLE2" HEIGHT="64" WIDTH="72" HPOS="1051" VPOS="913" CONTENT="at" WC="0.88" LANG="dan"/>
							<SP ID="SP19" WIDTH="55" HPOS="1123" VPOS="913"/>
							<String ID="STRING24" STYLEREFS="STYLE3" HEIGHT="106" WIDTH="281" HPOS="1178" VPOS="893" CONTENT="forsaae" WC="0.87" LANG="dan"/>
							<SP ID="SP20" WIDTH="58" HPOS="1459" VPOS="893"/>
							<String ID="STRING25" STYLEREFS="STYLE3" HEIGHT="95" WIDTH="409" HPOS="1517" VPOS="890" CONTENT="Stykker-iis" WC="0.81" LANG="dan"/>
							<SP ID="SP21" WIDTH="80" HPOS="1926" VPOS="890"/>
							<String ID="STRING26" STYLEREFS="STYLE2" HEIGHT="87" WIDTH="147" HPOS="2006" VPOS="898" CONTENT="der," WC="0.56" LANG="dan"/>
							<SP ID="SP22" WIDTH="65" HPOS="2153" VPOS="898"/>
							<String ID="STRING27" STYLEREFS="STYLE2" HEIGHT="92" WIDTH="137" HPOS="2218" VPOS="891" CONTENT="som" WC="0.66" LANG="dan"/>
							<SP ID="SP23" WIDTH="75" HPOS="2355" VPOS="891"/>
							<String ID="STRING28" STYLEREFS="STYLE2" HEIGHT="58" WIDTH="67" HPOS="2430" VPOS="915" CONTENT="er" WC="0.83" LANG="dan"/>
							<SP ID="SP24" WIDTH="61" HPOS="2497" VPOS="915"/>
							<String ID="STRING29" STYLEREFS="STYLE2" HEIGHT="96" WIDTH="259" HPOS="2558" VPOS="896" CONTENT="nyttigt." WC="0.65" LANG="dan"/>
						</TextLine>
						<TextLine ID="LINE6" HEIGHT="101" WIDTH="1938" HPOS="853" VPOS="1005">
							<String ID="STRING30" STYLEREFS="STYLE2" HEIGHT="88" WIDTH="378" HPOS="853" VPOS="1015" CONTENT="Bekiendte" WC="0.73" LANG="dan"/>
							<SP ID="SP25" WIDTH="64" HPOS="1231" VPOS="1015"/>
							<String ID="STRING31" STYLEREFS="STYLE2" HEIGHT="97" WIDTH="444" HPOS="1295" VPOS="1007" CONTENT="Sætninger," WC="0.75" LANG="dan"/>
							<SP ID="SP26" WIDTH="72" HPOS="1739" VPOS="1007"/>
							<String ID="STRING32" STYLEREFS="STYLE2" HEIGHT="94" WIDTH="134" HPOS="1811" VPOS="1006" CONTENT="som" WC="0.6" LANG="dan"/>
							<SP ID="SP27" WIDTH="84" HPOS="1945" VPOS="1006"/>
							<String ID="STRING33" STYLEREFS="STYLE2" HEIGHT="98" WIDTH="228" HPOS="2029" VPOS="1005" CONTENT="forhen" WC="0.85" LANG="dan"/>
							<SP ID="SP28" WIDTH="70" HPOS="2257" VPOS="1005"/>
							<String ID="STRING34" STYLEREFS="STYLE2" HEIGHT="80" WIDTH="208" HPOS="2327" VPOS="1009" CONTENT="baade" WC="0.72" LANG="dan"/>
							<SP ID="SP29" WIDTH="66" HPOS="2535" VPOS="1009"/>
							<String ID="STRING35" STYLEREFS="STYLE2" HEIGHT="78" WIDTH="66" HPOS="2601" VPOS="1028" CONTENT="ry" WC="0.39" LANG="dan"/>
							<SP ID="SP30" WIDTH="10" HPOS="2667" VPOS="1028"/>
							<String ID="STRING36" STYLEREFS="STYLE2" HEIGHT="74" WIDTH="68" HPOS="2677" VPOS="1014" CONTENT="de" WC="0.62" LANG="dan"/>
							<SP ID="SP31" WIDTH="8" HPOS="2745" VPOS="1014"/>
							<String ID="STRING37" STYLEREFS="STYLE2" HEIGHT="78" WIDTH="38" HPOS="2753" VPOS="1012" CONTENT="li" SUBS_TYPE="HypPart1" SUBS_CONTENT="ligen" WC="0.69" LANG="dan"/>
							<HYP CONTENT="-"/>
						</TextLine>
						<TextLine ID="LINE7" HEIGHT="108" WIDTH="1938" HPOS="853" VPOS="1122">
							<String ID="STRING38" STYLEREFS="STYLE2" HEIGHT="75" WIDTH="124" HPOS="853" VPOS="1155" CONTENT="gen" SUBS_TYPE="HypPart2" SUBS_CONTENT="ligen" WC="0.76" LANG="dan"/>
							<SP ID="SP32" WIDTH="76" HPOS="977" VPOS="1155"/>
							<String ID="STRING39" STYLEREFS="STYLE2" HEIGHT="74" WIDTH="80" HPOS="1053" VPOS="1149" CONTENT="og" WC="0.41" LANG="dan"/>
							<SP ID="SP33" WIDTH="56" HPOS="1133" VPOS="1149"/>
							<String ID="STRING40" STYLEREFS="STYLE2" HEIGHT="96" WIDTH="366" HPOS="1189" VPOS="1125" CONTENT="grundigen" WC="0.72" LANG="deu"/>
							<SP ID="SP34" WIDTH="86" HPOS="1555" VPOS="1125"/>
							<String ID="STRING41" STYLEREFS="STYLE2" HEIGHT="58" WIDTH="100" HPOS="1641" VPOS="1142" CONTENT="ere" WC="0.96" LANG="nob"/>
							<SP ID="SP35" WIDTH="80" HPOS="1741" VPOS="1142"/>
							<String ID="STRING42" STYLEREFS="STYLE2" HEIGHT="97" WIDTH="266" HPOS="1821" VPOS="1122" CONTENT="beviste," WC="0.69" LANG="dan"/>
							<SP ID="SP36" WIDTH="84" HPOS="2087" VPOS="1122"/>
							<String ID="STRING43" STYLEREFS="STYLE2" HEIGHT="96" WIDTH="246" HPOS="2171" VPOS="1125" CONTENT="behøve" WC="0.79" LANG="dan"/>
							<SP ID="SP37" WIDTH="74" HPOS="2417" VPOS="1125"/>
							<String ID="STRING44" STYLEREFS="STYLE2" HEIGHT="73" WIDTH="72" HPOS="2491" VPOS="1147" CONTENT="ey" WC="0.92" LANG="dan"/>
							<SP ID="SP38" WIDTH="88" HPOS="2563" VPOS="1147"/>
							<String ID="STRING45" STYLEREFS="STYLE2" HEIGHT="98" WIDTH="140" HPOS="2651" VPOS="1124" CONTENT="For" SUBS_TYPE="HypPart1" SUBS_CONTENT="Forstandens" WC="0.92" LANG="dan"/>
							<HYP CONTENT="-"/>
						</TextLine>
						<TextLine ID="LINE8" HEIGHT="109" WIDTH="1964" HPOS="855" VPOS="1237">
							<String ID="STRING46" STYLEREFS="STYLE2" HEIGHT="95" WIDTH="314" HPOS="855" VPOS="1251" CONTENT="standens" SUBS_TYPE="HypPart2" SUBS_CONTENT="Forstandens" WC="0.78" LANG="dan"/>
							<SP ID="SP39" WIDTH="86" HPOS="1169" VPOS="1251"/>
							<String ID="STRING47" STYLEREFS="STYLE2" HEIGHT="94" WIDTH="284" HPOS="1255" VPOS="1237" CONTENT="Arbejde" WC="0.66" LANG="dan"/>
							<SP ID="SP40" WIDTH="74" HPOS="1539" VPOS="1237"/>
							<String ID="STRING48" STYLEREFS="STYLE2" HEIGHT="76" WIDTH="20" HPOS="1613" VPOS="1240" CONTENT="i" WC="0.54" LANG="dan"/>
							<SP ID="SP41" WIDTH="74" HPOS="1633" VPOS="1240"/>
							<String ID="STRING49" STYLEREFS="STYLE2" HEIGHT="62" WIDTH="70" HPOS="1707" VPOS="1254" CONTENT="at" WC="0.69" LANG="dan"/>
							<SP ID="SP42" WIDTH="76" HPOS="1777" VPOS="1254"/>
							<String ID="STRING50" STYLEREFS="STYLE2" HEIGHT="94" WIDTH="260" HPOS="1853" VPOS="1240" CONTENT="opfinde" WC="0.79" LANG="dan"/>
							<SP ID="SP43" WIDTH="68" HPOS="2113" VPOS="1240"/>
							<String ID="STRING51" STYLEREFS="STYLE2" HEIGHT="74" WIDTH="162" HPOS="2181" VPOS="1261" CONTENT="nye," WC="0.92" LANG="dan"/>
							<SP ID="SP44" WIDTH="110" HPOS="2343" VPOS="1261"/>
							<String ID="STRING52" STYLEREFS="STYLE2" HEIGHT="94" WIDTH="134" HPOS="2453" VPOS="1237" CONTENT="som" WC="0.65" LANG="dan"/>
							<SP ID="SP45" WIDTH="96" HPOS="2587" VPOS="1237"/>
							<String ID="STRING53" STYLEREFS="STYLE2" HEIGHT="94" WIDTH="136" HPOS="2683" VPOS="1242" CONTENT="riest" WC="0.63" LANG="deu"/>
						</TextLine>
						<TextLine ID="LINE9" HEIGHT="106" WIDTH="1966" HPOS="855" VPOS="1350">
							<String ID="STRING54" STYLEREFS="STYLE2" HEIGHT="92" WIDTH="296" HPOS="855" VPOS="1364" CONTENT="svagere," WC="0.87" LANG="dan"/>
							<SP ID="SP46" WIDTH="60" HPOS="1151" VPOS="1364"/>
							<String ID="STRING55" STYLEREFS="STYLE2" HEIGHT="86" WIDTH="284" HPOS="1211" VPOS="1353" CONTENT="Beviis." WC="0.94" LANG="dan"/>
							<SP ID="SP47" WIDTH="178" HPOS="1495" VPOS="1353"/>
							<String ID="STRING56" STYLEREFS="STYLE2" HEIGHT="88" WIDTH="182" HPOS="1673" VPOS="1350" CONTENT="Den" WC="0.77" LANG="dan"/>
							<SP ID="SP48" WIDTH="62" HPOS="1855" VPOS="1350"/>
							<String ID="STRING57" STYLEREFS="STYLE2" HEIGHT="75" WIDTH="346" HPOS="1917" VPOS="1359" CONTENT="lettroende" WC="0.77" LANG="dan"/>
							<SP ID="SP49" WIDTH="54" HPOS="2263" VPOS="1359"/>
							<String ID="STRING58" STYLEREFS="STYLE2" HEIGHT="88" WIDTH="328" HPOS="2317" VPOS="1351" CONTENT="Vantroe" WC="0.74" LANG="dan"/>
							<SP ID="SP50" WIDTH="56" HPOS="2645" VPOS="1351"/>
							<String ID="STRING59" STYLEREFS="STYLE2" HEIGHT="94" WIDTH="120" HPOS="2701" VPOS="1356" CONTENT="har" WC="0.82" LANG="dan"/>
						</TextLine>
						<TextLine ID="LINE10" HEIGHT="108" WIDTH="1942" HPOS="854" VPOS="1466">
							<String ID="STRING60" STYLEREFS="STYLE2" HEIGHT="94" WIDTH="68" HPOS="854" VPOS="1480" CONTENT="jo" WC="0.5" LANG="dan"/>
							<SP ID="SP51" WIDTH="66" HPOS="922" VPOS="1480"/>
							<String ID="STRING61" STYLEREFS="STYLE2" HEIGHT="94" WIDTH="176" HPOS="988" VPOS="1475" CONTENT="giort" WC="0.61" LANG="dan"/>
							<SP ID="SP52" WIDTH="54" HPOS="1164" VPOS="1475"/>
							<String ID="STRING62" STYLEREFS="STYLE2" HEIGHT="74" WIDTH="106" HPOS="1218" VPOS="1477" CONTENT="der" WC="0.51" LANG="dan"/>
							<SP ID="SP53" WIDTH="60" HPOS="1324" VPOS="1477"/>
							<String ID="STRING63" STYLEREFS="STYLE2" HEIGHT="80" WIDTH="72" HPOS="1384" VPOS="1471" CONTENT="til" WC="0.56" LANG="dan"/>
							<SP ID="SP54" WIDTH="60" HPOS="1456" VPOS="1471"/>
							<String ID="STRING64" STYLEREFS="STYLE2" HEIGHT="56" WIDTH="74" HPOS="1516" VPOS="1490" CONTENT="en" WC="1" LANG="dan"/>
							<SP ID="SP55" WIDTH="58" HPOS="1590" VPOS="1490"/>
							<String ID="STRING65" STYLEREFS="STYLE2" HEIGHT="96" WIDTH="428" HPOS="1648" VPOS="1468" CONTENT="Videnskab," WC="0.69" LANG="dan"/>
							<SP ID="SP56" WIDTH="67" HPOS="2076" VPOS="1468"/>
							<String ID="STRING66" STYLEREFS="STYLE1" HEIGHT="60" WIDTH="71" HPOS="2143" VPOS="1487" CONTENT="at" WC="0.81" LANG="dan"/>
							<SP ID="SP57" WIDTH="60" HPOS="2214" VPOS="1487"/>
							<String ID="STRING67" STYLEREFS="STYLE2" HEIGHT="82" WIDTH="210" HPOS="2274" VPOS="1469" CONTENT="kunde" WC="0.93" LANG="dan"/>
							<SP ID="SP58" WIDTH="40" HPOS="2484" VPOS="1469"/>
							<String ID="STRING68" STYLEREFS="STYLE2" HEIGHT="94" WIDTH="78" HPOS="2524" VPOS="1466" CONTENT="af" WC="0.69" LANG="dan"/>
							<SP ID="SP59" WIDTH="58" HPOS="2602" VPOS="1466"/>
							<String ID="STRING69" STYLEREFS="STYLE2" HEIGHT="58" WIDTH="136" HPOS="2660" VPOS="1492" CONTENT="nær" SUBS_TYPE="HypPart1" SUBS_CONTENT="nærværende" WC="0.82" LANG="dan"/>
							<HYP CONTENT="-"/>
						</TextLine>
						<TextLine ID="LINE11" HEIGHT="100" WIDTH="1940" HPOS="852" VPOS="1582">
							<String ID="STRING70" STYLEREFS="STYLE2" HEIGHT="79" WIDTH="304" HPOS="852" VPOS="1595" CONTENT="værende" SUBS_TYPE="HypPart2" SUBS_CONTENT="nærværende" WC="0.73" LANG="dan"/>
							<SP ID="SP60" WIDTH="48" HPOS="1156" VPOS="1595"/>
							<String ID="STRING71" STYLEREFS="STYLE2" HEIGHT="91" WIDTH="324" HPOS="1204" VPOS="1589" CONTENT="naturlige" WC="0.83" LANG="dan"/>
							<SP ID="SP61" WIDTH="66" HPOS="1528" VPOS="1589"/>
							<String ID="STRING72" STYLEREFS="STYLE2" HEIGHT="100" WIDTH="384" HPOS="1594" VPOS="1582" CONTENT="Hændelser" WC="0.81" LANG="dan"/>
							<SP ID="SP62" WIDTH="60" HPOS="1978" VPOS="1582"/>
							<String ID="STRING73" STYLEREFS="STYLE2" HEIGHT="94" WIDTH="198" HPOS="2038" VPOS="1583" CONTENT="forud" WC="0.51" LANG="dan"/>
							<SP ID="SP63" WIDTH="48" HPOS="2236" VPOS="1583"/>
							<String ID="STRING74" STYLEREFS="STYLE2" HEIGHT="92" WIDTH="124" HPOS="2284" VPOS="1589" CONTENT="sige" WC="0.93" LANG="dan"/>
							<SP ID="SP64" WIDTH="52" HPOS="2408" VPOS="1589"/>
							<String ID="STRING75" STYLEREFS="STYLE2" HEIGHT="72" WIDTH="74" HPOS="2460" VPOS="1593" CONTENT="de" WC="0.76" LANG="dan"/>
							<SP ID="SP65" WIDTH="38" HPOS="2534" VPOS="1593"/>
							<String ID="STRING76" STYLEREFS="STYLE2" HEIGHT="78" WIDTH="220" HPOS="2572" VPOS="1586" CONTENT="tilkom" SUBS_TYPE="HypPart1" SUBS_CONTENT="tilkommende;" WC="0.65" LANG="dan"/>
							<HYP CONTENT="-"/>
						</TextLine>
						<TextLine ID="LINE12" HEIGHT="105" WIDTH="1972" HPOS="852" VPOS="1696">
							<String ID="STRING77" STYLEREFS="STYLE2" HEIGHT="92" WIDTH="272" HPOS="852" VPOS="1709" CONTENT="mende;" SUBS_TYPE="HypPart2" SUBS_CONTENT="tilkommende;" WC="0.77" LANG="dan"/>
							<SP ID="SP66" WIDTH="102" HPOS="1124" VPOS="1709"/>
							<String ID="STRING78" STYLEREFS="STYLE2" HEIGHT="74" WIDTH="78" HPOS="1226" VPOS="1707" CONTENT="de" WC="0.67" LANG="dan"/>
							<SP ID="SP67" WIDTH="80" HPOS="1304" VPOS="1707"/>
							<String ID="STRING79" STYLEREFS="STYLE2" HEIGHT="94" WIDTH="386" HPOS="1384" VPOS="1702" CONTENT="urimeligste" WC="0.69" LANG="dan"/>
							<SP ID="SP68" WIDTH="76" HPOS="1770" VPOS="1702"/>
							<String ID="STRING80" STYLEREFS="STYLE2" HEIGHT="97" WIDTH="384" HPOS="1846" VPOS="1696" CONTENT="Gisninger" WC="0.71" LANG="dan"/>
							<SP ID="SP69" WIDTH="66" HPOS="2230" VPOS="1696"/>
							<String ID="STRING81" STYLEREFS="STYLE2" HEIGHT="58" WIDTH="98" HPOS="2296" VPOS="1721" CONTENT="ere" WC="0.92" LANG="dan"/>
							<SP ID="SP70" WIDTH="56" HPOS="2394" VPOS="1721"/>
							<String ID="STRING82" STYLEREFS="STYLE2" HEIGHT="94" WIDTH="66" HPOS="2450" VPOS="1699" CONTENT="jo" WC="0.55" LANG="dan"/>
							<SP ID="SP71" WIDTH="68" HPOS="2516" VPOS="1699"/>
							<String ID="STRING83" STYLEREFS="STYLE2" HEIGHT="74" WIDTH="240" HPOS="2584" VPOS="1706" CONTENT="derved" WC="0.8" LANG="dan"/>
						</TextLine>
						<TextLine ID="LINE13" HEIGHT="99" WIDTH="1942" HPOS="856" VPOS="1812">
							<String ID="STRING84" STYLEREFS="STYLE2" HEIGHT="78" WIDTH="226" HPOS="856" VPOS="1826" CONTENT="blevne" WC="0.88" LANG="dan"/>
							<SP ID="SP72" WIDTH="63" HPOS="1082" VPOS="1826"/>
							<String ID="STRING85" STYLEREFS="STYLE1" HEIGHT="79" WIDTH="287" HPOS="1145" VPOS="1831" CONTENT="antagne" WC="0.85" LANG="dan"/>
							<SP ID="SP73" WIDTH="60" HPOS="1432" VPOS="1831"/>
							<String ID="STRING86" STYLEREFS="STYLE2" HEIGHT="96" WIDTH="134" HPOS="1492" VPOS="1812" CONTENT="som" WC="0.53" LANG="dan"/>
							<SP ID="SP74" WIDTH="50" HPOS="1626" VPOS="1812"/>
							<String ID="STRING87" STYLEREFS="STYLE2" HEIGHT="99" WIDTH="582" HPOS="1676" VPOS="1812" CONTENT="Grundseminger" WC="0.76" LANG="dan"/>
							<SP ID="SP75" WIDTH="68" HPOS="2258" VPOS="1812"/>
							<String ID="STRING88" STYLEREFS="STYLE2" HEIGHT="78" WIDTH="22" HPOS="2326" VPOS="1817" CONTENT="i" WC="0.67" LANG="dan"/>
							<SP ID="SP76" WIDTH="76" HPOS="2348" VPOS="1817"/>
							<String ID="STRING89" STYLEREFS="STYLE2" HEIGHT="60" WIDTH="76" HPOS="2424" VPOS="1835" CONTENT="en" WC="1" LANG="dan"/>
							<SP ID="SP77" WIDTH="71" HPOS="2500" VPOS="1835"/>
							<String ID="STRING90" STYLEREFS="STYLE1" HEIGHT="93" WIDTH="227" HPOS="2571" VPOS="1814" CONTENT="Spaa" SUBS_TYPE="HypPart1" SUBS_CONTENT="Spaadoms-Kons" WC="0.83" LANG="dan"/>
							<HYP CONTENT="-"/>
						</TextLine>
						<TextLine ID="LINE14" HEIGHT="100" WIDTH="1970" HPOS="855" VPOS="1931">
							<String ID="STRING91" STYLEREFS="STYLE1" HEIGHT="96" WIDTH="454" HPOS="855" VPOS="1931" CONTENT="doms-Kons" SUBS_TYPE="HypPart2" SUBS_CONTENT="Spaadoms-Kons" WC="0.86" LANG="dan"/>
							<SP ID="SP78" WIDTH="75" HPOS="1309" VPOS="1931"/>
							<String ID="STRING92" STYLEREFS="STYLE2" HEIGHT="80" WIDTH="184" HPOS="1384" VPOS="1933" CONTENT="blam" WC="0.72" LANG="dan"/>
							<SP ID="SP79" WIDTH="48" HPOS="1568" VPOS="1933"/>
							<String ID="STRING93" STYLEREFS="STYLE2" HEIGHT="74" WIDTH="189" HPOS="1616" VPOS="1936" CONTENT="ellers" WC="0.94" LANG="dan"/>
							<SP ID="SP80" WIDTH="67" HPOS="1805" VPOS="1936"/>
							<String ID="STRING94" STYLEREFS="STYLE2" HEIGHT="77" WIDTH="195" HPOS="1872" VPOS="1936" CONTENT="lærde" WC="0.86" LANG="dan"/>
							<SP ID="SP81" WIDTH="47" HPOS="2067" VPOS="1936"/>
							<String ID="STRING95" STYLEREFS="STYLE2" HEIGHT="100" WIDTH="207" HPOS="2114" VPOS="1931" CONTENT="Folk," WC="0.84" LANG="dan"/>
							<SP ID="SP82" WIDTH="87" HPOS="2321" VPOS="1931"/>
							<String ID="STRING96" STYLEREFS="STYLE2" HEIGHT="60" WIDTH="169" HPOS="2408" VPOS="1951" CONTENT="naar" WC="0.82" LANG="dan"/>
							<SP ID="SP83" WIDTH="59" HPOS="2577" VPOS="1951"/>
							<String ID="STRING97" STYLEREFS="STYLE2" HEIGHT="76" WIDTH="189" HPOS="2636" VPOS="1936" CONTENT="deres" WC="0.8" LANG="dan"/>
						</TextLine>
						<TextLine ID="LINE15" HEIGHT="103" WIDTH="960" HPOS="857" VPOS="2044">
							<String ID="STRING98" STYLEREFS="STYLE2" HEIGHT="96" WIDTH="322" HPOS="857" VPOS="2051" CONTENT="Religion" WC="0.8" LANG="dan"/>
							<SP ID="SP84" WIDTH="46" HPOS="1179" VPOS="2051"/>
							<String ID="STRING99" STYLEREFS="STYLE2" HEIGHT="62" WIDTH="126" HPOS="1225" VPOS="2065" CONTENT="var" WC="0.87" LANG="dan"/>
							<SP ID="SP85" WIDTH="36" HPOS="1351" VPOS="2065"/>
							<String ID="STRING100" STYLEREFS="STYLE2" HEIGHT="98" WIDTH="430" HPOS="1387" VPOS="2044" CONTENT="vildfarende." WC="0.85" LANG="dan"/>
						</TextLine>
					</TextBlock>
					<TextBlock xs:type="TextBlockType" ID="ZONE1300737" HEIGHT="1376" WIDTH="1988" HPOS="853" VPOS="2270" xlink:type="simple">
						<TextLine ID="LINE16" HEIGHT="97" WIDTH="1686" HPOS="1119" VPOS="2272">
							<String ID="STRING101" STYLEREFS="STYLE2" HEIGHT="88" WIDTH="184" HPOS="1119" VPOS="2279" CONTENT="Den" WC="0.77" LANG="dan"/>
							<SP ID="SP86" WIDTH="64" HPOS="1303" VPOS="2279"/>
							<String ID="STRING102" STYLEREFS="STYLE2" HEIGHT="80" WIDTH="454" HPOS="1367" VPOS="2275" CONTENT="aabenbarede" WC="0.75" LANG="dan"/>
							<SP ID="SP87" WIDTH="62" HPOS="1821" VPOS="2275"/>
							<String ID="STRING103" STYLEREFS="STYLE2" HEIGHT="97" WIDTH="322" HPOS="1883" VPOS="2272" CONTENT="Religion" WC="0.78" LANG="dan"/>
							<SP ID="SP88" WIDTH="66" HPOS="2205" VPOS="2272"/>
							<String ID="STRING104" STYLEREFS="STYLE2" HEIGHT="86" WIDTH="300" HPOS="2271" VPOS="2281" CONTENT="veyleder" WC="0.77" LANG="dan"/>
							<SP ID="SP89" WIDTH="58" HPOS="2571" VPOS="2281"/>
							<String ID="STRING105" STYLEREFS="STYLE2" HEIGHT="70" WIDTH="70" HPOS="2629" VPOS="2296" CONTENT="ey" WC="1" LANG="dan"/>
							<SP ID="SP90" WIDTH="42" HPOS="2699" VPOS="2296"/>
							<String ID="STRING106" STYLEREFS="STYLE2" HEIGHT="74" WIDTH="64" HPOS="2741" VPOS="2282" CONTENT="al" SUBS_TYPE="HypPart1" SUBS_CONTENT="allene" WC="1" LANG="nob"/>
							<HYP CONTENT="-"/>
						</TextLine>
						<TextLine ID="LINE17" HEIGHT="103" WIDTH="1974" HPOS="855" VPOS="2388">
							<String ID="STRING107" STYLEREFS="STYLE2" HEIGHT="76" WIDTH="140" HPOS="855" VPOS="2408" CONTENT="lene" SUBS_TYPE="HypPart2" SUBS_CONTENT="allene" WC="0.84" LANG="nob"/>
							<SP ID="SP91" WIDTH="64" HPOS="995" VPOS="2408"/>
							<String ID="STRING108" STYLEREFS="STYLE2" HEIGHT="64" WIDTH="72" HPOS="1059" VPOS="2415" CONTENT="at" WC="0.65" LANG="dan"/>
							<SP ID="SP92" WIDTH="64" HPOS="1131" VPOS="2415"/>
							<String ID="STRING109" STYLEREFS="STYLE2" HEIGHT="94" WIDTH="252" HPOS="1195" VPOS="2397" CONTENT="ffiønne" WC="0.77" LANG="dan"/>
							<SP ID="SP93" WIDTH="56" HPOS="1447" VPOS="2397"/>
							<String ID="STRING110" STYLEREFS="STYLE2" HEIGHT="72" WIDTH="134" HPOS="1503" VPOS="2412" CONTENT="paa" WC="0.82" LANG="dan"/>
							<SP ID="SP94" WIDTH="44" HPOS="1637" VPOS="2412"/>
							<String ID="STRING111" STYLEREFS="STYLE2" HEIGHT="74" WIDTH="102" HPOS="1681" VPOS="2396" CONTENT="det" WC="0.57" LANG="dan"/>
							<SP ID="SP95" WIDTH="60" HPOS="1783" VPOS="2396"/>
							<String ID="STRING112" STYLEREFS="STYLE2" HEIGHT="98" WIDTH="282" HPOS="1843" VPOS="2388" CONTENT="Nyttige" WC="0.52" LANG="dan"/>
							<SP ID="SP96" WIDTH="64" HPOS="2125" VPOS="2388"/>
							<String ID="STRING113" STYLEREFS="STYLE2" HEIGHT="74" WIDTH="18" HPOS="2189" VPOS="2393" CONTENT="i" WC="0.87" LANG="dan"/>
							<SP ID="SP97" WIDTH="54" HPOS="2207" VPOS="2393"/>
							<String ID="STRING114" STYLEREFS="STYLE2" HEIGHT="98" WIDTH="568" HPOS="2261" VPOS="2389" CONTENT="Videnskab.rne," WC="0.67" LANG="dan"/>
						</TextLine>
						<TextLine ID="LINE18" HEIGHT="99" WIDTH="1973" HPOS="859" VPOS="2506">
							<String ID="STRING115" STYLEREFS="STYLE2" HEIGHT="60" WIDTH="151" HPOS="859" VPOS="2537" CONTENT="men" WC="0.75" LANG="dan"/>
							<SP ID="SP98" WIDTH="67" HPOS="1010" VPOS="2537"/>
							<String ID="STRING116" STYLEREFS="STYLE2" HEIGHT="72" WIDTH="125" HPOS="1077" VPOS="2521" CONTENT="den" WC="0.78" LANG="dan"/>
							<SP ID="SP99" WIDTH="53" HPOS="1202" VPOS="2521"/>
							<String ID="STRING117" STYLEREFS="STYLE2" HEIGHT="94" WIDTH="151" HPOS="1255" VPOS="2511" CONTENT="giør" WC="0.83" LANG="dan"/>
							<SP ID="SP100" WIDTH="67" HPOS="1406" VPOS="2511"/>
							<String ID="STRING118" STYLEREFS="STYLE2" HEIGHT="72" WIDTH="147" HPOS="1473" VPOS="2512" CONTENT="dem" WC="0.66" LANG="dan"/>
							<SP ID="SP101" WIDTH="57" HPOS="1620" VPOS="2512"/>
							<String ID="STRING119" STYLEREFS="STYLE2" HEIGHT="92" WIDTH="197" HPOS="1677" VPOS="2506" CONTENT="tillige" WC="0.81" LANG="dan"/>
							<SP ID="SP102" WIDTH="65" HPOS="1874" VPOS="2506"/>
							<String ID="STRING120" STYLEREFS="STYLE2" HEIGHT="94" WIDTH="343" HPOS="1939" VPOS="2507" CONTENT="nyttigere," WC="0.69" LANG="dan"/>
							<SP ID="SP103" WIDTH="65" HPOS="2282" VPOS="2507"/>
							<String ID="STRING121" STYLEREFS="STYLE2" HEIGHT="72" WIDTH="123" HPOS="2347" VPOS="2513" CONTENT="end" WC="0.8" LANG="dan"/>
							<SP ID="SP104" WIDTH="63" HPOS="2470" VPOS="2513"/>
							<String ID="STRING122" STYLEREFS="STYLE2" HEIGHT="73" WIDTH="75" HPOS="2533" VPOS="2513" CONTENT="de" WC="0.77" LANG="dan"/>
							<SP ID="SP105" WIDTH="51" HPOS="2608" VPOS="2513"/>
							<String ID="STRING123" STYLEREFS="STYLE2" HEIGHT="72" WIDTH="173" HPOS="2659" VPOS="2512" CONTENT="uden" WC="0.79" LANG="dan"/>
						</TextLine>
						<TextLine ID="LINE19" HEIGHT="99" WIDTH="1946" HPOS="862" VPOS="2619">
							<String ID="STRING124" STYLEREFS="STYLE2" HEIGHT="74" WIDTH="128" HPOS="862" VPOS="2638" CONTENT="den" WC="0.85" LANG="dan"/>
							<SP ID="SP106" WIDTH="66" HPOS="990" VPOS="2638"/>
							<String ID="STRING125" STYLEREFS="STYLE2" HEIGHT="74" WIDTH="188" HPOS="1056" VPOS="2635" CONTENT="ellers" WC="1" LANG="dan"/>
							<SP ID="SP107" WIDTH="68" HPOS="1244" VPOS="2635"/>
							<String ID="STRING126" STYLEREFS="STYLE2" HEIGHT="91" WIDTH="392" HPOS="1312" VPOS="2626" CONTENT="nogensinde" WC="0.81" LANG="dan"/>
							<SP ID="SP108" WIDTH="42" HPOS="1704" VPOS="2626"/>
							<String ID="STRING127" STYLEREFS="STYLE2" HEIGHT="76" WIDTH="208" HPOS="1746" VPOS="2622" CONTENT="kunde" WC="0.81" LANG="dan"/>
							<SP ID="SP109" WIDTH="46" HPOS="1954" VPOS="2622"/>
							<String ID="STRING128" STYLEREFS="STYLE2" HEIGHT="78" WIDTH="188" HPOS="2000" VPOS="2619" CONTENT="blive." WC="0.78" LANG="dan"/>
							<SP ID="SP110" WIDTH="118" HPOS="2188" VPOS="2619"/>
							<String ID="STRING129" STYLEREFS="STYLE2" HEIGHT="84" WIDTH="108" HPOS="2306" VPOS="2619" CONTENT="En" WC="1" LANG="dan"/>
							<SP ID="SP111" WIDTH="40" HPOS="2414" VPOS="2619"/>
							<String ID="STRING130" STYLEREFS="STYLE2" HEIGHT="77" WIDTH="214" HPOS="2454" VPOS="2641" CONTENT="vrang" WC="0.9" LANG="dan"/>
							<SP ID="SP112" WIDTH="28" HPOS="2668" VPOS="2641"/>
							<String ID="STRING131" STYLEREFS="STYLE2" HEIGHT="82" WIDTH="112" HPOS="2696" VPOS="2620" CONTENT="Re" SUBS_TYPE="HypPart1" SUBS_CONTENT="Religions" WC="0.73" LANG="dan"/>
							<HYP CONTENT="-"/>
						</TextLine>
						<TextLine ID="LINE20" HEIGHT="134" WIDTH="1976" HPOS="858" VPOS="2733">
							<String ID="STRING132" STYLEREFS="STYLE2" HEIGHT="120" WIDTH="248" HPOS="858" VPOS="2747" CONTENT="ligions" SUBS_TYPE="HypPart2" SUBS_CONTENT="Religions" WC="0.63" LANG="dan"/>
							<SP ID="SP113" WIDTH="22" HPOS="1106" VPOS="2747"/>
							<String ID="STRING133" STYLEREFS="STYLE2" HEIGHT="98" WIDTH="226" HPOS="1128" VPOS="2741" CONTENT="holder" WC="0.76" LANG="dan"/>
							<SP ID="SP114" WIDTH="70" HPOS="1354" VPOS="2741"/>
							<String ID="STRING134" STYLEREFS="STYLE2" HEIGHT="73" WIDTH="124" HPOS="1424" VPOS="2742" CONTENT="ved" WC="0.85" LANG="dan"/>
							<SP ID="SP115" WIDTH="66" HPOS="1548" VPOS="2742"/>
							<String ID="STRING135" STYLEREFS="STYLE2" HEIGHT="96" WIDTH="146" HPOS="1614" VPOS="2736" CONTENT="Lige" WC="0.58" LANG="dan"/>
							<SP ID="SP116" WIDTH="80" HPOS="1760" VPOS="2736"/>
							<String ID="STRING136" STYLEREFS="STYLE2" HEIGHT="72" WIDTH="240" HPOS="1840" VPOS="2755" CONTENT="mange" WC="0.96" LANG="dan"/>
							<SP ID="SP117" WIDTH="72" HPOS="2080" VPOS="2755"/>
							<String ID="STRING137" STYLEREFS="STYLE2" HEIGHT="100" WIDTH="462" HPOS="2152" VPOS="2733" CONTENT="Fordomme," WC="0.6" LANG="dan"/>
							<SP ID="SP118" WIDTH="88" HPOS="2614" VPOS="2733"/>
							<String ID="STRING138" STYLEREFS="STYLE2" HEIGHT="92" WIDTH="132" HPOS="2702" VPOS="2736" CONTENT="som" WC="0.7" LANG="dan"/>
						</TextLine>
						<TextLine ID="LINE21" HEIGHT="106" WIDTH="1978" HPOS="860" VPOS="2847">
							<String ID="STRING139" STYLEREFS="STYLE2" HEIGHT="94" WIDTH="338" HPOS="860" VPOS="2859" CONTENT="forhindre" WC="0.61" LANG="dan"/>
							<SP ID="SP119" WIDTH="42" HPOS="1198" VPOS="2859"/>
							<String ID="STRING140" STYLEREFS="STYLE2" HEIGHT="58" WIDTH="68" HPOS="1240" VPOS="2875" CONTENT="ar" WC="0.62" LANG="dan"/>
							<SP ID="SP120" WIDTH="54" HPOS="1308" VPOS="2875"/>
							<String ID="STRING141" STYLEREFS="STYLE2" HEIGHT="90" WIDTH="254" HPOS="1362" VPOS="2853" CONTENT="ffiønne" WC="0.68" LANG="dan"/>
							<SP ID="SP121" WIDTH="56" HPOS="1616" VPOS="2853"/>
							<String ID="STRING142" STYLEREFS="STYLE2" HEIGHT="78" WIDTH="160" HPOS="1672" VPOS="2852" CONTENT="altid" WC="0.63" LANG="dan"/>
							<SP ID="SP122" WIDTH="70" HPOS="1832" VPOS="2852"/>
							<String ID="STRING143" STYLEREFS="STYLE2" HEIGHT="72" WIDTH="106" HPOS="1902" VPOS="2856" CONTENT="det" WC="0.61" LANG="dan"/>
							<SP ID="SP123" WIDTH="64" HPOS="2008" VPOS="2856"/>
							<String ID="STRING144" STYLEREFS="STYLE2" HEIGHT="84" WIDTH="266" HPOS="2072" VPOS="2847" CONTENT="Sande" WC="0.79" LANG="dan"/>
							<SP ID="SP124" WIDTH="68" HPOS="2338" VPOS="2847"/>
							<String ID="STRING145" STYLEREFS="STYLE2" HEIGHT="78" WIDTH="82" HPOS="2406" VPOS="2869" CONTENT="og" WC="0.57" LANG="dan"/>
							<SP ID="SP125" WIDTH="66" HPOS="2488" VPOS="2869"/>
							<String ID="STRING146" STYLEREFS="STYLE2" HEIGHT="93" WIDTH="284" HPOS="2554" VPOS="2853" CONTENT="Nyttige" WC="0.57" LANG="dan"/>
						</TextLine>
						<TextLine ID="LINE22" HEIGHT="101" WIDTH="1952" HPOS="858" VPOS="2962">
							<String ID="STRING147" STYLEREFS="STYLE2" HEIGHT="78" WIDTH="24" HPOS="858" VPOS="2978" CONTENT="i" WC="0.4" LANG="dan"/>
							<SP ID="SP126" WIDTH="60" HPOS="882" VPOS="2978"/>
							<String ID="STRING148" STYLEREFS="STYLE2" HEIGHT="91" WIDTH="582" HPOS="942" VPOS="2971" CONTENT="Videnskaberne," WC="0.71" LANG="dan"/>
							<SP ID="SP127" WIDTH="78" HPOS="1524" VPOS="2971"/>
							<String ID="STRING149" STYLEREFS="STYLE2" HEIGHT="70" WIDTH="122" HPOS="1602" VPOS="2974" CONTENT="den" WC="0.76" LANG="dan"/>
							<SP ID="SP128" WIDTH="60" HPOS="1724" VPOS="2974"/>
							<String ID="STRING150" STYLEREFS="STYLE2" HEIGHT="94" WIDTH="342" HPOS="1784" VPOS="2962" CONTENT="efterlader" WC="0.72" LANG="dan"/>
							<SP ID="SP129" WIDTH="32" HPOS="2126" VPOS="2962"/>
							<String ID="STRING151" STYLEREFS="STYLE2" HEIGHT="98" WIDTH="270" HPOS="2158" VPOS="2965" CONTENT="Hierret" WC="0.53" LANG="dan"/>
							<SP ID="SP130" WIDTH="32" HPOS="2428" VPOS="2965"/>
							<String ID="STRING152" STYLEREFS="STYLE2" HEIGHT="73" WIDTH="214" HPOS="2460" VPOS="2974" CONTENT="under" WC="0.82" LANG="dan"/>
							<SP ID="SP131" WIDTH="72" HPOS="2674" VPOS="2974"/>
							<String ID="STRING153" STYLEREFS="STYLE2" HEIGHT="80" WIDTH="64" HPOS="2746" VPOS="2968" CONTENT="Li" SUBS_TYPE="HypPart1" SUBS_CONTENT="Lidenskabernes" WC="0.69" LANG="dan"/>
							<HYP CONTENT="-"/>
						</TextLine>
						<TextLine ID="LINE23" HEIGHT="100" WIDTH="1981" HPOS="860" VPOS="3081">
							<String ID="STRING154" STYLEREFS="STYLE2" HEIGHT="94" WIDTH="465" HPOS="860" VPOS="3087" CONTENT="denskabernes" SUBS_TYPE="HypPart2" SUBS_CONTENT="Lidenskabernes" WC="0.86" LANG="dan"/>
							<SP ID="SP132" WIDTH="65" HPOS="1325" VPOS="3087"/>
							<String ID="STRING155" STYLEREFS="STYLE2" HEIGHT="97" WIDTH="549" HPOS="1390" VPOS="3081" CONTENT="Herredomme," WC="0.65" LANG="dan"/>
							<SP ID="SP133" WIDTH="94" HPOS="1939" VPOS="3081"/>
							<String ID="STRING156" STYLEREFS="STYLE2" HEIGHT="74" WIDTH="80" HPOS="2033" VPOS="3103" CONTENT="og" WC="0.38" LANG="dan"/>
							<SP ID="SP134" WIDTH="62" HPOS="2113" VPOS="3103"/>
							<String ID="STRING157" STYLEREFS="STYLE2" HEIGHT="56" WIDTH="56" HPOS="2175" VPOS="3103" CONTENT="er" WC="0.61" LANG="dan"/>
							<SP ID="SP135" WIDTH="51" HPOS="2231" VPOS="3103"/>
							<String ID="STRING158" STYLEREFS="STYLE2" HEIGHT="98" WIDTH="279" HPOS="2282" VPOS="3081" CONTENT="såadant" WC="0.71" LANG="dan"/>
							<SP ID="SP136" WIDTH="41" HPOS="2561" VPOS="3081"/>
							<String ID="STRING159" STYLEREFS="STYLE2" HEIGHT="94" WIDTH="239" HPOS="2602" VPOS="3084" CONTENT="Hierte" WC="0.73" LANG="dan"/>
						</TextLine>
						<TextLine ID="LINE24" HEIGHT="100" WIDTH="1950" HPOS="857" VPOS="3197">
							<String ID="STRING160" STYLEREFS="STYLE2" HEIGHT="91" WIDTH="182" HPOS="857" VPOS="3206" CONTENT="søger" WC="0.69" LANG="dan"/>
							<SP ID="SP137" WIDTH="66" HPOS="1039" VPOS="3206"/>
							<String ID="STRING161" STYLEREFS="STYLE2" HEIGHT="78" WIDTH="132" HPOS="1105" VPOS="3203" CONTENT="blot" WC="0.51" LANG="dan"/>
							<SP ID="SP138" WIDTH="94" HPOS="1237" VPOS="3203"/>
							<String ID="STRING162" STYLEREFS="STYLE2" HEIGHT="72" WIDTH="154" HPOS="1331" VPOS="3219" CONTENT="egen" WC="0.83" LANG="dan"/>
							<SP ID="SP139" WIDTH="63" HPOS="1485" VPOS="3219"/>
							<String ID="STRING163" STYLEREFS="STYLE4" HEIGHT="78" WIDTH="177" HPOS="1548" VPOS="3199" CONTENT="Ære" WC="0.86" LANG="dan"/>
							<SP ID="SP140" WIDTH="76" HPOS="1725" VPOS="3199"/>
							<String ID="STRING164" STYLEREFS="STYLE2" HEIGHT="70" WIDTH="146" HPOS="1801" VPOS="3204" CONTENT="eller" WC="0.9" LANG="dan"/>
							<SP ID="SP141" WIDTH="74" HPOS="1947" VPOS="3204"/>
							<String ID="STRING165" STYLEREFS="STYLE2" HEIGHT="98" WIDTH="284" HPOS="2021" VPOS="3197" CONTENT="Fordeel" WC="0.73" LANG="dan"/>
							<SP ID="SP142" WIDTH="70" HPOS="2305" VPOS="3197"/>
							<String ID="STRING166" STYLEREFS="STYLE2" HEIGHT="72" WIDTH="124" HPOS="2375" VPOS="3205" CONTENT="ved" WC="0.82" LANG="dan"/>
							<SP ID="SP143" WIDTH="62" HPOS="2499" VPOS="3205"/>
							<String ID="STRING167" STYLEREFS="STYLE2" HEIGHT="83" WIDTH="246" HPOS="2561" VPOS="3197" CONTENT="Viden" SUBS_TYPE="HypPart1" SUBS_CONTENT="Videnskabers" WC="0.66" LANG="dan"/>
							<HYP CONTENT="-"/>
						</TextLine>
						<TextLine ID="LINE25" HEIGHT="98" WIDTH="1952" HPOS="855" VPOS="3312">
							<String ID="STRING168" STYLEREFS="STYLE2" HEIGHT="93" WIDTH="260" HPOS="855" VPOS="3317" CONTENT="skabers" SUBS_TYPE="HypPart2" SUBS_CONTENT="Videnskabers" WC="0.57" LANG="dan"/>
							<SP ID="SP144" WIDTH="60" HPOS="1115" VPOS="3317"/>
							<String ID="STRING169" STYLEREFS="STYLE2" HEIGHT="95" WIDTH="416" HPOS="1175" VPOS="3313" CONTENT="Dyrkning," WC="0.72" LANG="dan"/>
							<SP ID="SP145" WIDTH="70" HPOS="1591" VPOS="3313"/>
							<String ID="STRING170" STYLEREFS="STYLE2" HEIGHT="70" WIDTH="104" HPOS="1661" VPOS="3318" CONTENT="det" WC="0.6" LANG="dan"/>
							<SP ID="SP146" WIDTH="50" HPOS="1765" VPOS="3318"/>
							<String ID="STRING171" STYLEREFS="STYLE2" HEIGHT="78" WIDTH="202" HPOS="1815" VPOS="3312" CONTENT="bliver" WC="0.74" LANG="dan"/>
							<SP ID="SP147" WIDTH="70" HPOS="2017" VPOS="3312"/>
							<String ID="STRING172" STYLEREFS="STYLE2" HEIGHT="90" WIDTH="252" HPOS="2087" VPOS="3315" CONTENT="driftigt" WC="0.58" LANG="dan"/>
							<SP ID="SP148" WIDTH="40" HPOS="2339" VPOS="3315"/>
							<String ID="STRING173" STYLEREFS="STYLE2" HEIGHT="74" WIDTH="74" HPOS="2379" VPOS="3317" CONTENT="til" WC="0.83" LANG="dan"/>
							<SP ID="SP149" WIDTH="62" HPOS="2453" VPOS="3317"/>
							<String ID="STRING174" STYLEREFS="STYLE2" HEIGHT="60" WIDTH="70" HPOS="2515" VPOS="3331" CONTENT="at" WC="0.87" LANG="dan"/>
							<SP ID="SP150" WIDTH="64" HPOS="2585" VPOS="3331"/>
							<String ID="STRING175" STYLEREFS="STYLE2" HEIGHT="72" WIDTH="158" HPOS="2649" VPOS="3318" CONTENT="mod" SUBS_TYPE="HypPart1" SUBS_CONTENT="modsige" WC="0.55" LANG="dan"/>
							<HYP CONTENT="-"/>
						</TextLine>
						<TextLine ID="LINE26" HEIGHT="102" WIDTH="1950" HPOS="857" VPOS="3426">
							<String ID="STRING176" STYLEREFS="STYLE2" HEIGHT="92" WIDTH="128" HPOS="857" VPOS="3436" CONTENT="sige" SUBS_TYPE="HypPart2" SUBS_CONTENT="modsige" WC="0.5" LANG="dan"/>
							<SP ID="SP151" WIDTH="42" HPOS="985" VPOS="3436"/>
							<String ID="STRING177" STYLEREFS="STYLE2" HEIGHT="72" WIDTH="76" HPOS="1027" VPOS="3437" CONTENT="de" WC="0.65" LANG="dan"/>
							<SP ID="SP152" WIDTH="44" HPOS="1103" VPOS="3437"/>
							<String ID="STRING178" STYLEREFS="STYLE2" HEIGHT="93" WIDTH="486" HPOS="1147" VPOS="3428" CONTENT="allertydeligste" WC="0.83" LANG="dan"/>
							<SP ID="SP153" WIDTH="36" HPOS="1633" VPOS="3428"/>
							<String ID="STRING179" STYLEREFS="STYLE2" HEIGHT="96" WIDTH="426" HPOS="1669" VPOS="3426" CONTENT="Sandheder" WC="0.72" LANG="dan"/>
							<SP ID="SP154" WIDTH="42" HPOS="2095" VPOS="3426"/>
							<String ID="STRING180" STYLEREFS="STYLE2" HEIGHT="70" WIDTH="78" HPOS="2137" VPOS="3447" CONTENT="og" WC="0.51" LANG="dan"/>
							<SP ID="SP155" WIDTH="32" HPOS="2215" VPOS="3447"/>
							<String ID="STRING181" STYLEREFS="STYLE2" HEIGHT="60" WIDTH="68" HPOS="2247" VPOS="3445" CONTENT="at" WC="0.64" LANG="dan"/>
							<SP ID="SP156" WIDTH="44" HPOS="2315" VPOS="3445"/>
							<String ID="STRING182" STYLEREFS="STYLE2" HEIGHT="90" WIDTH="238" HPOS="2359" VPOS="3431" CONTENT="udgive" WC="0.65" LANG="dan"/>
							<SP ID="SP157" WIDTH="30" HPOS="2597" VPOS="3431"/>
							<String ID="STRING183" STYLEREFS="STYLE2" HEIGHT="80" WIDTH="180" HPOS="2627" VPOS="3426" CONTENT="Mue" SUBS_TYPE="HypPart1" SUBS_CONTENT="Mueligheder" WC="0.73" LANG="dan"/>
							<HYP CONTENT="-"/>
						</TextLine>
						<TextLine ID="LINE27" HEIGHT="106" WIDTH="1972" HPOS="869" VPOS="3539">
							<String ID="STRING184" STYLEREFS="STYLE2" HEIGHT="98" WIDTH="282" HPOS="869" VPOS="3547" CONTENT="ligheder" SUBS_TYPE="HypPart2" SUBS_CONTENT="Mueligheder" WC="0.7" LANG="dan"/>
							<SP ID="SP158" WIDTH="38" HPOS="1151" VPOS="3547"/>
							<String ID="STRING185" STYLEREFS="STYLE2" HEIGHT="98" WIDTH="106" HPOS="1189" VPOS="3543" CONTENT="for" WC="0.69" LANG="dan"/>
							<SP ID="SP159" WIDTH="46" HPOS="1295" VPOS="3543"/>
							<String ID="STRING186" STYLEREFS="STYLE2" HEIGHT="99" WIDTH="548" HPOS="1341" VPOS="3539" CONTENT="Virkeligheder," WC="0.68" LANG="dan"/>
							<SP ID="SP160" WIDTH="66" HPOS="1889" VPOS="3539"/>
							<String ID="STRING187" STYLEREFS="STYLE2" HEIGHT="72" WIDTH="110" HPOS="1955" VPOS="3548" CONTENT="det" WC="0.57" LANG="dan"/>
							<SP ID="SP161" WIDTH="44" HPOS="2065" VPOS="3548"/>
							<String ID="STRING188" STYLEREFS="STYLE2" HEIGHT="100" WIDTH="392" HPOS="2109" VPOS="3539" CONTENT="sandsynlige" WC="0.75" LANG="dan"/>
							<SP ID="SP162" WIDTH="54" HPOS="2501" VPOS="3539"/>
							<String ID="STRING189" STYLEREFS="STYLE2" HEIGHT="97" WIDTH="106" HPOS="2555" VPOS="3539" CONTENT="for" WC="0.76" LANG="dan"/>
							<SP ID="SP163" WIDTH="54" HPOS="2661" VPOS="3539"/>
							<String ID="STRING190" STYLEREFS="STYLE2" HEIGHT="94" WIDTH="126" HPOS="2715" VPOS="3544" CONTENT="vist" WC="0.75" LANG="dan"/>
						</TextLine>
					</TextBlock>
					<TextBlock xs:type="TextBlockType" ID="ZONE1300738" HEIGHT="76" WIDTH="82" HPOS="2762" VPOS="3678" xlink:type="simple">
						<TextLine ID="LINE28" HEIGHT="76" WIDTH="82" HPOS="2762" VPOS="3678">
							<String ID="STRING191" STYLEREFS="STYLE2" HEIGHT="76" WIDTH="82" HPOS="2762" VPOS="3678" CONTENT="og" WC="0.34" LANG="dan"/>
						</TextLine>
					</TextBlock>
				</ComposedBlock>
			</PrintSpace>
		</Page>
	</Layout>
</alto>
