3140 4478
1067 515 500 128 Göphr'6
1655 506 602 137 ßvibttitd
2345 541 192 84 agtes
2633 551 74 60 en
2787 542 234 98 værdig

1067 646 304 103 Gemahl
1429 644 106 102 for
1595 666 78 62 en
1731 634 544 120 Arve-Prms
2337 628 336 133 Fride
2693 638 98 102 ri
2809 666 72 76 c.

1250 875 246 100 Oftere
1586 872 234 104 forhen
1930 877 122 98 har
2136 882 108 78 det
2345 874 279 101 Danske
2706 867 276 117 Konge-

1062 980 262 119 Huns
1384 999 218 99 flutter
1668 999 148 74 med
1858 997 172 76 dette
2056 991 542 103 Høj-Fyrstelige
2628 995 218 100 Huns
2904 1002 90 94 lyk-

1057 1112 198 99 kelige
1319 1111 774 103 ALgte-Foreeninger,
2177 1105 83 102 og
2315 1112 220 96 holdte
2597 1115 68 78 vi
2723 1136 72 70 ey
2857 1136 134 64 men-

1059 1227 284 98 niffelige
1455 1226 496 98 Spaadomme
2039 1223 110 97 for
2239 1224 430 88 Overtroens
2747 1230 264 100 Fostre,

1059 1344 213 81 kunde
1337 1343 145 102 fligt
1547 1348 349 91 udtydes,
1995 1341 137 96 som
2211 1348 167 92 gode
2457 1345 385 107 Forvarfler
2899 1356 109 76 ved

1058 1466 126 77 den
1252 1449 232 114 Høye
1550 1460 452 100 Formæling,
2090 1458 136 94 som
2304 1480 90 63 nu
2478 1461 174 96 ffrer.
2824 1462 182 88 Vort

1056 1575 218 104 Haab
1342 1575 122 94 har
1522 1596 78 60 en
1655 1573 215 98 visere
1960 1597 82 74 og
2118 1574 230 100 fastere
2434 1575 300 103 Grund,
2822 1572 184 90 dette

1058 1688 235 103 Høye
1352 1680 261 108 LEgte
1642 1720 35 46 -
1710 1680 247 119 Pars
2036 1691 433 103 Fredelighed
2534 1693 281 96 foreener
2874 1702 127 78 med

1049 1808 336 97 ffinnende
1431 1806 280 98 Dyder.
1869 1809 178 82 Med
2107 1814 132 94 stor
2309 1806 206 96 Tillid
2583 1813 72 80 til
2719 1818 118 78 den
2907 1812 78 86 Al-

1051 1921 374 100 lerhøjestes
1519 1922 260 102 Forsyn
1869 1927 174 80 kand
2137 1928 70 80 vi
2293 1925 220 98 derfor
2591 1949 132 76 paa
2819 1934 186 78 denne

1055 2028 277 99 Deres
1417 2038 191 102 Høje
1707 2040 453 101 Formælings
2251 2040 189 101 Dag
2539 2041 241 102 opløfte
2863 2064 143 64 vore

1048 2150 310 107 Hænder
1412 2158 74 82 til
1550 2154 390 104 Himmelen
2000 2164 150 78 med
2214 2163 318 96 alvorlige
2596 2159 312 88 Bønner.

1228 2385 179 85 Med
1470 2386 341 100 foreenede
1878 2389 281 102 Hiemr
2219 2414 82 76 og
2370 2392 277 85 Munde
2696 2392 181 97 ønske
2927 2414 70 76 og

1045 2503 234 82 tilbede
1343 2505 68 78 vi
1471 2492 260 114 Hans
1789 2495 456 116 Kongelige
2289 2497 450 112 Højhed-og
2785 2500 214 114 Høye

1043 2605 380 110 Gemahl
1501 2626 108 76 det
1697 2620 220 101 beste,
2001 2623 138 94 som
2219 2639 276 69 nævnes
2579 2627 190 81 kand:
2887 2630 110 76 den

1042 2730 228 89 Guds
1336 2735 226 99 Fred,
1644 2736 134 94 som
1812 2757 331 79 overgaae
2182 2750 66 76 al
2276 2743 398 98 menniffelig
2706 2738 288 104 Fornuft.

1040 2846 184 89 Den
1288 2845 166 87 blive
1522 2874 76 58 en
1666 2857 340 96 uryggelig
2094 2858 424 88 Grundvold
2602 2863 72 76 til
2750 2846 246 102 Deres

1040 2954 456 113 Kongelige
1544 2954 458 114 Højheders
2066 2978 398 98 uafladelige
2510 2971 464 102 Lyksaliggiørel-

1037 3078 92 95 se:
1189 3087 122 74 den
1385 3079 254 97 foreene
1707 3074 272 101 Deres
2067 3088 324 106 Hierter,
2489 3109 70 64 at
2621 3081 130 100 De
2823 3090 174 98 stedse

1035 3201 426 94 censsindede
1521 3220 192 62 maae
1771 3225 186 60 mene
2025 3227 82 75 og
2181 3210 150 80 ville
2399 3215 108 76 det
2569 3207 270 99 samme,
2911 3210 84 78 alt

1035 3314 137 97 der,
1235 3311 133 94 som
1401 3332 97 64 ret
1563 3338 81 76 og
1681 3321 473 99 velbehageligt
2217 3346 67 58 er
2349 3322 105 96 for
2493 3331 121 78 den
2661 3318 307 104 Allerhøje-

1034 3428 110 93 ste.
1272 3431 530 96 Ægtemanden-3
1872 3433 200 104 første
2130 3460 80 76 og
2280 3444 224 95 største
2562 3435 264 101 Stifter
2860 3444 108 90 glæ-

1034 3544 82 79 de
1178 3533 208 94 dette
1452 3538 214 112 Høje
1732 3539 198 118 Par
1998 3560 148 78 med
2214 3564 94 74 alt
2374 3562 108 77 det
2540 3555 230 99 Gode,
2830 3554 160 92 hans

2762 3668 233 88 Naade
