2856 4440
853 332 115 86 14

840 516 213 90 kunde
1122 525 277 90 vemes;
1484 536 147 62 men
1690 515 111 100 her
1870 514 169 90 kand
2124 529 151 76 med
2344 522 255 88 Grund
2668 528 107 88 ind-

841 642 251 78 vendes
1111 683 23 51 ,
1195 650 69 66 at
1303 631 239 96 samme
1591 651 125 62 var
1763 632 155 98 ham
1963 637 193 96 given
2197 643 121 78 ved
2375 648 399 90 guddomme-

842 756 88 94 lig
986 748 492 94 Aabenbarelse.
1590 747 404 98 Imidlertid
2062 774 66 60 er
2188 755 162 81 intet
2406 774 72 64 at
2536 759 240 83 indven-

841 872 82 78 de
981 871 156 77 mod
1203 864 176 98 hans
1437 865 362 95 uventelige
1867 864 408 107 Kyndighed
2337 892 110 60 om
2495 871 274 87 Viinav-

843 984 257 94 lingens
1150 976 348 114 vanskelige
1529 976 483 103 Behandling/
2075 1006 83 76 og
2205 987 207 94 ffulde
2457 1008 157 61 man
2675 992 127 83 ikke

846 1093 189 96 deraf
1092 1092 323 95 rimeligen
1464 1094 189 102 stutte
1730 1093 175 101 hans
1952 1096 364 101 Kundskab
2374 1118 109 66 om
2558 1109 105 77 det
2728 1110 77 81 tis

839 1209 588 103 Huusholdnmgs
1449 1240 20 24 -
1485 1206 320 95 Væsenet
1863 1230 170 65 mere
2097 1212 380 98 fornødne?
2553 1217 214 87 Kund-

839 1288 223 134 gaben
1126 1344 110 60 om
1292 1321 414 102 Vimvexten
1770 1346 64 60 er
1894 1333 128 92 dog
2090 1334 174 96 siden
2330 1334 138 80 tabt
2536 1357 80 72 og
2660 1336 108 94 sav-

839 1452 122 72 nes
1030 1441 127 100 hos
1224 1432 479 89 Grækerlands
1752 1462 81 74 og
1888 1441 309 98 Italiens
2251 1452 208 94 ældste
2522 1449 245 86 Beboe-

837 1572 93 66 re.
1041 1553 133 87 De
1217 1557 365 93 allerældste
1617 1551 643 107 Slægté-Registere
2297 1560 265 96 anfører
2589 1555 163 95 Mo-

836 1660 120 112 ses
970 1714 25 57 ,
1054 1669 132 94 som
1236 1667 324 83 bekiendte
1626 1685 82 80 og
1774 1668 104 98 for
1924 1671 270 100 Israels
2240 1677 168 100 Folk
2458 1697 71 80 ey
2562 1677 234 103 forhen

837 1787 392 93 Uvitterlige,
1329 1789 76 72 de
1463 1784 162 94 have
1665 1783 138 100 heel
1843 1789 330 99 rimeligen
2235 1810 198 66 været
2489 1791 78 98 af
2603 1801 190 77 deres

837 1899 339 103 Forfædre
1219 1895 333 101 ffriftligen
1595 1897 373 104 forfattede,
2019 1911 75 75 de
2140 1910 477 80 maatte-elers
2430 1916 188 75 ellers
2668 1934 94 58 næ-

834 2020 131 94 sten
1018 2013 151 96 efter
1230 2030 25 52 i
1276 2020 241 74 osode
1564 2012 185 85 Aars
1804 2018 253 100 Forløb
2106 2042 169 63 være
2322 2025 219 85 blevne
2604 2034 157 90 glem-

835 2148 62 62 te
975 2127 334 98 ligesaavel
1389 2129 182 83 blant
1671 2137 185 95 dette,
1929 2135 132 94 som
2151 2138 184 83 blant
2419 2146 77 77 de
2563 2144 227 94 øvrige

836 2244 206 98 Folk;
1108 2245 206 91 ffulde
1380 2260 71 79 ea
1520 2250 168 77 dette
1756 2256 182 90 giøre
1996 2257 122 73 den
2182 2254 462 101 Formodning
2702 2258 56 78 ri-

831 2362 230 93 melig,
1126 2358 69 92 ja
1253 2362 428 97 troeværdig,
1773 2382 70 62 at
1910 2363 529 105 Skrivekonsten
2508 2371 119 98 har
2682 2370 107 98 fra

832 2459 276 123 Nat-ryk
1163 2470 203 92 Tider
1415 2493 197 64 været
1669 2477 263 86 bevaret
1991 2481 181 83 blant
2237 2485 175 100 hans
2471 2483 287 103 gudfryg-

828 2590 126 98 tige
1014 2571 258 112 Afkom.

1023 2817 339 102 Skriften,
1433 2822 131 94 som
1626 2831 126 93 dog
1814 2826 266 86 beretter
2142 2837 188 92 nogle
2394 2836 254 82 mindre
2684 2834 70 84 be-

822 2934 271 100 tydelige
1132 2936 331 97 Konsters
1512 2938 421 105 Oprindelse,
2000 2954 263 76 mælder
2312 2950 51 92 ej
2420 2958 105 74 det
2570 2954 183 80 mind-

817 3057 83 93 ste
943 3057 107 74 oM
1123 3047 629 109 Skrivekonstens;
1841 3064 121 77 den
2049 3080 65 64 er
2165 3082 79 77 og
2299 3063 201 83 bliver
2541 3067 67 92 jo
2675 3064 107 96 for

818 3155 531 105 Videnskaberne
1426 3170 124 80 den
1624 3170 190 99 mees
1886 3173 394 96 fornødne?
2362 3200 146 59 men
2572 3185 210 77 denne

817 3277 366 96 Skriftens
1243 3278 426 105 Stiltienhed
1745 3286 188 98 synes
2017 3292 174 97 Mig,
2269 3279 510 115 Højstærede!

815 3410 73 66 at
931 3395 473 96 tilkiendegive,
1467 3414 71 64 at
1585 3405 199 75 denne
1821 3402 219 98 Konst
2089 3404 119 96 har
2247 3424 199 63 været
2485 3407 295 81 bekiendr

814 3513 197 96 længe
1054 3503 103 104 for
1200 3508 283 108 Floden,
1554 3509 229 104 ligefra
1836 3512 337 92 Verdens
2230 3523 371 100 allerældste
2660 3520 87 90 Ti-

2649 3642 136 80 der.
