<?xml version="1.0" encoding="utf-8"?>
<alto xmlns="http://www.loc.gov/standards/alto/ns-v3#" xmlns:xs="http://www.w3.org/2001/XMLSchema-instance" xmlns:xlink="http://www.w3.org/1999/xlink">
	<Description>
		<MeasurementUnit>pixel</MeasurementUnit>
		<sourceImageInformation>
			<fileName>130017168100_2_022_012_007.tif</fileName>
		</sourceImageInformation>
		<OCRProcessing ID="OCR1">
			<ocrProcessingStep>
				<processingDateTime>2018-09-15</processingDateTime>
				<processingAgency>Zissor AS</processingAgency>
				<processingStepSettings>Combined OCR</processingStepSettings>
				<processingSoftware>
					<softwareCreator>Zissor AS</softwareCreator>
					<softwareName>ContentOCR-11; ContentOCR-Tesseract</softwareName>
					<softwareVersion>2.0.2; 2.0.0</softwareVersion>
					<applicationDescription>OCR Component for Zissor Content System</applicationDescription>
				</processingSoftware>
			</ocrProcessingStep>
		</OCRProcessing>
	</Description>
	<Styles>
		<TextStyle ID="STYLE1" FONTFAMILY="Arial" FONTSIZE="14" FONTSTYLE=""/>
		<TextStyle ID="STYLE2" FONTFAMILY="Times New Roman" FONTSIZE="14" FONTSTYLE="bold italics"/>
		<TextStyle ID="STYLE3" FONTFAMILY="Times New Roman" FONTSIZE="14" FONTSTYLE=""/>
		<TextStyle ID="STYLE4" FONTFAMILY="Arial" FONTSIZE="13" FONTSTYLE=""/>
		<TextStyle ID="STYLE5" FONTFAMILY="Arial" FONTSIZE="15" FONTSTYLE=""/>
		<TextStyle ID="STYLE6" FONTFAMILY="Times New Roman" FONTSIZE="13" FONTSTYLE="bold"/>
		<TextStyle ID="STYLE7" FONTFAMILY="Times New Roman" FONTSIZE="23" FONTSTYLE=""/>
		<TextStyle ID="STYLE8" FONTFAMILY="Times New Roman" FONTSIZE="18" FONTSTYLE="bold italics"/>
	</Styles>
	<Layout>
		<Page ID="PAGE369" HEIGHT="4470" WIDTH="3042" PHYSICAL_IMG_NR="369" PROCESSING="OCR1" PC="0.59">
			<TopMargin HEIGHT="174" WIDTH="3042" HPOS="0" VPOS="0"/>
			<LeftMargin HEIGHT="3403" WIDTH="138" HPOS="0" VPOS="174"/>
			<RightMargin HEIGHT="3403" WIDTH="415" HPOS="2627" VPOS="174"/>
			<BottomMargin HEIGHT="891" WIDTH="3042" HPOS="0" VPOS="3579"/>
			<PrintSpace ID="PRINTSPACE1" HEIGHT="3403" WIDTH="2487" HPOS="139" VPOS="175">
				<ComposedBlock xs:type="ComposedBlockType" ID="ARTICLE126679" HEIGHT="3403" WIDTH="2487" HPOS="139" VPOS="175" xlink:type="simple">
					<TextBlock xs:type="TextBlockType" ID="ZONE1300407" HEIGHT="93" WIDTH="270" HPOS="1020" VPOS="262" xlink:type="simple">
						<TextLine ID="LINE1" HEIGHT="92" WIDTH="270" HPOS="1020" VPOS="262">
							<String ID="STRING1" STYLEREFS="STYLE1" HEIGHT="92" WIDTH="269" HPOS="1020" VPOS="262" CONTENT="Hat-«" WC="0.52" LANG="dan"/>
							<SP ID="SP1" WIDTH="-143" HPOS="1289" VPOS="262"/>
							<String ID="STRING2" STYLEREFS="STYLE2" HEIGHT="84" WIDTH="144" HPOS="1146" VPOS="269" CONTENT="Jfr" WC="0.24" LANG="nob"/>
						</TextLine>
					</TextBlock>
					<TextBlock xs:type="TextBlockType" ID="ZONE1300408" HEIGHT="943" WIDTH="1840" HPOS="140" VPOS="429" xlink:type="simple">
						<TextLine ID="LINE2" HEIGHT="109" WIDTH="1821" HPOS="148" VPOS="431">
							<String ID="STRING3" STYLEREFS="STYLE3" HEIGHT="96" WIDTH="165" HPOS="148" VPOS="431" CONTENT="hvor" WC="0.65" LANG="nob"/>
							<SP ID="SP2" WIDTH="47" HPOS="313" VPOS="431"/>
							<String ID="STRING4" STYLEREFS="STYLE3" HEIGHT="88" WIDTH="111" HPOS="360" VPOS="432" CONTENT="der" WC="0.3" LANG="nob"/>
							<SP ID="SP3" WIDTH="29" HPOS="471" VPOS="432"/>
							<String ID="STRING5" STYLEREFS="STYLE3" HEIGHT="98" WIDTH="195" HPOS="500" VPOS="433" CONTENT="ligger" WC="0.64" LANG="nob"/>
							<SP ID="SP4" WIDTH="35" HPOS="695" VPOS="433"/>
							<String ID="STRING6" STYLEREFS="STYLE3" HEIGHT="58" WIDTH="41" HPOS="730" VPOS="451" CONTENT="2" WC="0.49" LANG="nob"/>
							<SP ID="SP5" WIDTH="35" HPOS="771" VPOS="451"/>
							<String ID="STRING7" STYLEREFS="STYLE3" HEIGHT="102" WIDTH="271" HPOS="806" VPOS="432" CONTENT="Skibe," WC="0.65" LANG="dan"/>
							<SP ID="SP6" WIDTH="57" HPOS="1077" VPOS="432"/>
							<String ID="STRING8" STYLEREFS="STYLE3" HEIGHT="96" WIDTH="155" HPOS="1134" VPOS="437" CONTENT="hver" WC="0.51" LANG="nob"/>
							<SP ID="SP7" WIDTH="45" HPOS="1289" VPOS="437"/>
							<String ID="STRING9" STYLEREFS="STYLE3" HEIGHT="76" WIDTH="133" HPOS="1334" VPOS="457" CONTENT="paa" WC="0.77" LANG="nob"/>
							<SP ID="SP8" WIDTH="29" HPOS="1467" VPOS="457"/>
							<String ID="STRING10" STYLEREFS="STYLE3" HEIGHT="74" WIDTH="101" HPOS="1496" VPOS="462" CONTENT="40" WC="0.63" LANG="nob"/>
							<SP ID="SP9" WIDTH="32" HPOS="1597" VPOS="462"/>
							<String ID="STRING11" STYLEREFS="STYLE4" HEIGHT="104" WIDTH="340" HPOS="1629" VPOS="436" CONTENT="Timen-er," WC="0.77" LANG="dan"/>
						</TextLine>
						<TextLine ID="LINE3" HEIGHT="106" WIDTH="1830" HPOS="145" VPOS="571">
							<String ID="STRING12" STYLEREFS="STYLE3" HEIGHT="76" WIDTH="106" HPOS="145" VPOS="575" CONTENT="det" WC="0.55" LANG="dan"/>
							<SP ID="SP10" WIDTH="58" HPOS="251" VPOS="575"/>
							<String ID="STRING13" STYLEREFS="STYLE3" HEIGHT="62" WIDTH="112" HPOS="309" VPOS="592" CONTENT="ene" WC="1" LANG="dan"/>
							<SP ID="SP11" WIDTH="60" HPOS="421" VPOS="592"/>
							<String ID="STRING14" STYLEREFS="STYLE3" HEIGHT="74" WIDTH="122" HPOS="481" VPOS="581" CONTENT="ved" WC="0.84" LANG="dan"/>
							<SP ID="SP12" WIDTH="38" HPOS="603" VPOS="581"/>
							<String ID="STRING15" STYLEREFS="STYLE3" HEIGHT="103" WIDTH="350" HPOS="641" VPOS="571" CONTENT="Pladsen," WC="0.82" LANG="dan"/>
							<SP ID="SP13" WIDTH="66" HPOS="991" VPOS="571"/>
							<String ID="STRING16" STYLEREFS="STYLE3" HEIGHT="79" WIDTH="80" HPOS="1057" VPOS="594" CONTENT="og" WC="0.69" LANG="nob"/>
							<SP ID="SP14" WIDTH="58" HPOS="1137" VPOS="594"/>
							<String ID="STRING17" STYLEREFS="STYLE3" HEIGHT="78" WIDTH="104" HPOS="1195" VPOS="581" CONTENT="der" WC="0.61" LANG="nob"/>
							<SP ID="SP15" WIDTH="50" HPOS="1299" VPOS="581"/>
							<String ID="STRING18" STYLEREFS="STYLE3" HEIGHT="76" WIDTH="200" HPOS="1349" VPOS="586" CONTENT="andet" WC="0.86" LANG="nob"/>
							<SP ID="SP16" WIDTH="68" HPOS="1549" VPOS="586"/>
							<String ID="STRING19" STYLEREFS="STYLE3" HEIGHT="78" WIDTH="122" HPOS="1617" VPOS="585" CONTENT="ved" WC="0.64" LANG="nob"/>
							<SP ID="SP17" WIDTH="72" HPOS="1739" VPOS="585"/>
							<String ID="STRING20" STYLEREFS="STYLE3" HEIGHT="100" WIDTH="164" HPOS="1811" VPOS="577" CONTENT="Nye" WC="0.55" LANG="nob"/>
						</TextLine>
						<TextLine ID="LINE4" HEIGHT="107" WIDTH="1835" HPOS="143" VPOS="707">
							<String ID="STRING21" STYLEREFS="STYLE3" HEIGHT="101" WIDTH="247" HPOS="143" VPOS="707" CONTENT="Havn," WC="0.77" LANG="dan"/>
							<SP ID="SP18" WIDTH="43" HPOS="390" VPOS="707"/>
							<String ID="STRING22" STYLEREFS="STYLE3" HEIGHT="94" WIDTH="129" HPOS="433" VPOS="708" CONTENT="som" WC="0.93" LANG="dan"/>
							<SP ID="SP19" WIDTH="21" HPOS="562" VPOS="708"/>
							<String ID="STRING23" STYLEREFS="STYLE3" HEIGHT="94" WIDTH="303" HPOS="583" VPOS="711" CONTENT="saluterer" WC="0.74" LANG="dan"/>
							<SP ID="SP20" WIDTH="19" HPOS="886" VPOS="711"/>
							<String ID="STRING24" STYLEREFS="STYLE3" HEIGHT="102" WIDTH="405" HPOS="905" VPOS="712" CONTENT="Prinsessens" WC="0.83" LANG="nob"/>
							<SP ID="SP21" WIDTH="19" HPOS="1310" VPOS="712"/>
							<String ID="STRING25" STYLEREFS="STYLE3" HEIGHT="87" WIDTH="317" HPOS="1329" VPOS="715" CONTENT="Komme." WC="0.56" LANG="nob"/>
							<SP ID="SP22" WIDTH="69" HPOS="1646" VPOS="715"/>
							<String ID="STRING26" STYLEREFS="STYLE3" HEIGHT="88" WIDTH="263" HPOS="1715" VPOS="715" CONTENT="Videre" WC="0.55" LANG="nob"/>
						</TextLine>
						<TextLine ID="LINE5" HEIGHT="118" WIDTH="1834" HPOS="142" VPOS="841">
							<String ID="STRING27" STYLEREFS="STYLE3" HEIGHT="100" WIDTH="204" HPOS="142" VPOS="841" CONTENT="forbie" WC="0.53" LANG="nob"/>
							<SP ID="SP23" WIDTH="24" HPOS="346" VPOS="841"/>
							<String ID="STRING28" STYLEREFS="STYLE3" HEIGHT="76" WIDTH="104" HPOS="370" VPOS="854" CONTENT="det" WC="0.65" LANG="nob"/>
							<SP ID="SP24" WIDTH="38" HPOS="474" VPOS="854"/>
							<String ID="STRING29" STYLEREFS="STYLE3" HEIGHT="99" WIDTH="348" HPOS="512" VPOS="849" CONTENT="Chinesiffe" WC="0.65" LANG="nob"/>
							<SP ID="SP25" WIDTH="22" HPOS="860" VPOS="849"/>
							<String ID="STRING30" STYLEREFS="STYLE3" HEIGHT="97" WIDTH="450" HPOS="882" VPOS="854" CONTENT="Compagnie," WC="0.76" LANG="deu"/>
							<SP ID="SP26" WIDTH="38" HPOS="1332" VPOS="854"/>
							<String ID="STRING31" STYLEREFS="STYLE3" HEIGHT="97" WIDTH="196" HPOS="1370" VPOS="855" CONTENT="hvilke" WC="0.66" LANG="nob"/>
							<SP ID="SP27" WIDTH="19" HPOS="1566" VPOS="855"/>
							<String ID="STRING32" STYLEREFS="STYLE5" HEIGHT="102" WIDTH="69" HPOS="1585" VPOS="857" CONTENT="til" WC="0.85" LANG="dan"/>
							<SP ID="SP28" WIDTH="216" HPOS="1654" VPOS="857"/>
							<String ID="STRING33" STYLEREFS="STYLE3" HEIGHT="98" WIDTH="106" HPOS="1870" VPOS="853" CONTENT="for" WC="0.58" LANG="nob"/>
						</TextLine>
						<TextLine ID="LINE6" HEIGHT="111" WIDTH="1826" HPOS="150" VPOS="986">
							<String ID="STRING34" STYLEREFS="STYLE3" HEIGHT="77" WIDTH="206" HPOS="150" VPOS="991" CONTENT="denne" WC="0.85" LANG="nob"/>
							<SP ID="SP29" WIDTH="40" HPOS="356" VPOS="991"/>
							<String ID="STRING35" STYLEREFS="STYLE3" HEIGHT="101" WIDTH="216" HPOS="396" VPOS="986" CONTENT="H§ye" WC="0.68" LANG="nob"/>
							<SP ID="SP30" WIDTH="38" HPOS="612" VPOS="986"/>
							<String ID="STRING36" STYLEREFS="STYLE3" HEIGHT="108" WIDTH="561" HPOS="650" VPOS="989" CONTENT="Formcrhling," WC="0.5" LANG="nob"/>
							<SP ID="SP31" WIDTH="73" HPOS="1211" VPOS="989"/>
							<String ID="STRING37" STYLEREFS="STYLE3" HEIGHT="76" WIDTH="117" HPOS="1284" VPOS="1011" CONTENT="har" WC="0.6" LANG="dan"/>
							<SP ID="SP32" WIDTH="47" HPOS="1401" VPOS="1011"/>
							<String ID="STRING38" STYLEREFS="STYLE3" HEIGHT="95" WIDTH="245" HPOS="1448" VPOS="996" CONTENT="opreyft" WC="0.8" LANG="dan"/>
							<SP ID="SP33" WIDTH="55" HPOS="1693" VPOS="996"/>
							<String ID="STRING39" STYLEREFS="STYLE3" HEIGHT="76" WIDTH="228" HPOS="1748" VPOS="1001" CONTENT="tvende" WC="0.73" LANG="dan"/>
						</TextLine>
						<TextLine ID="LINE7" HEIGHT="108" WIDTH="1828" HPOS="147" VPOS="1123">
							<String ID="STRING40" STYLEREFS="STYLE3" HEIGHT="97" WIDTH="170" HPOS="147" VPOS="1123" CONTENT="høye" WC="0.75" LANG="nob"/>
							<SP ID="SP34" WIDTH="36" HPOS="317" VPOS="1123"/>
							<String ID="STRING41" STYLEREFS="STYLE3" HEIGHT="101" WIDTH="312" HPOS="353" VPOS="1124" CONTENT="Pilarer," WC="0.74" LANG="nob"/>
							<SP ID="SP35" WIDTH="64" HPOS="665" VPOS="1124"/>
							<String ID="STRING42" STYLEREFS="STYLE3" HEIGHT="96" WIDTH="156" HPOS="729" VPOS="1129" CONTENT="hver" WC="0.74" LANG="nob"/>
							<SP ID="SP36" WIDTH="28" HPOS="885" VPOS="1129"/>
							<String ID="STRING43" STYLEREFS="STYLE3" HEIGHT="86" WIDTH="90" HPOS="913" VPOS="1138" CONTENT="z6" WC="0.61" LANG="nob"/>
							<SP ID="SP37" WIDTH="20" HPOS="1003" VPOS="1138"/>
							<String ID="STRING44" STYLEREFS="STYLE3" HEIGHT="99" WIDTH="208" HPOS="1023" VPOS="1130" CONTENT="Alen," WC="0.87" LANG="nob"/>
							<SP ID="SP38" WIDTH="66" HPOS="1231" VPOS="1130"/>
							<String ID="STRING45" STYLEREFS="STYLE3" HEIGHT="78" WIDTH="22" HPOS="1297" VPOS="1133" CONTENT="i" WC="0.28" LANG="nob"/>
							<SP ID="SP39" WIDTH="44" HPOS="1319" VPOS="1133"/>
							<String ID="STRING46" STYLEREFS="STYLE3" HEIGHT="99" WIDTH="148" HPOS="1363" VPOS="1131" CONTENT="hvis" WC="0.69" LANG="nob"/>
							<SP ID="SP40" WIDTH="20" HPOS="1511" VPOS="1131"/>
							<String ID="STRING47" STYLEREFS="STYLE3" HEIGHT="84" WIDTH="220" HPOS="1531" VPOS="1132" CONTENT="Midte" WC="0.69" LANG="nob"/>
							<SP ID="SP41" WIDTH="32" HPOS="1751" VPOS="1132"/>
							<String ID="STRING48" STYLEREFS="STYLE3" HEIGHT="98" WIDTH="192" HPOS="1783" VPOS="1133" CONTENT="ligger" WC="0.66" LANG="nob"/>
						</TextLine>
						<TextLine ID="LINE8" HEIGHT="109" WIDTH="948" HPOS="147" VPOS="1259">
							<String ID="STRING49" STYLEREFS="STYLE3" HEIGHT="91" WIDTH="262" HPOS="147" VPOS="1259" CONTENT="Skibet" WC="0.67" LANG="dan"/>
							<SP ID="SP42" WIDTH="32" HPOS="409" VPOS="1259"/>
							<String ID="STRING50" STYLEREFS="STYLE3" HEIGHT="101" WIDTH="274" HPOS="441" VPOS="1262" CONTENT="Prinds" WC="0.78" LANG="nob"/>
							<SP ID="SP43" WIDTH="34" HPOS="715" VPOS="1262"/>
							<String ID="STRING51" STYLEREFS="STYLE3" HEIGHT="103" WIDTH="346" HPOS="749" VPOS="1265" CONTENT="Friderich." WC="0.61" LANG="nob"/>
						</TextLine>
					</TextBlock>
					<TextBlock xs:type="TextBlockType" ID="ZONE1300409" HEIGHT="2041" WIDTH="1855" HPOS="139" VPOS="1443" xlink:type="simple">
						<TextLine ID="LINE9" HEIGHT="109" WIDTH="1632" HPOS="346" VPOS="1444">
							<String ID="STRING52" STYLEREFS="STYLE3" HEIGHT="102" WIDTH="174" HPOS="346" VPOS="1444" CONTENT="Paa" WC="0.9" LANG="nob"/>
							<SP ID="SP44" WIDTH="56" HPOS="520" VPOS="1444"/>
							<String ID="STRING53" STYLEREFS="STYLE3" HEIGHT="96" WIDTH="154" HPOS="576" VPOS="1447" CONTENT="hver" WC="0.69" LANG="nob"/>
							<SP ID="SP45" WIDTH="50" HPOS="730" VPOS="1447"/>
							<String ID="STRING54" STYLEREFS="STYLE3" HEIGHT="85" WIDTH="194" HPOS="780" VPOS="1447" CONTENT="Side" WC="0.65" LANG="nob"/>
							<SP ID="SP46" WIDTH="44" HPOS="974" VPOS="1447"/>
							<String ID="STRING55" STYLEREFS="STYLE3" HEIGHT="101" WIDTH="78" HPOS="1018" VPOS="1448" CONTENT="af" WC="0.85" LANG="nob"/>
							<SP ID="SP47" WIDTH="30" HPOS="1096" VPOS="1448"/>
							<String ID="STRING56" STYLEREFS="STYLE3" HEIGHT="98" WIDTH="372" HPOS="1126" VPOS="1453" CONTENT="Pillarerne" WC="0.84" LANG="nob"/>
							<SP ID="SP48" WIDTH="58" HPOS="1498" VPOS="1453"/>
							<String ID="STRING57" STYLEREFS="STYLE3" HEIGHT="98" WIDTH="154" HPOS="1556" VPOS="1452" CONTENT="viser" WC="0.71" LANG="nob"/>
							<SP ID="SP49" WIDTH="62" HPOS="1710" VPOS="1452"/>
							<String ID="STRING58" STYLEREFS="STYLE3" HEIGHT="96" WIDTH="92" HPOS="1772" VPOS="1457" CONTENT="sig" WC="0.71" LANG="nob"/>
							<SP ID="SP50" WIDTH="36" HPOS="1864" VPOS="1457"/>
							<String ID="STRING59" STYLEREFS="STYLE3" HEIGHT="63" WIDTH="78" HPOS="1900" VPOS="1475" CONTENT="en" WC="0.64" LANG="nob"/>
						</TextLine>
						<TextLine ID="LINE10" HEIGHT="114" WIDTH="1827" HPOS="148" VPOS="1579">
							<String ID="STRING60" STYLEREFS="STYLE3" HEIGHT="87" WIDTH="245" HPOS="148" VPOS="1579" CONTENT="Aleran" WC="0.76" LANG="nob"/>
							<SP ID="SP51" WIDTH="33" HPOS="393" VPOS="1579"/>
							<String ID="STRING61" STYLEREFS="STYLE3" HEIGHT="76" WIDTH="147" HPOS="426" VPOS="1591" CONTENT="med" WC="0.84" LANG="nob"/>
							<SP ID="SP52" WIDTH="23" HPOS="573" VPOS="1591"/>
							<String ID="STRING62" STYLEREFS="STYLE3" HEIGHT="98" WIDTH="281" HPOS="596" VPOS="1587" CONTENT="Festons" WC="0.74" LANG="dan"/>
							<SP ID="SP53" WIDTH="37" HPOS="877" VPOS="1587"/>
							<String ID="STRING63" STYLEREFS="STYLE3" HEIGHT="96" WIDTH="337" HPOS="914" VPOS="1590" CONTENT="tilligemed" WC="0.78" LANG="dan"/>
							<SP ID="SP54" WIDTH="33" HPOS="1251" VPOS="1590"/>
							<String ID="STRING64" STYLEREFS="STYLE3" HEIGHT="101" WIDTH="285" HPOS="1284" VPOS="1591" CONTENT="Vaser," WC="0.81" LANG="nob"/>
							<SP ID="SP55" WIDTH="91" HPOS="1569" VPOS="1591"/>
							<String ID="STRING65" STYLEREFS="STYLE3" HEIGHT="77" WIDTH="77" HPOS="1660" VPOS="1616" CONTENT="og" WC="0.96" LANG="nob"/>
							<SP ID="SP56" WIDTH="37" HPOS="1737" VPOS="1616"/>
							<String ID="STRING66" STYLEREFS="STYLE3" HEIGHT="78" WIDTH="201" HPOS="1774" VPOS="1601" CONTENT="andre" WC="0.88" LANG="nob"/>
						</TextLine>
						<TextLine ID="LINE11" HEIGHT="104" WIDTH="1796" HPOS="149" VPOS="1722">
							<String ID="STRING67" STYLEREFS="STYLE3" HEIGHT="64" WIDTH="194" HPOS="149" VPOS="1738" CONTENT="nætte" WC="0.75" LANG="nob"/>
							<SP ID="SP57" WIDTH="34" HPOS="343" VPOS="1738"/>
							<String ID="STRING68" STYLEREFS="STYLE3" HEIGHT="99" WIDTH="326" HPOS="377" VPOS="1722" CONTENT="anbragte" WC="0.69" LANG="dan"/>
							<SP ID="SP58" WIDTH="34" HPOS="703" VPOS="1722"/>
							<String ID="STRING69" STYLEREFS="STYLE3" HEIGHT="101" WIDTH="428" HPOS="737" VPOS="1725" CONTENT="Ziirligheder." WC="0.74" LANG="nob"/>
							<SP ID="SP59" WIDTH="104" HPOS="1165" VPOS="1725"/>
							<String ID="STRING70" STYLEREFS="STYLE3" HEIGHT="85" WIDTH="256" HPOS="1269" VPOS="1729" CONTENT="Videre" WC="0.69" LANG="nob"/>
							<SP ID="SP60" WIDTH="32" HPOS="1525" VPOS="1729"/>
							<String ID="STRING71" STYLEREFS="STYLE3" HEIGHT="96" WIDTH="200" HPOS="1557" VPOS="1730" CONTENT="falder" WC="0.87" LANG="dan"/>
							<SP ID="SP61" WIDTH="28" HPOS="1757" VPOS="1730"/>
							<String ID="STRING72" STYLEREFS="STYLE3" HEIGHT="92" WIDTH="160" HPOS="1785" VPOS="1731" CONTENT="Tou" SUBS_TYPE="HypPart1" SUBS_CONTENT="Touren" WC="0.78" LANG="dan"/>
							<HYP CONTENT="-"/>
						</TextLine>
						<TextLine ID="LINE12" HEIGHT="108" WIDTH="1803" HPOS="145" VPOS="1856">
							<String ID="STRING73" STYLEREFS="STYLE3" HEIGHT="65" WIDTH="115" HPOS="145" VPOS="1877" CONTENT="ren" SUBS_TYPE="HypPart2" SUBS_CONTENT="Touren" WC="0.81" LANG="dan"/>
							<SP ID="SP62" WIDTH="35" HPOS="260" VPOS="1877"/>
							<String ID="STRING74" STYLEREFS="STYLE3" HEIGHT="98" WIDTH="206" HPOS="295" VPOS="1856" CONTENT="forbie" WC="0.78" LANG="nob"/>
							<SP ID="SP63" WIDTH="32" HPOS="501" VPOS="1856"/>
							<String ID="STRING75" STYLEREFS="STYLE3" HEIGHT="101" WIDTH="315" HPOS="533" VPOS="1861" CONTENT="Børsen," WC="0.83" LANG="nob"/>
							<SP ID="SP64" WIDTH="61" HPOS="848" VPOS="1861"/>
							<String ID="STRING76" STYLEREFS="STYLE3" HEIGHT="98" WIDTH="161" HPOS="909" VPOS="1866" CONTENT="hvor" WC="0.68" LANG="dan"/>
							<SP ID="SP65" WIDTH="25" HPOS="1070" VPOS="1866"/>
							<String ID="STRING77" STYLEREFS="STYLE3" HEIGHT="74" WIDTH="119" HPOS="1095" VPOS="1875" CONTENT="alle" WC="1" LANG="dan"/>
							<SP ID="SP66" WIDTH="35" HPOS="1214" VPOS="1875"/>
							<String ID="STRING78" STYLEREFS="STYLE3" HEIGHT="76" WIDTH="71" HPOS="1249" VPOS="1873" CONTENT="de" WC="0.72" LANG="dan"/>
							<SP ID="SP67" WIDTH="33" HPOS="1320" VPOS="1873"/>
							<String ID="STRING79" STYLEREFS="STYLE3" HEIGHT="77" WIDTH="107" HPOS="1353" VPOS="1875" CONTENT="der" WC="0.66" LANG="dan"/>
							<SP ID="SP68" WIDTH="21" HPOS="1460" VPOS="1875"/>
							<String ID="STRING80" STYLEREFS="STYLE3" HEIGHT="74" WIDTH="287" HPOS="1481" VPOS="1879" CONTENT="værende" WC="0.82" LANG="dan"/>
							<SP ID="SP69" WIDTH="29" HPOS="1768" VPOS="1879"/>
							<String ID="STRING81" STYLEREFS="STYLE3" HEIGHT="84" WIDTH="151" HPOS="1797" VPOS="1871" CONTENT="Ski" SUBS_TYPE="HypPart1" SUBS_CONTENT="Skibe" WC="0.7" LANG="dan"/>
							<HYP CONTENT="-"/>
						</TextLine>
						<TextLine ID="LINE13" HEIGHT="112" WIDTH="1838" HPOS="144" VPOS="1995">
							<String ID="STRING82" STYLEREFS="STYLE3" HEIGHT="82" WIDTH="82" HPOS="144" VPOS="1995" CONTENT="be" SUBS_TYPE="HypPart2" SUBS_CONTENT="Skibe" WC="0.63" LANG="dan"/>
							<SP ID="SP70" WIDTH="28" HPOS="226" VPOS="1995"/>
							<String ID="STRING83" STYLEREFS="STYLE3" HEIGHT="78" WIDTH="148" HPOS="254" VPOS="2006" CONTENT="med" WC="0.81" LANG="nob"/>
							<SP ID="SP71" WIDTH="16" HPOS="402" VPOS="2006"/>
							<String ID="STRING84" STYLEREFS="STYLE3" HEIGHT="100" WIDTH="172" HPOS="418" VPOS="1998" CONTENT="Flag" WC="0.69" LANG="dan"/>
							<SP ID="SP72" WIDTH="38" HPOS="590" VPOS="1998"/>
							<String ID="STRING85" STYLEREFS="STYLE3" HEIGHT="76" WIDTH="80" HPOS="628" VPOS="2021" CONTENT="og" WC="0.76" LANG="nob"/>
							<SP ID="SP73" WIDTH="34" HPOS="708" VPOS="2021"/>
							<String ID="STRING86" STYLEREFS="STYLE3" HEIGHT="103" WIDTH="324" HPOS="742" VPOS="1999" CONTENT="Vimpler" WC="0.73" LANG="nob"/>
							<SP ID="SP74" WIDTH="26" HPOS="1066" VPOS="1999"/>
							<String ID="STRING87" STYLEREFS="STYLE3" HEIGHT="101" WIDTH="334" HPOS="1092" VPOS="2003" CONTENT="saluterer," WC="0.8" LANG="dan"/>
							<SP ID="SP75" WIDTH="62" HPOS="1426" VPOS="2003"/>
							<String ID="STRING88" STYLEREFS="STYLE3" HEIGHT="96" WIDTH="124" HPOS="1488" VPOS="2010" CONTENT="Og" WC="0.51" LANG="nob"/>
							<SP ID="SP76" WIDTH="24" HPOS="1612" VPOS="2010"/>
							<String ID="STRING89" STYLEREFS="STYLE3" HEIGHT="97" WIDTH="346" HPOS="1636" VPOS="2010" CONTENT="Holmens" WC="0.89" LANG="nob"/>
						</TextLine>
						<TextLine ID="LINE14" HEIGHT="115" WIDTH="1813" HPOS="148" VPOS="2129">
							<String ID="STRING90" STYLEREFS="STYLE3" HEIGHT="101" WIDTH="246" HPOS="148" VPOS="2129" CONTENT="Kirke," WC="0.77" LANG="dan"/>
							<SP ID="SP77" WIDTH="54" HPOS="394" VPOS="2129"/>
							<String ID="STRING91" STYLEREFS="STYLE3" HEIGHT="88" WIDTH="168" HPOS="448" VPOS="2138" CONTENT="hvor" WC="0.59" LANG="dan"/>
							<SP ID="SP78" WIDTH="38" HPOS="616" VPOS="2138"/>
							<String ID="STRING92" STYLEREFS="STYLE3" HEIGHT="95" WIDTH="302" HPOS="654" VPOS="2137" CONTENT="Konsten" WC="0.82" LANG="nob"/>
							<SP ID="SP79" WIDTH="38" HPOS="956" VPOS="2137"/>
							<String ID="STRING93" STYLEREFS="STYLE3" HEIGHT="92" WIDTH="108" HPOS="994" VPOS="2140" CONTENT="her" WC="0.58" LANG="dan"/>
							<SP ID="SP80" WIDTH="44" HPOS="1102" VPOS="2140"/>
							<String ID="STRING94" STYLEREFS="STYLE3" HEIGHT="76" WIDTH="81" HPOS="1146" VPOS="2161" CONTENT="og" WC="0.64" LANG="dan"/>
							<SP ID="SP81" WIDTH="39" HPOS="1227" VPOS="2161"/>
							<String ID="STRING95" STYLEREFS="STYLE3" HEIGHT="90" WIDTH="118" HPOS="1266" VPOS="2145" CONTENT="har" WC="0.68" LANG="dan"/>
							<SP ID="SP82" WIDTH="48" HPOS="1384" VPOS="2145"/>
							<String ID="STRING96" STYLEREFS="STYLE3" HEIGHT="98" WIDTH="139" HPOS="1432" VPOS="2146" CONTENT="viist" WC="0.7" LANG="nob"/>
							<SP ID="SP83" WIDTH="29" HPOS="1571" VPOS="2146"/>
							<String ID="STRING97" STYLEREFS="STYLE3" HEIGHT="94" WIDTH="128" HPOS="1600" VPOS="2148" CONTENT="sine" WC="0.92" LANG="dan"/>
							<SP ID="SP84" WIDTH="30" HPOS="1728" VPOS="2148"/>
							<String ID="STRING98" STYLEREFS="STYLE3" HEIGHT="101" WIDTH="203" HPOS="1758" VPOS="2139" CONTENT="Kræf" SUBS_TYPE="HypPart1" SUBS_CONTENT="Kræfter" WC="0.58" LANG="dan"/>
							<HYP CONTENT="-"/>
						</TextLine>
						<TextLine ID="LINE15" HEIGHT="103" WIDTH="1794" HPOS="153" VPOS="2274">
							<String ID="STRING99" STYLEREFS="STYLE3" HEIGHT="64" WIDTH="98" HPOS="153" VPOS="2287" CONTENT="ter" SUBS_TYPE="HypPart2" SUBS_CONTENT="Kræfter" WC="0.78" LANG="dan"/>
							<SP ID="SP85" WIDTH="36" HPOS="251" VPOS="2287"/>
							<String ID="STRING100" STYLEREFS="STYLE3" HEIGHT="76" WIDTH="124" HPOS="287" VPOS="2278" CONTENT="ved" WC="0.76" LANG="dan"/>
							<SP ID="SP86" WIDTH="34" HPOS="411" VPOS="2278"/>
							<String ID="STRING101" STYLEREFS="STYLE3" HEIGHT="78" WIDTH="108" HPOS="445" VPOS="2278" CONTENT="det" WC="0.71" LANG="dan"/>
							<SP ID="SP87" WIDTH="58" HPOS="553" VPOS="2278"/>
							<String ID="STRING102" STYLEREFS="STYLE3" HEIGHT="78" WIDTH="134" HPOS="611" VPOS="2293" CONTENT="paa" WC="0.93" LANG="dan"/>
							<SP ID="SP88" WIDTH="54" HPOS="745" VPOS="2293"/>
							<String ID="STRING103" STYLEREFS="STYLE3" HEIGHT="82" WIDTH="262" HPOS="799" VPOS="2274" CONTENT="Muren" WC="0.78" LANG="dan"/>
							<SP ID="SP89" WIDTH="66" HPOS="1061" VPOS="2274"/>
							<String ID="STRING104" STYLEREFS="STYLE3" HEIGHT="92" WIDTH="276" HPOS="1127" VPOS="2283" CONTENT="opreyste" WC="0.71" LANG="dan"/>
							<SP ID="SP90" WIDTH="48" HPOS="1403" VPOS="2283"/>
							<String ID="STRING105" STYLEREFS="STYLE3" HEIGHT="97" WIDTH="348" HPOS="1451" VPOS="2280" CONTENT="Gallerie," WC="0.97" LANG="dan"/>
							<SP ID="SP91" WIDTH="74" HPOS="1799" VPOS="2280"/>
							<String ID="STRING106" STYLEREFS="STYLE3" HEIGHT="82" WIDTH="74" HPOS="1873" VPOS="2283" CONTENT="be" SUBS_TYPE="HypPart1" SUBS_CONTENT="beklædt" WC="0.62" LANG="dan"/>
							<HYP CONTENT="-"/>
						</TextLine>
						<TextLine ID="LINE16" HEIGHT="107" WIDTH="1832" HPOS="149" VPOS="2407">
							<String ID="STRING107" STYLEREFS="STYLE3" HEIGHT="83" WIDTH="192" HPOS="149" VPOS="2407" CONTENT="klædt" SUBS_TYPE="HypPart2" SUBS_CONTENT="beklædt" WC="0.69" LANG="dan"/>
							<SP ID="SP92" WIDTH="44" HPOS="341" VPOS="2407"/>
							<String ID="STRING108" STYLEREFS="STYLE3" HEIGHT="77" WIDTH="148" HPOS="385" VPOS="2414" CONTENT="med" WC="0.64" LANG="dan"/>
							<SP ID="SP93" WIDTH="44" HPOS="533" VPOS="2414"/>
							<String ID="STRING109" STYLEREFS="STYLE3" HEIGHT="78" WIDTH="250" HPOS="577" VPOS="2429" CONTENT="grønne" WC="0.91" LANG="dan"/>
							<SP ID="SP94" WIDTH="38" HPOS="827" VPOS="2429"/>
							<String ID="STRING110" STYLEREFS="STYLE3" HEIGHT="100" WIDTH="546" HPOS="865" VPOS="2412" CONTENT="Gran-Blade," WC="0.81" LANG="dan"/>
							<SP ID="SP95" WIDTH="56" HPOS="1411" VPOS="2412"/>
							<String ID="STRING111" STYLEREFS="STYLE3" HEIGHT="76" WIDTH="78" HPOS="1467" VPOS="2438" CONTENT="og" WC="0.9" LANG="dan"/>
							<SP ID="SP96" WIDTH="36" HPOS="1545" VPOS="2438"/>
							<String ID="STRING112" STYLEREFS="STYLE3" HEIGHT="92" WIDTH="400" HPOS="1581" VPOS="2417" CONTENT="øverstziiret" WC="0.63" LANG="dan"/>
						</TextLine>
						<TextLine ID="LINE17" HEIGHT="105" WIDTH="1804" HPOS="148" VPOS="2544">
							<String ID="STRING113" STYLEREFS="STYLE3" HEIGHT="78" WIDTH="148" HPOS="148" VPOS="2550" CONTENT="med" WC="0.73" LANG="dan"/>
							<SP ID="SP97" WIDTH="58" HPOS="296" VPOS="2550"/>
							<String ID="STRING114" STYLEREFS="STYLE3" HEIGHT="88" WIDTH="500" HPOS="354" VPOS="2544" CONTENT="Sindbilleder:" WC="0.69" LANG="dan"/>
							<SP ID="SP98" WIDTH="78" HPOS="854" VPOS="2544"/>
							<String ID="STRING115" STYLEREFS="STYLE3" HEIGHT="86" WIDTH="134" HPOS="932" VPOS="2550" CONTENT="De" WC="0.64" LANG="dan"/>
							<SP ID="SP99" WIDTH="44" HPOS="1066" VPOS="2550"/>
							<String ID="STRING116" STYLEREFS="STYLE3" HEIGHT="76" WIDTH="112" HPOS="1110" VPOS="2573" CONTENT="4re" WC="0.76" LANG="dan"/>
							<SP ID="SP100" WIDTH="38" HPOS="1222" VPOS="2573"/>
							<String ID="STRING117" STYLEREFS="STYLE3" HEIGHT="84" WIDTH="244" HPOS="1260" VPOS="2553" CONTENT="Aarets" WC="0.76" LANG="dan"/>
							<SP ID="SP101" WIDTH="16" HPOS="1504" VPOS="2553"/>
							<String ID="STRING118" STYLEREFS="STYLE3" HEIGHT="99" WIDTH="220" HPOS="1520" VPOS="2550" CONTENT="Tider," WC="0.64" LANG="dan"/>
							<SP ID="SP102" WIDTH="44" HPOS="1740" VPOS="2550"/>
							<String ID="STRING119" STYLEREFS="STYLE3" HEIGHT="84" WIDTH="168" HPOS="1784" VPOS="2549" CONTENT="Mer" SUBS_TYPE="HypPart1" SUBS_CONTENT="Mercurius," WC="0.62" LANG="dan"/>
							<HYP CONTENT="-"/>
						</TextLine>
						<TextLine ID="LINE18" HEIGHT="105" WIDTH="1832" HPOS="154" VPOS="2684">
							<String ID="STRING120" STYLEREFS="STYLE3" HEIGHT="100" WIDTH="272" HPOS="154" VPOS="2684" CONTENT="curius," SUBS_TYPE="HypPart2" SUBS_CONTENT="Mercurius," WC="0.91" LANG="dan"/>
							<SP ID="SP103" WIDTH="58" HPOS="426" VPOS="2684"/>
							<String ID="STRING121" STYLEREFS="STYLE3" HEIGHT="74" WIDTH="82" HPOS="484" VPOS="2707" CONTENT="og" WC="0.74" LANG="dan"/>
							<SP ID="SP104" WIDTH="52" HPOS="566" VPOS="2707"/>
							<String ID="STRING122" STYLEREFS="STYLE3" HEIGHT="76" WIDTH="130" HPOS="618" VPOS="2691" CONTENT="2de" WC="0.71" LANG="dan"/>
							<SP ID="SP105" WIDTH="40" HPOS="748" VPOS="2691"/>
							<String ID="STRING123" STYLEREFS="STYLE3" HEIGHT="76" WIDTH="204" HPOS="788" VPOS="2692" CONTENT="andre" WC="0.78" LANG="dan"/>
							<SP ID="SP106" WIDTH="52" HPOS="992" VPOS="2692"/>
							<String ID="STRING124" STYLEREFS="STYLE3" HEIGHT="99" WIDTH="292" HPOS="1044" VPOS="2690" CONTENT="Guder;" WC="0.76" LANG="dan"/>
							<SP ID="SP107" WIDTH="52" HPOS="1336" VPOS="2690"/>
							<String ID="STRING125" STYLEREFS="STYLE3" HEIGHT="80" WIDTH="220" HPOS="1388" VPOS="2694" CONTENT="Under" WC="0.67" LANG="dan"/>
							<SP ID="SP108" WIDTH="36" HPOS="1608" VPOS="2694"/>
							<String ID="STRING126" STYLEREFS="STYLE3" HEIGHT="99" WIDTH="342" HPOS="1644" VPOS="2688" CONTENT="Holmens" WC="0.97" LANG="dan"/>
						</TextLine>
						<TextLine ID="LINE19" HEIGHT="111" WIDTH="1832" HPOS="155" VPOS="2817">
							<String ID="STRING127" STYLEREFS="STYLE3" HEIGHT="99" WIDTH="240" HPOS="155" VPOS="2817" CONTENT="Broe," WC="0.77" LANG="dan"/>
							<SP ID="SP109" WIDTH="42" HPOS="395" VPOS="2817"/>
							<String ID="STRING128" STYLEREFS="STYLE3" HEIGHT="79" WIDTH="82" HPOS="437" VPOS="2842" CONTENT="og" WC="0.62" LANG="dan"/>
							<SP ID="SP110" WIDTH="32" HPOS="519" VPOS="2842"/>
							<String ID="STRING129" STYLEREFS="STYLE3" HEIGHT="96" WIDTH="114" HPOS="551" VPOS="2825" CONTENT="lige" WC="0.66" LANG="dan"/>
							<SP ID="SP111" WIDTH="30" HPOS="665" VPOS="2825"/>
							<String ID="STRING130" STYLEREFS="STYLE3" HEIGHT="80" WIDTH="70" HPOS="695" VPOS="2825" CONTENT="til" WC="0.65" LANG="dan"/>
							<SP ID="SP112" WIDTH="30" HPOS="765" VPOS="2825"/>
							<String ID="STRING131" STYLEREFS="STYLE3" HEIGHT="76" WIDTH="120" HPOS="795" VPOS="2830" CONTENT="den" WC="0.76" LANG="dan"/>
							<SP ID="SP113" WIDTH="28" HPOS="915" VPOS="2830"/>
							<String ID="STRING132" STYLEREFS="STYLE3" HEIGHT="78" WIDTH="204" HPOS="943" VPOS="2832" CONTENT="under" WC="0.59" LANG="dan"/>
							<SP ID="SP114" WIDTH="30" HPOS="1147" VPOS="2832"/>
							<String ID="STRING133" STYLEREFS="STYLE3" HEIGHT="101" WIDTH="466" HPOS="1177" VPOS="2827" CONTENT="SLre-Porten" WC="0.73" LANG="dan"/>
							<SP ID="SP115" WIDTH="24" HPOS="1643" VPOS="2827"/>
							<String ID="STRING134" STYLEREFS="STYLE3" HEIGHT="94" WIDTH="320" HPOS="1667" VPOS="2829" CONTENT="anbragte" WC="0.65" LANG="dan"/>
						</TextLine>
						<TextLine ID="LINE20" HEIGHT="118" WIDTH="1834" HPOS="153" VPOS="2948">
							<String ID="STRING135" STYLEREFS="STYLE3" HEIGHT="76" WIDTH="104" HPOS="153" VPOS="2964" CONTENT="vel" WC="0.79" LANG="dan"/>
							<SP ID="SP116" WIDTH="50" HPOS="257" VPOS="2964"/>
							<String ID="STRING136" STYLEREFS="STYLE3" HEIGHT="99" WIDTH="452" HPOS="307" VPOS="2958" CONTENT="udarbeydede" WC="0.66" LANG="dan"/>
							<SP ID="SP117" WIDTH="44" HPOS="759" VPOS="2958"/>
							<String ID="STRING137" STYLEREFS="STYLE3" HEIGHT="114" WIDTH="270" HPOS="803" VPOS="2948" CONTENT="Trappe" WC="0.74" LANG="dan"/>
							<SP ID="SP118" WIDTH="18" HPOS="1073" VPOS="2948"/>
							<String ID="STRING138" STYLEREFS="STYLE3" HEIGHT="48" WIDTH="24" HPOS="1091" VPOS="3017" CONTENT="," WC="0.91" LANG="dan"/>
							<SP ID="SP119" WIDTH="54" HPOS="1115" VPOS="3017"/>
							<String ID="STRING139" STYLEREFS="STYLE3" HEIGHT="98" WIDTH="162" HPOS="1169" VPOS="2965" CONTENT="hvor" WC="0.73" LANG="dan"/>
							<SP ID="SP120" WIDTH="18" HPOS="1331" VPOS="2965"/>
							<String ID="STRING140" STYLEREFS="STYLE3" HEIGHT="110" WIDTH="408" HPOS="1349" VPOS="2956" CONTENT="Prmdsessen" WC="0.74" LANG="dan"/>
							<SP ID="SP121" WIDTH="34" HPOS="1757" VPOS="2956"/>
							<String ID="STRING141" STYLEREFS="STYLE3" HEIGHT="101" WIDTH="196" HPOS="1791" VPOS="2961" CONTENT="første" WC="0.59" LANG="dan"/>
						</TextLine>
						<TextLine ID="LINE21" HEIGHT="101" WIDTH="1832" HPOS="156" VPOS="3100">
							<String ID="STRING142" STYLEREFS="STYLE3" HEIGHT="79" WIDTH="178" HPOS="156" VPOS="3119" CONTENT="gang" WC="0.66" LANG="dan"/>
							<SP ID="SP122" WIDTH="51" HPOS="334" VPOS="3119"/>
							<String ID="STRING143" STYLEREFS="STYLE3" HEIGHT="85" WIDTH="307" HPOS="385" VPOS="3100" CONTENT="betræder" WC="0.59" LANG="dan"/>
							<SP ID="SP123" WIDTH="46" HPOS="692" VPOS="3100"/>
							<String ID="STRING144" STYLEREFS="STYLE3" HEIGHT="77" WIDTH="104" HPOS="738" VPOS="3109" CONTENT="det" WC="0.67" LANG="dan"/>
							<SP ID="SP124" WIDTH="45" HPOS="842" VPOS="3109"/>
							<String ID="STRING145" STYLEREFS="STYLE3" HEIGHT="99" WIDTH="281" HPOS="887" VPOS="3102" CONTENT="Danffe" WC="0.62" LANG="dan"/>
							<SP ID="SP125" WIDTH="49" HPOS="1168" VPOS="3102"/>
							<String ID="STRING146" STYLEREFS="STYLE3" HEIGHT="97" WIDTH="231" HPOS="1217" VPOS="3103" CONTENT="Land;" WC="0.62" LANG="dan"/>
							<SP ID="SP126" WIDTH="72" HPOS="1448" VPOS="3103"/>
							<String ID="STRING147" STYLEREFS="STYLE3" HEIGHT="99" WIDTH="216" HPOS="1520" VPOS="3102" CONTENT="derfra" WC="0.64" LANG="dan"/>
							<SP ID="SP127" WIDTH="40" HPOS="1736" VPOS="3102"/>
							<String ID="STRING148" STYLEREFS="STYLE3" HEIGHT="80" WIDTH="212" HPOS="1776" VPOS="3105" CONTENT="videre" WC="0.75" LANG="dan"/>
						</TextLine>
						<TextLine ID="LINE22" HEIGHT="105" WIDTH="1806" HPOS="156" VPOS="3235">
							<String ID="STRING149" STYLEREFS="STYLE3" HEIGHT="99" WIDTH="316" HPOS="156" VPOS="3235" CONTENT="igiennem" WC="0.84" LANG="dan"/>
							<SP ID="SP128" WIDTH="42" HPOS="472" VPOS="3235"/>
							<String ID="STRING150" STYLEREFS="STYLE3" HEIGHT="99" WIDTH="474" HPOS="514" VPOS="3241" CONTENT="ZEre-Porten" WC="0.74" LANG="dan"/>
							<SP ID="SP129" WIDTH="24" HPOS="988" VPOS="3241"/>
							<String ID="STRING151" STYLEREFS="STYLE3" HEIGHT="75" WIDTH="80" HPOS="1012" VPOS="3264" CONTENT="og" WC="0.69" LANG="dan"/>
							<SP ID="SP130" WIDTH="20" HPOS="1092" VPOS="3264"/>
							<String ID="STRING152" STYLEREFS="STYLE3" HEIGHT="60" WIDTH="150" HPOS="1112" VPOS="3263" CONTENT="over" WC="0.72" LANG="dan"/>
							<SP ID="SP131" WIDTH="20" HPOS="1262" VPOS="3263"/>
							<String ID="STRING153" STYLEREFS="STYLE3" HEIGHT="78" WIDTH="120" HPOS="1282" VPOS="3247" CONTENT="den" WC="0.83" LANG="dan"/>
							<SP ID="SP132" WIDTH="30" HPOS="1402" VPOS="3247"/>
							<String ID="STRING154" STYLEREFS="STYLE3" HEIGHT="80" WIDTH="70" HPOS="1432" VPOS="3244" CONTENT="til" WC="0.59" LANG="dan"/>
							<SP ID="SP133" WIDTH="40" HPOS="1502" VPOS="3244"/>
							<String ID="STRING155" STYLEREFS="STYLE3" HEIGHT="98" WIDTH="420" HPOS="1542" VPOS="3239" CONTENT="Slots-Por" SUBS_TYPE="HypPart1" SUBS_CONTENT="Slots-Porten" WC="0.77" LANG="dan"/>
							<HYP CONTENT="-"/>
						</TextLine>
						<TextLine ID="LINE23" HEIGHT="104" WIDTH="1581" HPOS="162" VPOS="3375">
							<String ID="STRING156" STYLEREFS="STYLE3" HEIGHT="68" WIDTH="105" HPOS="162" VPOS="3389" CONTENT="ten" SUBS_TYPE="HypPart2" SUBS_CONTENT="Slots-Porten" WC="0.76" LANG="dan"/>
							<SP ID="SP134" WIDTH="37" HPOS="267" VPOS="3389"/>
							<String ID="STRING157" STYLEREFS="STYLE3" HEIGHT="96" WIDTH="185" HPOS="304" VPOS="3378" CONTENT="lagde" WC="0.72" LANG="dan"/>
							<SP ID="SP135" WIDTH="17" HPOS="489" VPOS="3378"/>
							<String ID="STRING158" STYLEREFS="STYLE3" HEIGHT="104" WIDTH="239" HPOS="506" VPOS="3375" CONTENT="Broe," WC="0.64" LANG="dan"/>
							<SP ID="SP136" WIDTH="55" HPOS="745" VPOS="3375"/>
							<String ID="STRING159" STYLEREFS="STYLE3" HEIGHT="88" WIDTH="313" HPOS="800" VPOS="3378" CONTENT="bedækket" WC="0.59" LANG="dan"/>
							<SP ID="SP137" WIDTH="28" HPOS="1113" VPOS="3378"/>
							<String ID="STRING160" STYLEREFS="STYLE3" HEIGHT="78" WIDTH="146" HPOS="1141" VPOS="3385" CONTENT="med" WC="0.85" LANG="dan"/>
							<SP ID="SP138" WIDTH="26" HPOS="1287" VPOS="3385"/>
							<String ID="STRING161" STYLEREFS="STYLE3" HEIGHT="80" WIDTH="156" HPOS="1313" VPOS="3386" CONTENT="rødt" WC="0.45" LANG="dan"/>
							<SP ID="SP139" WIDTH="23" HPOS="1469" VPOS="3386"/>
							<String ID="STRING162" STYLEREFS="STYLE3" HEIGHT="88" WIDTH="251" HPOS="1492" VPOS="3378" CONTENT="Klæde." WC="0.76" LANG="dan"/>
						</TextLine>
					</TextBlock>
					<TextBlock xs:type="TextBlockType" ID="ZONE1300410" HEIGHT="77" WIDTH="206" HPOS="1675" VPOS="3501" xlink:type="simple">
						<TextLine ID="LINE24" HEIGHT="77" WIDTH="206" HPOS="1675" VPOS="3501">
							<String ID="STRING163" STYLEREFS="STYLE6" HEIGHT="77" WIDTH="206" HPOS="1675" VPOS="3501" CONTENT="Give" WC="0.5" LANG="dan"/>
						</TextLine>
					</TextBlock>
					<TextBlock xs:type="TextBlockType" ID="ZONE1300411" HEIGHT="137" WIDTH="157" HPOS="2432" VPOS="175" xlink:type="simple">
						<TextLine ID="LINE25" HEIGHT="137" WIDTH="155" HPOS="2433" VPOS="175">
							<String ID="STRING164" STYLEREFS="STYLE7" HEIGHT="137" WIDTH="155" HPOS="2433" VPOS="175" CONTENT="/z." WC="0.6" LANG="dan"/>
						</TextLine>
					</TextBlock>
					<TextBlock xs:type="TextBlockType" ID="ZONE1300412" HEIGHT="107" WIDTH="196" HPOS="2430" VPOS="385" xlink:type="simple">
						<TextLine ID="LINE26" HEIGHT="107" WIDTH="196" HPOS="2430" VPOS="385">
							<String ID="STRING165" STYLEREFS="STYLE8" HEIGHT="107" WIDTH="196" HPOS="2430" VPOS="385" CONTENT="uy" WC="0.06" LANG="dan"/>
						</TextLine>
					</TextBlock>
				</ComposedBlock>
			</PrintSpace>
		</Page>
	</Layout>
</alto>
