<?xml version="1.0" encoding="utf-8"?>
<alto xmlns="http://www.loc.gov/standards/alto/ns-v3#" xmlns:xs="http://www.w3.org/2001/XMLSchema-instance" xmlns:xlink="http://www.w3.org/1999/xlink">
	<Description>
		<MeasurementUnit>pixel</MeasurementUnit>
		<sourceImageInformation>
			<fileName>130017168100_2_022_014_012.tif</fileName>
		</sourceImageInformation>
		<OCRProcessing ID="OCR1">
			<ocrProcessingStep>
				<processingDateTime>2018-09-15</processingDateTime>
				<processingAgency>Zissor AS</processingAgency>
				<processingStepSettings>Combined OCR</processingStepSettings>
				<processingSoftware>
					<softwareCreator>Zissor AS</softwareCreator>
					<softwareName>ContentOCR-11; ContentOCR-Tesseract</softwareName>
					<softwareVersion>2.0.2; 2.0.0</softwareVersion>
					<applicationDescription>OCR Component for Zissor Content System</applicationDescription>
				</processingSoftware>
			</ocrProcessingStep>
		</OCRProcessing>
	</Description>
	<Styles>
		<TextStyle ID="STYLE1" FONTFAMILY="Times New Roman" FONTSIZE="11" FONTSTYLE="bold italics"/>
		<TextStyle ID="STYLE2" FONTFAMILY="Times New Roman" FONTSIZE="14" FONTSTYLE=""/>
		<TextStyle ID="STYLE3" FONTFAMILY="Arial" FONTSIZE="14" FONTSTYLE=""/>
		<TextStyle ID="STYLE4" FONTFAMILY="Arial" FONTSIZE="13" FONTSTYLE=""/>
		<TextStyle ID="STYLE5" FONTFAMILY="Arial" FONTSIZE="12" FONTSTYLE=""/>
	</Styles>
	<Layout>
		<Page ID="PAGE414" HEIGHT="4537" WIDTH="2919" PHYSICAL_IMG_NR="414" PROCESSING="OCR1" PC="0.65">
			<TopMargin HEIGHT="369" WIDTH="2919" HPOS="0" VPOS="0"/>
			<LeftMargin HEIGHT="3386" WIDTH="829" HPOS="0" VPOS="369"/>
			<RightMargin HEIGHT="3386" WIDTH="74" HPOS="2845" VPOS="369"/>
			<BottomMargin HEIGHT="780" WIDTH="2919" HPOS="0" VPOS="3757"/>
			<PrintSpace ID="PRINTSPACE1" HEIGHT="3386" WIDTH="2014" HPOS="830" VPOS="370">
				<ComposedBlock xs:type="ComposedBlockType" ID="ARTICLE126724" HEIGHT="3386" WIDTH="2014" HPOS="830" VPOS="370" xlink:type="simple">
					<TextBlock xs:type="TextBlockType" ID="ZONE1300669" HEIGHT="70" WIDTH="110" HPOS="857" VPOS="370" xlink:type="simple">
						<TextLine ID="LINE1" HEIGHT="70" WIDTH="110" HPOS="857" VPOS="370">
							<String ID="STRING1" STYLEREFS="STYLE1" HEIGHT="70" WIDTH="110" HPOS="857" VPOS="370" CONTENT="12" WC="0.35" LANG="nob"/>
						</TextLine>
					</TextBlock>
					<TextBlock xs:type="TextBlockType" ID="ZONE1300670" HEIGHT="343" WIDTH="1997" HPOS="847" VPOS="545" xlink:type="simple">
						<TextLine ID="LINE2" HEIGHT="112" WIDTH="1956" HPOS="853" VPOS="546">
							<String ID="STRING2" STYLEREFS="STYLE2" HEIGHT="78" WIDTH="138" HPOS="853" VPOS="580" CONTENT="ger," WC="0.56" LANG="dan"/>
							<SP ID="SP1" WIDTH="64" HPOS="991" VPOS="580"/>
							<String ID="STRING3" STYLEREFS="STYLE2" HEIGHT="96" WIDTH="136" HPOS="1055" VPOS="554" CONTENT="som" WC="0.65" LANG="dan"/>
							<SP ID="SP2" WIDTH="48" HPOS="1191" VPOS="554"/>
							<String ID="STRING4" STYLEREFS="STYLE2" HEIGHT="104" WIDTH="376" HPOS="1239" VPOS="549" CONTENT="Fornuften" WC="0.82" LANG="dan"/>
							<SP ID="SP3" WIDTH="42" HPOS="1615" VPOS="549"/>
							<String ID="STRING5" STYLEREFS="STYLE2" HEIGHT="81" WIDTH="174" HPOS="1657" VPOS="553" CONTENT="kand" WC="0.83" LANG="dan"/>
							<SP ID="SP4" WIDTH="48" HPOS="1831" VPOS="553"/>
							<String ID="STRING6" STYLEREFS="STYLE2" HEIGHT="92" WIDTH="210" HPOS="1879" VPOS="552" CONTENT="indste" WC="0.56" LANG="dan"/>
							<SP ID="SP5" WIDTH="68" HPOS="2089" VPOS="552"/>
							<String ID="STRING7" STYLEREFS="STYLE2" HEIGHT="96" WIDTH="180" HPOS="2157" VPOS="556" CONTENT="flyde" WC="0.41" LANG="dan"/>
							<SP ID="SP6" WIDTH="66" HPOS="2337" VPOS="556"/>
							<String ID="STRING8" STYLEREFS="STYLE2" HEIGHT="98" WIDTH="78" HPOS="2403" VPOS="546" CONTENT="af" WC="0.75" LANG="dan"/>
							<SP ID="SP7" WIDTH="56" HPOS="2481" VPOS="546"/>
							<String ID="STRING9" STYLEREFS="STYLE2" HEIGHT="96" WIDTH="272" HPOS="2537" VPOS="549" CONTENT="Religio" SUBS_TYPE="HypPart1" SUBS_CONTENT="Religionens" WC="0.79" LANG="dan"/>
							<HYP CONTENT="-"/>
						</TextLine>
						<TextLine ID="LINE3" HEIGHT="104" WIDTH="1994" HPOS="847" VPOS="666">
							<String ID="STRING10" STYLEREFS="STYLE2" HEIGHT="72" WIDTH="172" HPOS="847" VPOS="684" CONTENT="nens" SUBS_TYPE="HypPart2" SUBS_CONTENT="Religionens" WC="0.99" LANG="dan"/>
							<SP ID="SP8" WIDTH="88" HPOS="1019" VPOS="684"/>
							<String ID="STRING11" STYLEREFS="STYLE2" HEIGHT="72" WIDTH="82" HPOS="1107" VPOS="693" CONTENT="og" WC="0.77" LANG="dan"/>
							<SP ID="SP9" WIDTH="76" HPOS="1189" VPOS="693"/>
							<String ID="STRING12" STYLEREFS="STYLE3" HEIGHT="104" WIDTH="591" HPOS="1265" VPOS="666" CONTENT="Videnskabernes" WC="0.83" LANG="dan"/>
							<SP ID="SP10" WIDTH="99" HPOS="1856" VPOS="666"/>
							<String ID="STRING13" STYLEREFS="STYLE2" HEIGHT="100" WIDTH="370" HPOS="1955" VPOS="668" CONTENT="indbyrdes" WC="0.67" LANG="dan"/>
							<SP ID="SP11" WIDTH="72" HPOS="2325" VPOS="668"/>
							<String ID="STRING14" STYLEREFS="STYLE2" HEIGHT="102" WIDTH="302" HPOS="2397" VPOS="666" CONTENT="Forhold" WC="0.51" LANG="dan"/>
							<SP ID="SP12" WIDTH="68" HPOS="2699" VPOS="666"/>
							<String ID="STRING15" STYLEREFS="STYLE2" HEIGHT="82" WIDTH="74" HPOS="2767" VPOS="667" CONTENT="til" WC="0.75" LANG="dan"/>
						</TextLine>
						<TextLine ID="LINE4" HEIGHT="100" WIDTH="358" HPOS="849" VPOS="788">
							<String ID="STRING16" STYLEREFS="STYLE2" HEIGHT="100" WIDTH="358" HPOS="849" VPOS="788" CONTENT="hinanden." WC="0.78" LANG="dan"/>
						</TextLine>
					</TextBlock>
					<TextBlock xs:type="TextBlockType" ID="ZONE1300671" HEIGHT="1261" WIDTH="1997" HPOS="840" VPOS="1003" xlink:type="simple">
						<TextLine ID="LINE5" HEIGHT="101" WIDTH="1790" HPOS="1046" VPOS="1004">
							<String ID="STRING17" STYLEREFS="STYLE2" HEIGHT="97" WIDTH="342" HPOS="1046" VPOS="1008" CONTENT="Betragte" WC="0.68" LANG="dan"/>
							<SP ID="SP13" WIDTH="66" HPOS="1388" VPOS="1008"/>
							<String ID="STRING18" STYLEREFS="STYLE2" HEIGHT="82" WIDTH="72" HPOS="1454" VPOS="1009" CONTENT="vi" WC="0.48" LANG="dan"/>
							<SP ID="SP14" WIDTH="85" HPOS="1526" VPOS="1009"/>
							<String ID="STRING19" STYLEREFS="STYLE4" HEIGHT="97" WIDTH="593" HPOS="1611" VPOS="1007" CONTENT="Videnskabernes" WC="0.87" LANG="dan"/>
							<SP ID="SP15" WIDTH="70" HPOS="2204" VPOS="1007"/>
							<String ID="STRING20" STYLEREFS="STYLE2" HEIGHT="86" WIDTH="338" HPOS="2274" VPOS="1004" CONTENT="Skiæbne" WC="0.75" LANG="dan"/>
							<SP ID="SP16" WIDTH="64" HPOS="2612" VPOS="1004"/>
							<String ID="STRING21" STYLEREFS="STYLE2" HEIGHT="78" WIDTH="20" HPOS="2676" VPOS="1007" CONTENT="i" WC="1" LANG="dan"/>
							<SP ID="SP17" WIDTH="62" HPOS="2696" VPOS="1007"/>
							<String ID="STRING22" STYLEREFS="STYLE2" HEIGHT="80" WIDTH="78" HPOS="2758" VPOS="1011" CONTENT="de" WC="0.62" LANG="dan"/>
						</TextLine>
						<TextLine ID="LINE6" HEIGHT="105" WIDTH="1986" HPOS="846" VPOS="1121">
							<String ID="STRING23" STYLEREFS="STYLE2" HEIGHT="102" WIDTH="380" HPOS="846" VPOS="1124" CONTENT="fremfarne," WC="0.77" LANG="dan"/>
							<SP ID="SP18" WIDTH="94" HPOS="1226" VPOS="1124"/>
							<String ID="STRING24" STYLEREFS="STYLE2" HEIGHT="94" WIDTH="70" HPOS="1320" VPOS="1121" CONTENT="ja" WC="0.71" LANG="dan"/>
							<SP ID="SP19" WIDTH="58" HPOS="1390" VPOS="1121"/>
							<String ID="STRING25" STYLEREFS="STYLE2" HEIGHT="94" WIDTH="376" HPOS="1448" VPOS="1127" CONTENT="allerældste" WC="0.79" LANG="dan"/>
							<SP ID="SP20" WIDTH="60" HPOS="1824" VPOS="1127"/>
							<String ID="STRING26" STYLEREFS="STYLE2" HEIGHT="102" WIDTH="250" HPOS="1884" VPOS="1122" CONTENT="Tider," WC="0.56" LANG="dan"/>
							<SP ID="SP21" WIDTH="92" HPOS="2134" VPOS="1122"/>
							<String ID="STRING27" STYLEREFS="STYLE2" HEIGHT="80" WIDTH="70" HPOS="2226" VPOS="1122" CONTENT="vi" WC="0.83" LANG="dan"/>
							<SP ID="SP22" WIDTH="92" HPOS="2296" VPOS="1122"/>
							<String ID="STRING28" STYLEREFS="STYLE2" HEIGHT="95" WIDTH="252" HPOS="2388" VPOS="1122" CONTENT="befinde" WC="0.87" LANG="dan"/>
							<SP ID="SP23" WIDTH="70" HPOS="2640" VPOS="1122"/>
							<String ID="STRING29" STYLEREFS="STYLE2" HEIGHT="74" WIDTH="122" HPOS="2710" VPOS="1127" CONTENT="den" WC="0.76" LANG="dan"/>
						</TextLine>
						<TextLine ID="LINE7" HEIGHT="108" WIDTH="1955" HPOS="847" VPOS="1234">
							<String ID="STRING30" STYLEREFS="STYLE4" HEIGHT="101" WIDTH="194" HPOS="847" VPOS="1241" CONTENT="sedse" WC="0.87" LANG="dan"/>
							<SP ID="SP24" WIDTH="89" HPOS="1041" VPOS="1241"/>
							<String ID="STRING31" STYLEREFS="STYLE2" HEIGHT="96" WIDTH="270" HPOS="1130" VPOS="1239" CONTENT="onffelig" WC="0.68" LANG="dan"/>
							<SP ID="SP25" WIDTH="116" HPOS="1400" VPOS="1239"/>
							<String ID="STRING32" STYLEREFS="STYLE2" HEIGHT="74" WIDTH="84" HPOS="1516" VPOS="1261" CONTENT="og" WC="0.51" LANG="dan"/>
							<SP ID="SP26" WIDTH="94" HPOS="1600" VPOS="1261"/>
							<String ID="STRING33" STYLEREFS="STYLE2" HEIGHT="92" WIDTH="134" HPOS="1694" VPOS="1245" CONTENT="god" WC="0.43" LANG="dan"/>
							<SP ID="SP27" WIDTH="90" HPOS="1828" VPOS="1245"/>
							<String ID="STRING34" STYLEREFS="STYLE2" HEIGHT="82" WIDTH="188" HPOS="1918" VPOS="1240" CONTENT="blant" WC="0.82" LANG="nob"/>
							<SP ID="SP28" WIDTH="84" HPOS="2106" VPOS="1240"/>
							<String ID="STRING35" STYLEREFS="STYLE2" HEIGHT="78" WIDTH="126" HPOS="2190" VPOS="1244" CONTENT="den" WC="0.75" LANG="dan"/>
							<SP ID="SP29" WIDTH="88" HPOS="2316" VPOS="1244"/>
							<String ID="STRING36" STYLEREFS="STYLE2" HEIGHT="96" WIDTH="196" HPOS="2404" VPOS="1234" CONTENT="sande" WC="0.86" LANG="dan"/>
							<SP ID="SP30" WIDTH="88" HPOS="2600" VPOS="1234"/>
							<String ID="STRING37" STYLEREFS="STYLE2" HEIGHT="86" WIDTH="114" HPOS="2688" VPOS="1235" CONTENT="Re" SUBS_TYPE="HypPart1" SUBS_CONTENT="Religions" WC="0.71" LANG="dan"/>
							<HYP CONTENT="-"/>
						</TextLine>
						<TextLine ID="LINE8" HEIGHT="101" WIDTH="1990" HPOS="840" VPOS="1351">
							<String ID="STRING38" STYLEREFS="STYLE2" HEIGHT="92" WIDTH="250" HPOS="840" VPOS="1360" CONTENT="ligions" SUBS_TYPE="HypPart2" SUBS_CONTENT="Religions" WC="0.87" LANG="dan"/>
							<SP ID="SP31" WIDTH="102" HPOS="1090" VPOS="1360"/>
							<String ID="STRING39" STYLEREFS="STYLE2" HEIGHT="84" WIDTH="440" HPOS="1192" VPOS="1353" CONTENT="Bekiendere." WC="0.87" LANG="dan"/>
							<SP ID="SP32" WIDTH="242" HPOS="1632" VPOS="1353"/>
							<String ID="STRING40" STYLEREFS="STYLE2" HEIGHT="88" WIDTH="98" HPOS="1874" VPOS="1352" CONTENT="At" WC="0.67" LANG="dan"/>
							<SP ID="SP33" WIDTH="84" HPOS="1972" VPOS="1352"/>
							<String ID="STRING41" STYLEREFS="STYLE2" HEIGHT="74" WIDTH="78" HPOS="2056" VPOS="1358" CONTENT="de" WC="0.67" LANG="dan"/>
							<SP ID="SP34" WIDTH="100" HPOS="2134" VPOS="1358"/>
							<String ID="STRING42" STYLEREFS="STYLE2" HEIGHT="94" WIDTH="214" HPOS="2234" VPOS="1356" CONTENT="ældste" WC="0.69" LANG="dan"/>
							<SP ID="SP35" WIDTH="90" HPOS="2448" VPOS="1356"/>
							<String ID="STRING43" STYLEREFS="STYLE2" HEIGHT="98" WIDTH="292" HPOS="2538" VPOS="1351" CONTENT="hedenffe" WC="0.73" LANG="dan"/>
						</TextLine>
						<TextLine ID="LINE9" HEIGHT="100" WIDTH="1986" HPOS="842" VPOS="1466">
							<String ID="STRING44" STYLEREFS="STYLE2" HEIGHT="86" WIDTH="448" HPOS="842" VPOS="1470" CONTENT="Skribentere" WC="0.81" LANG="dan"/>
							<SP ID="SP36" WIDTH="64" HPOS="1290" VPOS="1470"/>
							<String ID="STRING45" STYLEREFS="STYLE2" HEIGHT="78" WIDTH="198" HPOS="1354" VPOS="1475" CONTENT="allene" WC="1" LANG="nob"/>
							<SP ID="SP37" WIDTH="60" HPOS="1552" VPOS="1475"/>
							<String ID="STRING46" STYLEREFS="STYLE2" HEIGHT="94" WIDTH="254" HPOS="1612" VPOS="1471" CONTENT="tillegge" WC="0.78" LANG="nob"/>
							<SP ID="SP38" WIDTH="58" HPOS="1866" VPOS="1471"/>
							<String ID="STRING47" STYLEREFS="STYLE2" HEIGHT="94" WIDTH="378" HPOS="1924" VPOS="1470" CONTENT="TEgypter," WC="0.75" LANG="dan"/>
							<SP ID="SP39" WIDTH="82" HPOS="2302" VPOS="1470"/>
							<String ID="STRING48" STYLEREFS="STYLE2" HEIGHT="100" WIDTH="444" HPOS="2384" VPOS="1466" CONTENT="Phoenicier," WC="0.71" LANG="dan"/>
						</TextLine>
						<TextLine ID="LINE10" HEIGHT="105" WIDTH="1984" HPOS="843" VPOS="1579">
							<String ID="STRING49" STYLEREFS="STYLE2" HEIGHT="96" WIDTH="350" HPOS="843" VPOS="1588" CONTENT="Chaldæer" WC="0.81" LANG="dan"/>
							<SP ID="SP40" WIDTH="68" HPOS="1193" VPOS="1588"/>
							<String ID="STRING50" STYLEREFS="STYLE2" HEIGHT="76" WIDTH="82" HPOS="1261" VPOS="1603" CONTENT="og" WC="0.54" LANG="dan"/>
							<SP ID="SP41" WIDTH="92" HPOS="1343" VPOS="1603"/>
							<String ID="STRING51" STYLEREFS="STYLE2" HEIGHT="96" WIDTH="274" HPOS="1435" VPOS="1587" CONTENT="omsider" WC="0.53" LANG="dan"/>
							<SP ID="SP42" WIDTH="84" HPOS="1709" VPOS="1587"/>
							<String ID="STRING52" STYLEREFS="STYLE2" HEIGHT="87" WIDTH="364" HPOS="1793" VPOS="1581" CONTENT="Grækerne" WC="0.87" LANG="dan"/>
							<SP ID="SP43" WIDTH="77" HPOS="2157" VPOS="1581"/>
							<String ID="STRING53" STYLEREFS="STYLE5" HEIGHT="97" WIDTH="593" HPOS="2234" VPOS="1579" CONTENT="Videnskabernes" WC="0.88" LANG="dan"/>
						</TextLine>
						<TextLine ID="LINE11" HEIGHT="102" WIDTH="1988" HPOS="841" VPOS="1697">
							<String ID="STRING54" STYLEREFS="STYLE2" HEIGHT="101" WIDTH="388" HPOS="841" VPOS="1697" CONTENT="Opfindelse" WC="0.79" LANG="dan"/>
							<SP ID="SP44" WIDTH="48" HPOS="1229" VPOS="1697"/>
							<String ID="STRING55" STYLEREFS="STYLE2" HEIGHT="74" WIDTH="84" HPOS="1277" VPOS="1719" CONTENT="og" WC="0.54" LANG="dan"/>
							<SP ID="SP45" WIDTH="66" HPOS="1361" VPOS="1719"/>
							<String ID="STRING56" STYLEREFS="STYLE2" HEIGHT="102" WIDTH="282" HPOS="1427" VPOS="1697" CONTENT="Tilvext," WC="0.67" LANG="dan"/>
							<SP ID="SP46" WIDTH="62" HPOS="1709" VPOS="1697"/>
							<String ID="STRING57" STYLEREFS="STYLE2" HEIGHT="60" WIDTH="62" HPOS="1771" VPOS="1721" CONTENT="er" WC="0.79" LANG="dan"/>
							<SP ID="SP47" WIDTH="68" HPOS="1833" VPOS="1721"/>
							<String ID="STRING58" STYLEREFS="STYLE2" HEIGHT="74" WIDTH="72" HPOS="1901" VPOS="1720" CONTENT="ey" WC="0.86" LANG="dan"/>
							<SP ID="SP48" WIDTH="64" HPOS="1973" VPOS="1720"/>
							<String ID="STRING59" STYLEREFS="STYLE2" HEIGHT="70" WIDTH="72" HPOS="2037" VPOS="1714" CONTENT="at" WC="0.66" LANG="dan"/>
							<SP ID="SP49" WIDTH="56" HPOS="2109" VPOS="1714"/>
							<String ID="STRING60" STYLEREFS="STYLE2" HEIGHT="90" WIDTH="236" HPOS="2165" VPOS="1704" CONTENT="undre," WC="0.63" LANG="dan"/>
							<SP ID="SP50" WIDTH="70" HPOS="2401" VPOS="1704"/>
							<String ID="STRING61" STYLEREFS="STYLE2" HEIGHT="98" WIDTH="150" HPOS="2471" VPOS="1697" CONTENT="disse" WC="0.9" LANG="dan"/>
							<SP ID="SP51" WIDTH="38" HPOS="2621" VPOS="1697"/>
							<String ID="STRING62" STYLEREFS="STYLE2" HEIGHT="98" WIDTH="170" HPOS="2659" VPOS="1697" CONTENT="Folk" WC="0.86" LANG="dan"/>
						</TextLine>
						<TextLine ID="LINE12" HEIGHT="101" WIDTH="1984" HPOS="841" VPOS="1810">
							<String ID="STRING63" STYLEREFS="STYLE2" HEIGHT="62" WIDTH="168" HPOS="841" VPOS="1838" CONTENT="vare" WC="0.9" LANG="dan"/>
							<SP ID="SP52" WIDTH="64" HPOS="1009" VPOS="1838"/>
							<String ID="STRING64" STYLEREFS="STYLE2" HEIGHT="66" WIDTH="188" HPOS="1073" VPOS="1831" CONTENT="enten" WC="0.89" LANG="dan"/>
							<SP ID="SP53" WIDTH="68" HPOS="1261" VPOS="1831"/>
							<String ID="STRING65" STYLEREFS="STYLE2" HEIGHT="78" WIDTH="186" HPOS="1329" VPOS="1819" CONTENT="deres" WC="0.72" LANG="dan"/>
							<SP ID="SP54" WIDTH="48" HPOS="1515" VPOS="1819"/>
							<String ID="STRING66" STYLEREFS="STYLE2" HEIGHT="96" WIDTH="546" HPOS="1563" VPOS="1810" CONTENT="Stammefædre" WC="0.78" LANG="dan"/>
							<SP ID="SP55" WIDTH="48" HPOS="2109" VPOS="1810"/>
							<String ID="STRING67" STYLEREFS="STYLE2" HEIGHT="76" WIDTH="148" HPOS="2157" VPOS="1820" CONTENT="eller" WC="0.91" LANG="dan"/>
							<SP ID="SP56" WIDTH="48" HPOS="2305" VPOS="1820"/>
							<String ID="STRING68" STYLEREFS="STYLE2" HEIGHT="97" WIDTH="472" HPOS="2353" VPOS="1814" CONTENT="Læremestere," WC="0.73" LANG="nob"/>
						</TextLine>
						<TextLine ID="LINE13" HEIGHT="107" WIDTH="1978" HPOS="843" VPOS="1925">
							<String ID="STRING69" STYLEREFS="STYLE2" HEIGHT="105" WIDTH="436" HPOS="843" VPOS="1927" CONTENT="Højagtelsen" WC="0.8" LANG="dan"/>
							<SP ID="SP57" WIDTH="58" HPOS="1279" VPOS="1927"/>
							<String ID="STRING70" STYLEREFS="STYLE2" HEIGHT="96" WIDTH="106" HPOS="1337" VPOS="1925" CONTENT="for" WC="0.76" LANG="dan"/>
							<SP ID="SP58" WIDTH="64" HPOS="1443" VPOS="1925"/>
							<String ID="STRING71" STYLEREFS="STYLE2" HEIGHT="80" WIDTH="150" HPOS="1507" VPOS="1935" CONTENT="dem" WC="0.63" LANG="dan"/>
							<SP ID="SP59" WIDTH="66" HPOS="1657" VPOS="1935"/>
							<String ID="STRING72" STYLEREFS="STYLE2" HEIGHT="77" WIDTH="372" HPOS="1723" VPOS="1934" CONTENT="overtalede" WC="0.89" LANG="dan"/>
							<SP ID="SP60" WIDTH="56" HPOS="2095" VPOS="1934"/>
							<String ID="STRING73" STYLEREFS="STYLE2" HEIGHT="96" WIDTH="322" HPOS="2151" VPOS="1928" CONTENT="letteligen" WC="0.82" LANG="dan"/>
							<SP ID="SP61" WIDTH="56" HPOS="2473" VPOS="1928"/>
							<String ID="STRING74" STYLEREFS="STYLE2" HEIGHT="62" WIDTH="72" HPOS="2529" VPOS="1945" CONTENT="at" WC="0.78" LANG="dan"/>
							<SP ID="SP62" WIDTH="58" HPOS="2601" VPOS="1945"/>
							<String ID="STRING75" STYLEREFS="STYLE2" HEIGHT="80" WIDTH="162" HPOS="2659" VPOS="1943" CONTENT="troe," WC="0.7" LANG="dan"/>
						</TextLine>
						<TextLine ID="LINE14" HEIGHT="102" WIDTH="1982" HPOS="841" VPOS="2040">
							<String ID="STRING76" STYLEREFS="STYLE2" HEIGHT="60" WIDTH="74" HPOS="841" VPOS="2066" CONTENT="at" WC="0.64" LANG="dan"/>
							<SP ID="SP63" WIDTH="64" HPOS="915" VPOS="2066"/>
							<String ID="STRING77" STYLEREFS="STYLE2" HEIGHT="74" WIDTH="122" HPOS="979" VPOS="2052" CONTENT="alle" WC="1" LANG="dan"/>
							<SP ID="SP64" WIDTH="64" HPOS="1101" VPOS="2052"/>
							<String ID="STRING78" STYLEREFS="STYLE5" HEIGHT="98" WIDTH="499" HPOS="1165" VPOS="2040" CONTENT="Videnskaber" WC="0.84" LANG="dan"/>
							<SP ID="SP65" WIDTH="53" HPOS="1664" VPOS="2040"/>
							<String ID="STRING79" STYLEREFS="STYLE2" HEIGHT="74" WIDTH="82" HPOS="1717" VPOS="2067" CONTENT="og" WC="0.64" LANG="dan"/>
							<SP ID="SP66" WIDTH="70" HPOS="1799" VPOS="2067"/>
							<String ID="STRING80" STYLEREFS="STYLE2" HEIGHT="76" WIDTH="114" HPOS="1869" VPOS="2050" CONTENT="der" WC="0.62" LANG="dan"/>
							<SP ID="SP67" WIDTH="94" HPOS="1983" VPOS="2050"/>
							<String ID="STRING81" STYLEREFS="STYLE2" HEIGHT="98" WIDTH="216" HPOS="2077" VPOS="2044" CONTENT="havde" WC="0.77" LANG="dan"/>
							<SP ID="SP68" WIDTH="94" HPOS="2293" VPOS="2044"/>
							<String ID="STRING82" STYLEREFS="STYLE2" HEIGHT="98" WIDTH="162" HPOS="2387" VPOS="2044" CONTENT="havt" WC="0.82" LANG="dan"/>
							<SP ID="SP69" WIDTH="84" HPOS="2549" VPOS="2044"/>
							<String ID="STRING83" STYLEREFS="STYLE2" HEIGHT="80" WIDTH="190" HPOS="2633" VPOS="2047" CONTENT="deres" WC="0.8" LANG="dan"/>
						</TextLine>
						<TextLine ID="LINE15" HEIGHT="107" WIDTH="1930" HPOS="841" VPOS="2156">
							<String ID="STRING84" STYLEREFS="STYLE2" HEIGHT="103" WIDTH="422" HPOS="841" VPOS="2157" CONTENT="Oprindelse," WC="0.71" LANG="dan"/>
							<SP ID="SP70" WIDTH="58" HPOS="1263" VPOS="2157"/>
							<String ID="STRING85" STYLEREFS="STYLE2" HEIGHT="106" WIDTH="168" HPOS="1321" VPOS="2157" CONTENT="hvor" WC="0.31" LANG="dan"/>
							<SP ID="SP71" WIDTH="66" HPOS="1489" VPOS="2157"/>
							<String ID="STRING86" STYLEREFS="STYLE2" HEIGHT="80" WIDTH="80" HPOS="1555" VPOS="2165" CONTENT="de" WC="0.64" LANG="dan"/>
							<SP ID="SP72" WIDTH="58" HPOS="1635" VPOS="2165"/>
							<String ID="STRING87" STYLEREFS="STYLE2" HEIGHT="100" WIDTH="124" HPOS="1693" VPOS="2159" CONTENT="selv" WC="0.65" LANG="dan"/>
							<SP ID="SP73" WIDTH="66" HPOS="1817" VPOS="2159"/>
							<String ID="STRING88" STYLEREFS="STYLE2" HEIGHT="102" WIDTH="198" HPOS="1883" VPOS="2156" CONTENT="fandt" WC="0.7" LANG="dan"/>
							<SP ID="SP74" WIDTH="68" HPOS="2081" VPOS="2156"/>
							<String ID="STRING89" STYLEREFS="STYLE2" HEIGHT="82" WIDTH="146" HPOS="2149" VPOS="2166" CONTENT="eller" WC="0.91" LANG="dan"/>
							<SP ID="SP75" WIDTH="66" HPOS="2295" VPOS="2166"/>
							<String ID="STRING90" STYLEREFS="STYLE2" HEIGHT="80" WIDTH="176" HPOS="2361" VPOS="2164" CONTENT="lærte" WC="0.8" LANG="dan"/>
							<SP ID="SP76" WIDTH="66" HPOS="2537" VPOS="2164"/>
							<String ID="STRING91" STYLEREFS="STYLE2" HEIGHT="82" WIDTH="168" HPOS="2603" VPOS="2163" CONTENT="dem." WC="0.63" LANG="dan"/>
						</TextLine>
					</TextBlock>
					<TextBlock xs:type="TextBlockType" ID="ZONE1300672" HEIGHT="1259" WIDTH="1995" HPOS="830" VPOS="2383" xlink:type="simple">
						<TextLine ID="LINE16" HEIGHT="104" WIDTH="1782" HPOS="1042" VPOS="2385">
							<String ID="STRING92" STYLEREFS="STYLE2" HEIGHT="89" WIDTH="166" HPOS="1042" VPOS="2386" CONTENT="Det" WC="0.69" LANG="dan"/>
							<SP ID="SP77" WIDTH="60" HPOS="1208" VPOS="2386"/>
							<String ID="STRING93" STYLEREFS="STYLE2" HEIGHT="98" WIDTH="282" HPOS="1268" VPOS="2387" CONTENT="Jodiffe" WC="0.62" LANG="dan"/>
							<SP ID="SP78" WIDTH="82" HPOS="1550" VPOS="2387"/>
							<String ID="STRING94" STYLEREFS="STYLE2" HEIGHT="100" WIDTH="246" HPOS="1632" VPOS="2389" CONTENT="Folkes" WC="0.84" LANG="dan"/>
							<SP ID="SP79" WIDTH="76" HPOS="1878" VPOS="2389"/>
							<String ID="STRING95" STYLEREFS="STYLE2" HEIGHT="96" WIDTH="532" HPOS="1954" VPOS="2390" CONTENT="guddommelige" WC="0.78" LANG="dan"/>
							<SP ID="SP80" WIDTH="80" HPOS="2486" VPOS="2390"/>
							<String ID="STRING96" STYLEREFS="STYLE2" HEIGHT="86" WIDTH="258" HPOS="2566" VPOS="2385" CONTENT="Skikke" WC="0.87" LANG="dan"/>
						</TextLine>
						<TextLine ID="LINE17" HEIGHT="105" WIDTH="1980" HPOS="840" VPOS="2501">
							<String ID="STRING97" STYLEREFS="STYLE2" HEIGHT="80" WIDTH="222" HPOS="840" VPOS="2508" CONTENT="tillode" WC="0.69" LANG="dan"/>
							<SP ID="SP81" WIDTH="82" HPOS="1062" VPOS="2508"/>
							<String ID="STRING98" STYLEREFS="STYLE2" HEIGHT="74" WIDTH="74" HPOS="1144" VPOS="2523" CONTENT="ey" WC="0.99" LANG="dan"/>
							<SP ID="SP82" WIDTH="76" HPOS="1218" VPOS="2523"/>
							<String ID="STRING99" STYLEREFS="STYLE2" HEIGHT="98" WIDTH="400" HPOS="1294" VPOS="2501" CONTENT="Hedninger" WC="0.72" LANG="dan"/>
							<SP ID="SP83" WIDTH="76" HPOS="1694" VPOS="2501"/>
							<String ID="STRING100" STYLEREFS="STYLE2" HEIGHT="82" WIDTH="218" HPOS="1770" VPOS="2524" CONTENT="nogen" WC="0.75" LANG="dan"/>
							<SP ID="SP84" WIDTH="84" HPOS="1988" VPOS="2524"/>
							<String ID="STRING101" STYLEREFS="STYLE5" HEIGHT="97" WIDTH="341" HPOS="2072" VPOS="2501" CONTENT="fortroelig" WC="0.89" LANG="dan"/>
							<SP ID="SP85" WIDTH="75" HPOS="2413" VPOS="2501"/>
							<String ID="STRING102" STYLEREFS="STYLE2" HEIGHT="97" WIDTH="332" HPOS="2488" VPOS="2502" CONTENT="Omgang" WC="0.68" LANG="dan"/>
						</TextLine>
						<TextLine ID="LINE18" HEIGHT="102" WIDTH="1982" HPOS="840" VPOS="2615">
							<String ID="STRING103" STYLEREFS="STYLE2" HEIGHT="82" WIDTH="146" HPOS="840" VPOS="2624" CONTENT="med" WC="0.55" LANG="dan"/>
							<SP ID="SP86" WIDTH="58" HPOS="986" VPOS="2624"/>
							<String ID="STRING104" STYLEREFS="STYLE2" HEIGHT="76" WIDTH="172" HPOS="1044" VPOS="2624" CONTENT="dette" WC="0.71" LANG="dan"/>
							<SP ID="SP87" WIDTH="64" HPOS="1216" VPOS="2624"/>
							<String ID="STRING105" STYLEREFS="STYLE2" HEIGHT="98" WIDTH="204" HPOS="1280" VPOS="2615" CONTENT="Folk," WC="0.73" LANG="dan"/>
							<SP ID="SP88" WIDTH="60" HPOS="1484" VPOS="2615"/>
							<String ID="STRING106" STYLEREFS="STYLE2" HEIGHT="94" WIDTH="136" HPOS="1544" VPOS="2617" CONTENT="som" WC="0.89" LANG="dan"/>
							<SP ID="SP89" WIDTH="56" HPOS="1680" VPOS="2617"/>
							<String ID="STRING107" STYLEREFS="STYLE2" HEIGHT="98" WIDTH="110" HPOS="1736" VPOS="2619" CONTENT="saa" WC="1" LANG="dan"/>
							<SP ID="SP90" WIDTH="64" HPOS="1846" VPOS="2619"/>
							<String ID="STRING108" STYLEREFS="STYLE2" HEIGHT="96" WIDTH="420" HPOS="1910" VPOS="2620" CONTENT="strengeligen" WC="0.78" LANG="dan"/>
							<SP ID="SP91" WIDTH="66" HPOS="2330" VPOS="2620"/>
							<String ID="STRING109" STYLEREFS="STYLE2" HEIGHT="64" WIDTH="128" HPOS="2396" VPOS="2640" CONTENT="var" WC="0.63" LANG="dan"/>
							<SP ID="SP92" WIDTH="66" HPOS="2524" VPOS="2640"/>
							<String ID="STRING110" STYLEREFS="STYLE2" HEIGHT="90" WIDTH="232" HPOS="2590" VPOS="2615" CONTENT="befalet" WC="0.83" LANG="dan"/>
						</TextLine>
						<TextLine ID="LINE19" HEIGHT="99" WIDTH="1950" HPOS="840" VPOS="2731">
							<String ID="STRING111" STYLEREFS="STYLE2" HEIGHT="64" WIDTH="74" HPOS="840" VPOS="2752" CONTENT="at" WC="0.73" LANG="dan"/>
							<SP ID="SP93" WIDTH="50" HPOS="914" VPOS="2752"/>
							<String ID="STRING112" STYLEREFS="STYLE2" HEIGHT="96" WIDTH="192" HPOS="964" VPOS="2734" CONTENT="holde" WC="0.72" LANG="dan"/>
							<SP ID="SP94" WIDTH="64" HPOS="1156" VPOS="2734"/>
							<String ID="STRING113" STYLEREFS="STYLE2" HEIGHT="94" WIDTH="92" HPOS="1220" VPOS="2733" CONTENT="sig" WC="0.45" LANG="dan"/>
							<SP ID="SP95" WIDTH="54" HPOS="1312" VPOS="2733"/>
							<String ID="STRING114" STYLEREFS="STYLE5" HEIGHT="95" WIDTH="222" HPOS="1366" VPOS="2732" CONTENT="adskilt" WC="0.88" LANG="dan"/>
							<SP ID="SP96" WIDTH="66" HPOS="1588" VPOS="2732"/>
							<String ID="STRING115" STYLEREFS="STYLE2" HEIGHT="96" WIDTH="106" HPOS="1654" VPOS="2731" CONTENT="fra" WC="0.85" LANG="dan"/>
							<SP ID="SP97" WIDTH="68" HPOS="1760" VPOS="2731"/>
							<String ID="STRING116" STYLEREFS="STYLE2" HEIGHT="76" WIDTH="78" HPOS="1828" VPOS="2738" CONTENT="de" WC="0.66" LANG="dan"/>
							<SP ID="SP98" WIDTH="56" HPOS="1906" VPOS="2738"/>
							<String ID="STRING117" STYLEREFS="STYLE2" HEIGHT="98" WIDTH="316" HPOS="1962" VPOS="2732" CONTENT="hedenffe." WC="0.74" LANG="dan"/>
							<SP ID="SP99" WIDTH="160" HPOS="2278" VPOS="2732"/>
							<String ID="STRING118" STYLEREFS="STYLE2" HEIGHT="87" WIDTH="180" HPOS="2438" VPOS="2732" CONTENT="Men" WC="0.76" LANG="dan"/>
							<SP ID="SP100" WIDTH="60" HPOS="2618" VPOS="2732"/>
							<String ID="STRING119" STYLEREFS="STYLE2" HEIGHT="76" WIDTH="112" HPOS="2678" VPOS="2739" CONTENT="der" SUBS_TYPE="HypPart1" SUBS_CONTENT="derover" WC="0.71" LANG="dan"/>
							<HYP CONTENT="-"/>
						</TextLine>
						<TextLine ID="LINE20" HEIGHT="100" WIDTH="1974" HPOS="842" VPOS="2846">
							<String ID="STRING120" STYLEREFS="STYLE2" HEIGHT="62" WIDTH="154" HPOS="842" VPOS="2868" CONTENT="over" SUBS_TYPE="HypPart2" SUBS_CONTENT="derover" WC="0.57" LANG="dan"/>
							<SP ID="SP101" WIDTH="66" HPOS="996" VPOS="2868"/>
							<String ID="STRING121" STYLEREFS="STYLE2" HEIGHT="79" WIDTH="142" HPOS="1062" VPOS="2848" CONTENT="blev" WC="0.85" LANG="dan"/>
							<SP ID="SP102" WIDTH="62" HPOS="1204" VPOS="2848"/>
							<String ID="STRING122" STYLEREFS="STYLE2" HEIGHT="78" WIDTH="168" HPOS="1266" VPOS="2851" CONTENT="dette" WC="0.78" LANG="dan"/>
							<SP ID="SP103" WIDTH="66" HPOS="1434" VPOS="2851"/>
							<String ID="STRING123" STYLEREFS="STYLE2" HEIGHT="98" WIDTH="168" HPOS="1500" VPOS="2847" CONTENT="Folk" WC="0.84" LANG="dan"/>
							<SP ID="SP104" WIDTH="56" HPOS="1668" VPOS="2847"/>
							<String ID="STRING124" STYLEREFS="STYLE2" HEIGHT="96" WIDTH="286" HPOS="1724" VPOS="2847" CONTENT="foragtet" WC="0.74" LANG="dan"/>
							<SP ID="SP105" WIDTH="64" HPOS="2010" VPOS="2847"/>
							<String ID="STRING125" STYLEREFS="STYLE2" HEIGHT="96" WIDTH="136" HPOS="2074" VPOS="2846" CONTENT="som" WC="0.57" LANG="dan"/>
							<SP ID="SP106" WIDTH="66" HPOS="2210" VPOS="2846"/>
							<String ID="STRING126" STYLEREFS="STYLE2" HEIGHT="98" WIDTH="358" HPOS="2276" VPOS="2848" CONTENT="særsindet," WC="0.72" LANG="dan"/>
							<SP ID="SP107" WIDTH="78" HPOS="2634" VPOS="2848"/>
							<String ID="STRING127" STYLEREFS="STYLE2" HEIGHT="76" WIDTH="104" HPOS="2712" VPOS="2853" CONTENT="det" WC="0.7" LANG="dan"/>
						</TextLine>
						<TextLine ID="LINE21" HEIGHT="100" WIDTH="1975" HPOS="842" VPOS="2959">
							<String ID="STRING128" STYLEREFS="STYLE2" HEIGHT="82" WIDTH="147" HPOS="842" VPOS="2966" CONTENT="blev" WC="0.81" LANG="dan"/>
							<SP ID="SP108" WIDTH="66" HPOS="989" VPOS="2966"/>
							<String ID="STRING129" STYLEREFS="STYLE4" HEIGHT="90" WIDTH="207" HPOS="1055" VPOS="2959" CONTENT="anseer" WC="0.88" LANG="dan"/>
							<SP ID="SP109" WIDTH="58" HPOS="1262" VPOS="2959"/>
							<String ID="STRING130" STYLEREFS="STYLE2" HEIGHT="94" WIDTH="135" HPOS="1320" VPOS="2959" CONTENT="som" WC="0.72" LANG="dan"/>
							<SP ID="SP110" WIDTH="63" HPOS="1455" VPOS="2959"/>
							<String ID="STRING131" STYLEREFS="STYLE2" HEIGHT="98" WIDTH="331" HPOS="1518" VPOS="2959" CONTENT="forfalden" WC="0.82" LANG="dan"/>
							<SP ID="SP111" WIDTH="68" HPOS="1849" VPOS="2959"/>
							<String ID="STRING132" STYLEREFS="STYLE2" HEIGHT="82" WIDTH="72" HPOS="1917" VPOS="2964" CONTENT="ril" WC="0.64" LANG="dan"/>
							<SP ID="SP112" WIDTH="62" HPOS="1989" VPOS="2964"/>
							<String ID="STRING133" STYLEREFS="STYLE2" HEIGHT="64" WIDTH="54" HPOS="2051" VPOS="2980" CONTENT="et" WC="0.67" LANG="dan"/>
							<SP ID="SP113" WIDTH="56" HPOS="2105" VPOS="2980"/>
							<String ID="STRING134" STYLEREFS="STYLE2" HEIGHT="93" WIDTH="410" HPOS="2161" VPOS="2966" CONTENT="almindeligt" WC="0.86" LANG="dan"/>
							<SP ID="SP114" WIDTH="43" HPOS="2571" VPOS="2966"/>
							<String ID="STRING135" STYLEREFS="STYLE2" HEIGHT="86" WIDTH="203" HPOS="2614" VPOS="2963" CONTENT="Men«" WC="0.89" LANG="dan"/>
						</TextLine>
						<TextLine ID="LINE22" HEIGHT="103" WIDTH="1980" HPOS="835" VPOS="3073">
							<String ID="STRING136" STYLEREFS="STYLE2" HEIGHT="100" WIDTH="382" HPOS="835" VPOS="3076" CONTENT="niffe&gt;Had." WC="0.72" LANG="dan"/>
							<SP ID="SP115" WIDTH="130" HPOS="1217" VPOS="3076"/>
							<String ID="STRING137" STYLEREFS="STYLE2" HEIGHT="86" WIDTH="208" HPOS="1347" VPOS="3073" CONTENT="Dets" WC="0.66" LANG="dan"/>
							<SP ID="SP116" WIDTH="58" HPOS="1555" VPOS="3073"/>
							<String ID="STRING138" STYLEREFS="STYLE2" HEIGHT="100" WIDTH="236" HPOS="1613" VPOS="3075" CONTENT="Afffye" WC="0.62" LANG="dan"/>
							<SP ID="SP117" WIDTH="78" HPOS="1849" VPOS="3075"/>
							<String ID="STRING139" STYLEREFS="STYLE2" HEIGHT="98" WIDTH="108" HPOS="1927" VPOS="3076" CONTENT="for" WC="0.66" LANG="dan"/>
							<SP ID="SP118" WIDTH="66" HPOS="2035" VPOS="3076"/>
							<String ID="STRING140" STYLEREFS="STYLE2" HEIGHT="100" WIDTH="714" HPOS="2101" VPOS="3076" CONTENT="Afguds-Treuesten," WC="0.63" LANG="dan"/>
						</TextLine>
						<TextLine ID="LINE23" HEIGHT="100" WIDTH="1974" HPOS="837" VPOS="3189">
							<String ID="STRING141" STYLEREFS="STYLE2" HEIGHT="72" WIDTH="82" HPOS="837" VPOS="3214" CONTENT="og" WC="0.42" LANG="dan"/>
							<SP ID="SP119" WIDTH="58" HPOS="919" VPOS="3214"/>
							<String ID="STRING142" STYLEREFS="STYLE2" HEIGHT="60" WIDTH="70" HPOS="977" VPOS="3210" CONTENT="at" WC="0.69" LANG="dan"/>
							<SP ID="SP120" WIDTH="62" HPOS="1047" VPOS="3210"/>
							<String ID="STRING143" STYLEREFS="STYLE2" HEIGHT="71" WIDTH="76" HPOS="1109" VPOS="3198" CONTENT="de" WC="0.79" LANG="dan"/>
							<SP ID="SP121" WIDTH="66" HPOS="1185" VPOS="3198"/>
							<String ID="STRING144" STYLEREFS="STYLE2" HEIGHT="98" WIDTH="294" HPOS="1251" VPOS="3189" CONTENT="hedenffe" WC="0.78" LANG="dan"/>
							<SP ID="SP122" WIDTH="60" HPOS="1545" VPOS="3189"/>
							<String ID="STRING145" STYLEREFS="STYLE2" HEIGHT="88" WIDTH="292" HPOS="1605" VPOS="3189" CONTENT="Guders" WC="0.61" LANG="dan"/>
							<SP ID="SP123" WIDTH="78" HPOS="1897" VPOS="3189"/>
							<String ID="STRING146" STYLEREFS="STYLE2" HEIGHT="86" WIDTH="308" HPOS="1975" VPOS="3192" CONTENT="Billeder" WC="0.79" LANG="dan"/>
							<SP ID="SP124" WIDTH="82" HPOS="2283" VPOS="3192"/>
							<String ID="STRING147" STYLEREFS="STYLE2" HEIGHT="82" WIDTH="124" HPOS="2365" VPOS="3194" CONTENT="ikke" WC="0.81" LANG="dan"/>
							<SP ID="SP125" WIDTH="68" HPOS="2489" VPOS="3194"/>
							<String ID="STRING148" STYLEREFS="STYLE2" HEIGHT="76" WIDTH="254" HPOS="2557" VPOS="3213" CONTENT="engang" WC="0.81" LANG="dan"/>
						</TextLine>
						<TextLine ID="LINE24" HEIGHT="101" WIDTH="1976" HPOS="831" VPOS="3305">
							<String ID="STRING149" STYLEREFS="STYLE2" HEIGHT="84" WIDTH="214" HPOS="831" VPOS="3308" CONTENT="kunde" WC="0.7" LANG="dan"/>
							<SP ID="SP126" WIDTH="58" HPOS="1045" VPOS="3308"/>
							<String ID="STRING150" STYLEREFS="STYLE2" HEIGHT="84" WIDTH="268" HPOS="1103" VPOS="3305" CONTENT="tillades" WC="0.88" LANG="dan"/>
							<SP ID="SP127" WIDTH="58" HPOS="1371" VPOS="3305"/>
							<String ID="STRING151" STYLEREFS="STYLE2" HEIGHT="98" WIDTH="238" HPOS="1429" VPOS="3305" CONTENT="Plads" WC="0.73" LANG="dan"/>
							<SP ID="SP128" WIDTH="62" HPOS="1667" VPOS="3305"/>
							<String ID="STRING152" STYLEREFS="STYLE2" HEIGHT="80" WIDTH="22" HPOS="1729" VPOS="3311" CONTENT="i" WC="0.92" LANG="dan"/>
							<SP ID="SP129" WIDTH="60" HPOS="1751" VPOS="3311"/>
							<String ID="STRING153" STYLEREFS="STYLE2" HEIGHT="76" WIDTH="106" HPOS="1811" VPOS="3314" CONTENT="det" WC="0.62" LANG="dan"/>
							<SP ID="SP130" WIDTH="38" HPOS="1917" VPOS="3314"/>
							<String ID="STRING154" STYLEREFS="STYLE2" HEIGHT="98" WIDTH="278" HPOS="1955" VPOS="3308" CONTENT="Jodiffe" WC="0.57" LANG="dan"/>
							<SP ID="SP131" WIDTH="46" HPOS="2233" VPOS="3308"/>
							<String ID="STRING155" STYLEREFS="STYLE2" HEIGHT="99" WIDTH="312" HPOS="2279" VPOS="3306" CONTENT="Tempel," WC="0.74" LANG="dan"/>
							<SP ID="SP132" WIDTH="82" HPOS="2591" VPOS="3306"/>
							<String ID="STRING156" STYLEREFS="STYLE2" HEIGHT="72" WIDTH="134" HPOS="2673" VPOS="3327" CONTENT="gav" WC="0.79" LANG="dan"/>
						</TextLine>
						<TextLine ID="LINE25" HEIGHT="101" WIDTH="1976" HPOS="835" VPOS="3418">
							<String ID="STRING157" STYLEREFS="STYLE2" HEIGHT="95" WIDTH="380" HPOS="835" VPOS="3418" CONTENT="Anledning" WC="0.81" LANG="dan"/>
							<SP ID="SP133" WIDTH="88" HPOS="1215" VPOS="3418"/>
							<String ID="STRING158" STYLEREFS="STYLE2" HEIGHT="64" WIDTH="70" HPOS="1303" VPOS="3437" CONTENT="at" WC="0.73" LANG="dan"/>
							<SP ID="SP134" WIDTH="82" HPOS="1373" VPOS="3437"/>
							<String ID="STRING159" STYLEREFS="STYLE2" HEIGHT="84" WIDTH="338" HPOS="1455" VPOS="3423" CONTENT="mistænke" WC="0.86" LANG="dan"/>
							<SP ID="SP135" WIDTH="62" HPOS="1793" VPOS="3423"/>
							<String ID="STRING160" STYLEREFS="STYLE2" HEIGHT="74" WIDTH="80" HPOS="1855" VPOS="3444" CONTENT="og" WC="0.69" LANG="dan"/>
							<SP ID="SP136" WIDTH="95" HPOS="1935" VPOS="3444"/>
							<String ID="STRING161" STYLEREFS="STYLE3" HEIGHT="94" WIDTH="278" HPOS="2030" VPOS="3423" CONTENT="beskylde" WC="0.86" LANG="dan"/>
							<SP ID="SP137" WIDTH="93" HPOS="2308" VPOS="3423"/>
							<String ID="STRING162" STYLEREFS="STYLE2" HEIGHT="74" WIDTH="168" HPOS="2401" VPOS="3430" CONTENT="dette" WC="0.76" LANG="dan"/>
							<SP ID="SP138" WIDTH="70" HPOS="2569" VPOS="3430"/>
							<String ID="STRING163" STYLEREFS="STYLE2" HEIGHT="98" WIDTH="172" HPOS="2639" VPOS="3421" CONTENT="Folk" WC="0.78" LANG="dan"/>
						</TextLine>
						<TextLine ID="LINE26" HEIGHT="108" WIDTH="1972" HPOS="835" VPOS="3533">
							<String ID="STRING164" STYLEREFS="STYLE2" HEIGHT="102" WIDTH="110" HPOS="835" VPOS="3534" CONTENT="for" WC="0.57" LANG="dan"/>
							<SP ID="SP139" WIDTH="86" HPOS="945" VPOS="3534"/>
							<String ID="STRING165" STYLEREFS="STYLE2" HEIGHT="62" WIDTH="72" HPOS="1031" VPOS="3556" CONTENT="ar" WC="0.63" LANG="dan"/>
							<SP ID="SP140" WIDTH="86" HPOS="1103" VPOS="3556"/>
							<String ID="STRING166" STYLEREFS="STYLE2" HEIGHT="66" WIDTH="172" HPOS="1189" VPOS="3553" CONTENT="være" WC="0.7" LANG="dan"/>
							<SP ID="SP141" WIDTH="92" HPOS="1361" VPOS="3553"/>
							<String ID="STRING167" STYLEREFS="STYLE2" HEIGHT="78" WIDTH="64" HPOS="1453" VPOS="3543" CONTENT="al" WC="1" LANG="dan"/>
							<SP ID="SP142" WIDTH="86" HPOS="1517" VPOS="3543"/>
							<String ID="STRING168" STYLEREFS="STYLE2" HEIGHT="104" WIDTH="362" HPOS="1603" VPOS="3537" CONTENT="Religions" WC="0.8" LANG="dan"/>
							<SP ID="SP143" WIDTH="94" HPOS="1965" VPOS="3537"/>
							<String ID="STRING169" STYLEREFS="STYLE2" HEIGHT="102" WIDTH="382" HPOS="2059" VPOS="3538" CONTENT="Foragtere." WC="0.67" LANG="dan"/>
							<SP ID="SP144" WIDTH="226" HPOS="2441" VPOS="3538"/>
							<String ID="STRING170" STYLEREFS="STYLE2" HEIGHT="92" WIDTH="140" HPOS="2667" VPOS="3533" CONTENT="De" WC="0.63" LANG="dan"/>
						</TextLine>
					</TextBlock>
					<TextBlock xs:type="TextBlockType" ID="ZONE1300673" HEIGHT="107" WIDTH="359" HPOS="2449" VPOS="3649" xlink:type="simple">
						<TextLine ID="LINE27" HEIGHT="105" WIDTH="359" HPOS="2449" VPOS="3650">
							<String ID="STRING171" STYLEREFS="STYLE2" HEIGHT="105" WIDTH="359" HPOS="2449" VPOS="3650" CONTENT="Verdsiig«" WC="0.66" LANG="dan"/>
						</TextLine>
					</TextBlock>
				</ComposedBlock>
			</PrintSpace>
		</Page>
	</Layout>
</alto>
