2988 4445
81 504 197 98 sande
341 510 147 77 eller
543 503 319 84 indbildte
925 502 287 100 Fordeel
1269 507 193 97 stride
1525 509 161 80 mod
1745 512 127 78 den
1937 534 87 63 an-

84 630 192 74 dens.
406 620 140 86 Ere
608 626 102 93 de,
776 619 134 94 som
940 620 170 100 have
1140 617 388 86 Staternes
1560 623 198 84 Roer
1784 626 20 78 i
1834 626 186 102 Hæn-

84 746 141 87 der,
286 735 377 100 ufredelige,
736 755 193 63 mane
986 735 239 100 enhver
1304 739 369 100 Menighed
1720 760 111 62 om
1928 749 123 82 lidt

83 855 360 97 betydelige
507 848 180 101 Ting
763 852 302 98 udbryde
1145 857 74 78 til
1299 850 288 103 offentlig
1687 854 204 100 Ufred
1967 887 88 76 og

83 968 219 99 Krig,
395 970 155 98 hvis
619 963 251 98 Udfald
929 966 139 96 som
1127 971 137 98 tiest
1345 968 231 102 afsiger
1647 993 77 61 en
1787 972 261 111 Dom,

80 1086 138 96 som
282 1087 194 95 ingen
540 1080 80 101 af
676 1081 344 102 Parterne
1074 1091 308 95 ventede;
1442 1086 92 101 thi
1574 1087 194 99 begge
1796 1092 254 100 befinde

86 1208 189 76 deres
340 1197 153 93 Tab
568 1204 259 95 større,
927 1206 124 76 end
1110 1207 75 76 de
1266 1201 211 101 havde
1538 1201 325 103 forestillet
1926 1214 111 97 sig.

85 1316 516 102 Fredeligheden
649 1337 68 60 er
769 1311 498 106 Tilbøyelighed
1321 1320 74 80 til
1441 1318 230 101 Forlig
1719 1343 80 77 og
1835 1324 176 88 Ven-

81 1434 179 101 stab,
318 1437 126 78 den
494 1433 272 80 overiler
831 1436 91 98 sig
984 1454 74 79 ey
1124 1439 120 78 ved
1310 1434 232 98 enhver
1607 1437 415 98 Fornærmel-

82 1550 96 99 se,
272 1567 152 62 men
506 1548 314 97 begegner
884 1554 126 74 den
1080 1555 148 76 med
1293 1542 77 90 en
1434 1548 606 109 Sagtmvdighed,

81 1664 136 94 som
293 1663 464 97 bestiæmmer,
841 1662 400 97 overbeviser
1323 1688 80 80 og
1481 1665 130 102 ofte
1691 1667 348 103 formilder

77 1780 532 101 Modstanderes
651 1775 388 107 Bitterhed.

270 2006 252 93 GUD
566 2006 242 101 forbød
850 2010 78 100 sit
974 2029 140 81 eget
1168 2011 168 100 Folk
1372 2030 70 68 at
1496 2017 292 100 begynde
1828 2024 207 109 Krig,

77 2128 238 100 førend
365 2135 78 77 de
531 2130 214 96 havde
803 2130 278 80 tilbudet
1123 2129 214 101 Fred,
1423 2136 104 79 det
1601 2156 246 68 maatte
1909 2148 134 85 ikke

81 2250 416 90 overrumple
521 2259 196 80 noget
743 2248 200 76 andet
977 2244 166 98 Folk
1171 2244 544 101 underfundigen.
1827 2256 177 92 Den-

78 2384 82 59 ne
234 2361 176 84 Lovs
480 2363 326 92 naturlige
872 2358 352 101 Billighed
1296 2362 120 100 har
1470 2367 172 94 giort
1714 2371 124 85 den
1914 2374 128 105 fast

78 2478 379 94 almindelig
554 2496 81 77 og
720 2477 185 78 blant
970 2476 289 98 hedenste
1316 2478 211 100 Folk;
1616 2499 147 65 men
1864 2496 175 81 dens

77 2592 532 98 guddommelige
685 2588 462 100 Stadfæstelse
1221 2591 116 83 bør
1407 2598 180 94 giøre
1653 2601 124 83 den
1837 2606 192 101 hellig

83 2730 81 75 og
249 2707 343 95 ubrødelig
673 2707 185 80 blant
923 2712 75 76 de
1085 2707 189 83 bedre
1341 2717 255 95 oplyste.
1783 2718 113 86 En
1963 2721 75 104 af

79 2823 243 85 Guds
392 2820 206 84 Aand
672 2827 240 76 dreven
982 2818 266 101 Apostel
1300 2824 120 100 har
1472 2824 376 107 fvrestrevet
1906 2847 126 76 alle

82 2944 133 91 det,
282 2935 133 96 som
462 2956 75 60 en
580 2934 223 103 Pligt,
866 2952 67 64 at
996 2938 141 95 jage
1194 2937 153 93 efter
1410 2942 177 100 Fred
1654 2956 145 76 med
1868 2952 161 100 hver

77 3054 280 97 Mand,
467 3050 136 92 som
647 3071 60 62 et
771 3049 244 99 Gode,
1125 3059 114 76 der
1325 3078 70 76 ey
1483 3078 300 79 opnaaes
1849 3074 180 79 uden

83 3175 143 75 med
275 3189 225 77 megen
543 3168 203 95 Møje
805 3191 79 73 og
937 3166 303 97 Besvær.
1369 3170 277 89 Skulde
1719 3184 85 76 da
1855 3182 149 100 Jor-

84 3290 166 75 dens
300 3283 314 103 Herstere
642 3305 80 76 og
768 3283 370 99 Negemere
1170 3292 390 94 nogensinde
1598 3300 308 100 undflaae
1934 3304 92 97 sig

86 3396 99 98 for
234 3405 119 76 den
400 3402 281 95 Umage,
748 3399 133 98 som
924 3398 203 104 haver
1170 3423 71 62 en
1286 3402 107 98 saa
1456 3410 129 99 stor
1616 3431 81 78 og
1744 3414 109 84 vis
1888 3414 135 89 Løn

87 3514 20 84 i
147 3514 204 107 Følge
389 3520 146 84 med
571 3518 144 103 sig?

1029 3620 89 105 B
1871 3644 147 107 For
