3070 4478
1033 537 502 100 Arve-Netten.
1649 529 138 94 De
1851 529 372 100 Kongelige
2293 529 314 96 Slægter
2685 533 116 100 har
2849 535 132 104 For-

1037 665 188 104 synet
1265 663 264 96 bestemt
1575 651 76 82 til
1721 649 328 100 Jordens
2127 651 226 96 største
2437 647 368 100 Arvinger;
2867 677 134 62 men

1038 787 79 76 al
1187 785 208 76 denne
1471 771 148 84 Arv
1703 765 208 82 bliver
1985 761 212 90 Dem
2273 785 72 74 ey
2415 765 72 80 til
2579 765 424 106 Lyksalighed,

1043 899 154 80 med
1257 893 258 80 mindre
1581 889 124 78 den
1783 881 340 98 besiddes,
2215 879 292 100 bruges,
2573 895 242 70 ventes-
2873 895 130 74 eller

1041 1017 224 78 Deeles
1317 1009 150 78 med
1505 1017 58 64 er
1613 997 306 96 fredeligt
1971 995 228 84 Sind.
2321 995 210 84 Naar
2569 997 432 106 Besiægtedes

1045 1117 510 112 Fortroelighed
1625 1135 82 74 og
1773 1111 328 98 Venftab
2155 1111 394 96 forvandles
2597 1117 72 80 til
2715 1115 266 86 Mistan-

1049 1245 114 84 ker
1209 1259 82 76 og
1339 1235 200 100 Had,
1603 1231 294 84 kommer
1941 1231 436 96 gemeenligen
2437 1229 194 94 deraf
2671 1237 102 76 det
2813 1233 168 82 bitter-

1051 1363 96 98 ste
1199 1375 84 76 og
1329 1349 128 98 ofte
1495 1345 398 98 uforsonlige
1943 1345 384 102 Fiendftab.
2517 1347 250 100 Iblant
2811 1355 72 76 de
2925 1373 54 60 re-

1053 1475 306 98 gierende
1409 1463 316 98 Slægter
1773 1463 122 96 har
1945 1467 172 76 dette
2171 1461 130 98 ofte
2349 1483 80 78 og
2481 1467 166 78 altid
2683 1463 320 100 forgeligen

1055 1591 318 92 tildraget
1411 1579 110 104 sig.
1665 1577 186 88 Den
1913 1575 302 102 fredelige
2252 1578 517 98 Konge-Slægt
2811 1577 188 98 frelses

1053 1705 310 82 derimod
1409 1697 108 94 fra
1561 1705 168 74 dette
1773 1695 254 96 Onde,
2103 1717 84 76 og
2255 1717 64 60 er
2385 1701 238 80 derved
2697 1695 160 100 højst
2895 1699 82 94 lyk-

1051 1819 186 96 salig.
1421 1811 184 88 Den
1689 1813 376 100 blomstrer,
2139 1813 260 96 tiltager
2465 1835 82 74 og
2607 1813 196 80 bliver
2841 1825 160 86 varig

1055 1935 380 98 formedelst
1503 1949 78 60 en
1649 1927 368 98 indbyrdes
2093 1929 490 102 Forligelighed
2649 1951 80 74 og
2799 1927 182 84 Sam-

1055 2043 432 102 drægtighed.
1617 2041 136 90 De
1781 2039 338 100 foreenede
2175 2045 474 86 Nederlandes
2685 2043 316 98 Valsprog

1059 2165 130 102 har
1251 2167 98 96 sin
1411 2161 376 98 Rigtighed
1843 2181 82 76 og
1963 2161 18 78 i
2023 2159 392 102 Henseende
2461 2165 74 80 til
2573 2169 76 76 de
2673 2161 328 98 Kongelige

1063 2277 238 104 Huses
1347 2279 280 96 timelige
1675 2275 410 104 Lyksalighed
2133 2301 86 78 og
2259 2277 372 104 Velstand.

1241 2509 442 102 Fredelighed
1737 2513 152 94 gior
1961 2517 304 78 desuden
2347 2533 76 60 en
2495 2513 504 98 Konge-Slægt

1053 2625 266 100 lyksalig
1391 2623 374 102 formedelst
1829 2635 128 76 den
2023 2627 414 94 velfortienre
2501 2631 370 100 Højagtelse
2929 2633 71 94 og

1057 2741 394 100 Kierlighed
1497 2739 80 98 af
1605 2749 250 94 andre,
1919 2745 138 92 som
2107 2753 126 76 ved
2283 2751 124 76 den
2455 2751 260 78 vindes.
2825 2745 152 90 Den-

1059 2879 88 62 ne
1189 2857 236 98 Dyds
1475 2855 376 104 Dejlighed
1895 2863 268 94 glimrer
2207 2869 210 92 endog
2451 2869 20 76 i
2501 2863 222 100 Øjne,
2777 2861 124 96 som
2941 2869 38 74 el-

1055 2981 144 76 lers
1241 2969 262 106 forlyste
1551 2979 92 94 sig
1677 2983 148 76 med
1861 2983 106 76 det
1997 2979 380 98 Lastefulde.
2491 2981 180 86 Den
2697 2977 302 98 ufredeligr

1057 3089 628 102 Mennifte-Hader
1703 3093 182 96 elfter
1903 3091 644 106 selvFredeligheden
2569 3099 124 98 hos
2713 3103 208 90 andre,
2940 3113 61 76 og

1059 3209 140 76 den
1235 3203 136 94 som
1405 3205 372 96 overfalder
1821 3217 236 92 andre,
2095 3215 92 80 vil
2219 3219 130 92 dog
2391 3237 74 72 ey
2497 3215 120 92 selv
2651 3211 348 96 overfaldes.

1061 3319 422 100 Misbruges
1505 3329 122 76 end
1649 3331 76 76 de
1741 3323 254 88 Godes
2019 3327 434 102 Fredelighed
2473 3331 76 92 af
2563 3329 304 98 deØnde,
2883 3325 120 98 disse

1063 3435 180 82 kand
1265 3443 128 90 dog
1413 3461 72 76 ey
1503 3439 294 100 borkjage
1817 3441 80 98 af
1913 3451 190 74 deres
2139 3445 274 100 Hjerter
2445 3457 66 74 al
2525 3445 362 104 Højagtelse
2918 3440 83 116 for

1065 3569 86 66 <n
1181 3549 110 100 faa
1329 3553 200 102 herlig
1555 3555 212 104 Dyd.
1895 3559 318 102 Dydens
2235 3561 396 92 Skiønuere
2651 3586 77 75 og
2759 3563 244 84 Kiende-

2951 3685 54 70 rc
