3164 4584
2069 377 50 92 5

124 553 376 102 menhæng,
568 573 82 78 og
716 552 246 97 derhos
1032 572 72 62 at
1170 554 234 81 bevare
1466 556 210 81 baade
1746 563 76 79 de
1881 581 194 81 unæg-

123 676 203 91 telige,
399 678 74 72 de
519 674 426 93 troeværdige
1023 693 82 75 og
1153 676 80 77 de
1291 671 286 97 rimelige
1639 671 240 88 Bevis
1959 703 138 76 paa

125 796 117 79 den
307 793 299 91 plankede
675 787 363 98 Religions
1101 786 391 101 Sandhed:
1565 796 241 80 derved
1875 793 223 80 virkes

124 928 74 59 en
270 909 204 92 større
544 903 582 101 Overbevisning,
1192 904 136 97 som
1410 912 128 92 dog
1600 929 72 76 ey
1744 905 186 99 faaer
1994 913 98 96 sin

121 1020 368 97 fuldkomne
561 1019 270 97 Styrke
923 1029 176 76 uden
1181 1030 124 76 den
1387 1026 484 94 overnaturlige
1938 1022 125 101 Op-

123 1139 279 98 lysning.
519 1137 207 84 Naar
785 1146 79 75 de
915 1142 315 104 verdsiige
1287 1138 466 100 Videnskaber
1811 1140 243 97 forsøm-

122 1265 174 88 mes,
364 1262 146 74 eller
580 1257 126 80 ilde
780 1257 278 99 dyrkes,
1122 1258 296 102 svækkes,
1488 1256 386 98 fordunkles
1942 1267 148 74 eller

119 1375 226 94 næsten
407 1373 342 102 udstukkes
818 1378 107 77 det
1002 1375 169 99 Lys,
1240 1375 131 94 som
1442 1375 375 101 Fornuften
1880 1378 121 100 har
2066 1381 21 78 i

119 1486 409 99 Besiddelse:
595 1495 75 76 de
733 1488 133 94 som
933 1489 255 99 foragte
1259 1515 79 74 og
1395 1502 271 88 glemme
1725 1502 63 74 al
1845 1503 207 76 verds-

118 1611 82 90 lig
262 1601 354 104 Visdom,
672 1603 292 99 forføres
1044 1611 314 96 letteligen
1412 1614 72 78 til
1548 1631 70 62 at
1680 1609 254 101 foragte
1998 1635 80 74 og

117 1729 272 88 glemme
476 1728 123 75 den
653 1726 586 99 guddommelige,
1330 1727 131 92 som
1550 1726 259 98 fordrer
1874 1734 205 94 større

113 1834 619 102 Agtpaagivenhed,
797 1841 480 100 ubehageligere
1309 1841 288 99 Arbejde
1637 1869 79 76 og
1759 1847 288 101 bestandi-

110 1972 146 79 gere
324 1950 548 106 Taalmodighed.

283 2185 188 85 Uden
519 2187 274 95 ideligen
839 2190 364 98 igiemagne
1259 2195 330 85 Mirakler
1647 2221 66 58 er
1787 2206 102 74 det
1949 2197 123 102 fast

104 2304 352 96 umueligt,
524 2321 70 66 at
636 2309 122 76 den
804 2306 192 92 sande
1046 2310 316 99 Religion
1418 2317 392 98 nogensinde
1866 2318 212 81 kunde

110 2418 269 81 bevares
434 2418 183 81 blant
668 2419 191 102 Folk,
964 2423 131 94 som
1150 2430 187 95 ingen
1414 2432 153 98 Flid
1622 2435 91 80 vil
1776 2441 299 74 anvende

109 2554 126 75 paa
285 2537 314 102 verdflige
659 2535 510 102 Videnskabers
1227 2543 372 102 Dyrkning
1671 2571 80 74 og
1821 2548 224 86 Vedli-

110 2648 356 97 geholdelse.
594 2649 138 89 De
790 2662 490 95 ailertydeligste
1346 2661 230 87 Bevis
1624 2689 134 74 paa
1824 2664 245 87 Guds

108 2762 413 105 Tilværelse,
626 2775 335 96 uendelige
1056 2776 607 105 Fuldkommenhed
1766 2806 83 76 og
1944 2785 127 92 vise

105 2878 354 102 Regiering
527 2905 98 58 ere
689 2886 64 92 jo
813 2890 222 82 blevne
1107 2892 418 96 fordunklede
1607 2923 80 74 og
1785 2904 282 99 omsider

107 2994 327 99 forglemte
495 3001 181 81 blaut
736 3012 116 72 alle
922 3013 168 93 dem,
1147 3010 131 94 som
1356 3015 166 98 have
1582 3017 344 83 vedblevet
1992 3037 72 64 at

108 3110 241 101 foragte
415 3113 508 99 Videnskaber
1032 3125 217 101 Hvad
1288 3133 277 81 Under?
1632 3157 107 58 om
1788 3140 75 74 de
1912 3138 119 95 lige-

103 3228 100 95 saa
277 3236 274 95 tydelige
633 3233 242 87 Bevis
951 3259 140 76 paa
1157 3248 122 75 den
1353 3248 452 84 aabenbarede
1873 3250 162 87 Reli-

105 3353 183 88 gions
357 3348 359 103 Sandhed
790 3376 72 75 ey
940 3355 78 94 af
1075 3358 327 94 saadanne
1446 3367 460 101 paaskionnes,
1976 3395 82 72 og

106 3461 204 96 derfor
360 3488 190 59 maae
622 3469 164 81 blive
852 3474 456 96 uvirksomme.
1494 3480 363 104 Mirakler,
1922 3486 137 93 som

101 3574 92 103 for
243 3601 234 81 mange
539 3583 492 109 Aarhundrede
1105 3594 176 86 siden
1357 3595 164 103 have
1567 3601 306 99 tildraget
1921 3610 136 93 sig;

1089 3708 65 86 A
1223 3729 33 82 z
1805 3718 259 103 Spaa-
