3182 4493
2103 321 264 91 9950
2229 328 140 84 JR*

1220 514 62 66 et
1310 496 292 101 Positur
1629 493 311 98 saaende-
1962 497 146 76 med
2142 513 58 61 et
2230 492 214 103 Speil
2482 499 18 78 i
2532 503 120 79 den
2688 520 132 65 eene
2854 527 76 81 og
2962 513 76 80 en

1217 634 288 99 Slange
1539 636 20 76 i
1585 642 122 74 den
1739 639 216 77 anden
1985 632 302 99 Haand,
2339 637 124 78 nok
2501 653 98 83 et,
2647 638 130 96 som
2815 618 197 138 presen-

1216 788 258 72 tererset
1414 793 60 62 et
1519 771 493 101 Fruentimmer
2057 775 499 116 saaende-med
2408 785 142 77 med
2604 798 76 62 en
2731 781 287 86 Laurbær-

1216 914 297 82 Krands
1550 914 21 76 i
1600 912 345 97 Haanden
1970 932 77 75 og
2062 911 227 98 Hielm
2310 934 129 74 paa
2460 915 317 103 Hovedet.
2881 896 159 135 Pa

1219 1058 124 76 den
1397 1053 128 92 side
1589 1046 83 94 af
1709 1047 270 98 Porten
2027 1047 134 94 som
2215 1058 243 77 vender
2521 1062 151 78 mod
2737 1059 303 105 Slottet,

1218 1196 132 90 sees
1378 1189 30 78 i
1438 1186 446 100 ligesaadanne
1932 1186 496 102 Fordybninger
2480 1194 560 106 2de.Positurer,

1219 1336 108 76 det
1367 1347 142 63 eene
1555 1329 305 93 saaende
1897 1324 100 96 for
2039 1343 60 64 et
2147 1325 182 85 Alter
2375 1341 286 86 gydende
2709 1337 268 98 Røgelse
3021 1342 20 80 i

1217 1466 253 100 Ilden,
1541 1472 121 76 den
1694 1469 214 79 anden
1924 1465 380 95 presenteres
2324 1479 144 74 med
2492 1493 72 61 en
2585 1474 175 92 Due
2774 1477 20 80 i
2812 1475 202 103 Haan-

1216 1610 125 78 den
1376 1627 83 74 og
1492 1625 77 59 en
1604 1602 215 85 Stav
1858 1606 19 78 i
1914 1610 121 76 den
2064 1611 213 77 anden
2312 1608 289 101 Haand.

1421 1737 175 91 Ved
1637 1740 175 98 siden
1845 1742 77 96 af
1957 1742 269 101 Porten
2269 1746 127 92 sees
2459 1755 121 77 2de
2635 1750 160 98 have
2843 1751 195 101 Piller

1216 1889 616 93 grøirmarmorede
1866 1888 146 76 med
2046 1883 360 100 forgyldede
2426 1887 310 98 Krandse
2756 1870 306 117 saaende

1213 2042 138 76 paa
1395 2041 80 60 en
1513 2022 308 98 firkantet
1853 2022 152 100 Fod
2053 2031 142 77 med
2245 2031 208 80 runde
2511 2027 354 101 Gesimser,
2915 2052 120 76 paa

1216 2162 158 94 hver
1402 2165 126 90 side
1564 2158 78 98 af
1680 2161 302 100 Pillerne
2028 2165 248 97 hænger
2332 2184 44 63 2
2430 2165 454 86 Skibsankere
2916 2172 92 94 ziir-

1210 2300 93 96 lig
1336 2297 339 100 forgyldte.
1784 2301 69 101 I
1888 2302 301 84 Eanalen
2218 2324 131 74 paa
2392 2307 151 88 hver
2576 2310 121 94 side
2720 2307 63 94 af
2804 2307 223 87 Broen

1206 2437 132 95 sees
1729 2447 147 75 med
1903 2466 85 66 19
2027 2441 315 84 Canoner
2383 2447 151 92 hver
2561 2423 492 123 udeieskedeFrisZv

1676 2600 80 75 og
1782 2579 461 101 Fredensborg
2258 2636 25 48 ,
2342 2582 132 95 som
2496 2592 140 76 med
2666 2592 172 77 deres
2870 2583 156 93 Tor«
3172 2639 6 30 *

1209 2720 122 76 den
1369 2713 124 98 stal
1521 2714 268 92 salutere
1827 2717 456 103 Prin&fejfen
2317 2744 82 77 og
2433 2727 242 83 bebude
2693 2726 304 94 Undersaa-

1202 2866 228 83 terne,
1490 2861 204 77 denne
1726 2857 386 100 høytidelige
2144 2859 336 102 Ankomst.

1406 2991 461 102 Prmzcficns
1910 2998 541 98 Indtogs-Tour
2480 3005 193 81 bliver
2724 3005 291 94 saaledes:

1197 3103 222 106 Raab
1453 3129 179 99 Hun
1681 3133 387 84 ankommer
2127 3161 131 68 paa
2315 3129 323 109 Rehöen,
2697 3149 319 91 modtages

1194 3260 84 94 af
1318 3268 120 79 den
1506 3268 364 103 Kongelige
1922 3278 435 96 Ehalouppe,
2410 3279 132 92 som
2588 3280 169 94 fører
2800 3283 216 98 Hende

1191 3402 198 99 langs
1415 3405 316 98 igiennem
1753 3411 332 104 Eanalen,
2119 3413 198 98 forbie
2339 3416 416 103 Budenhofs
2771 3421 240 98 Plads,

2766 3561 152 98 hvor
