<?xml version="1.0" encoding="utf-8"?>
<alto xmlns="http://www.loc.gov/standards/alto/ns-v3#" xmlns:xs="http://www.w3.org/2001/XMLSchema-instance" xmlns:xlink="http://www.w3.org/1999/xlink">
	<Description>
		<MeasurementUnit>pixel</MeasurementUnit>
		<sourceImageInformation>
			<fileName>130017168100_2_022_014_016.tif</fileName>
		</sourceImageInformation>
		<OCRProcessing ID="OCR1">
			<ocrProcessingStep>
				<processingDateTime>2018-09-15</processingDateTime>
				<processingAgency>Zissor AS</processingAgency>
				<processingStepSettings>Combined OCR</processingStepSettings>
				<processingSoftware>
					<softwareCreator>Zissor AS</softwareCreator>
					<softwareName>ContentOCR-11; ContentOCR-Tesseract</softwareName>
					<softwareVersion>2.0.2; 2.0.0</softwareVersion>
					<applicationDescription>OCR Component for Zissor Content System</applicationDescription>
				</processingSoftware>
			</ocrProcessingStep>
		</OCRProcessing>
	</Description>
	<Styles>
		<TextStyle ID="STYLE1" FONTFAMILY="Times New Roman" FONTSIZE="14" FONTSTYLE=""/>
		<TextStyle ID="STYLE2" FONTFAMILY="Times New Roman" FONTSIZE="17" FONTSTYLE=""/>
		<TextStyle ID="STYLE3" FONTFAMILY="Arial" FONTSIZE="12" FONTSTYLE=""/>
		<TextStyle ID="STYLE4" FONTFAMILY="Arial" FONTSIZE="13" FONTSTYLE=""/>
		<TextStyle ID="STYLE5" FONTFAMILY="Times New Roman" FONTSIZE="15" FONTSTYLE="bold"/>
	</Styles>
	<Layout>
		<Page ID="PAGE418" HEIGHT="4481" WIDTH="2883" PHYSICAL_IMG_NR="418" PROCESSING="OCR1" PC="0.82">
			<TopMargin HEIGHT="508" WIDTH="2883" HPOS="0" VPOS="0"/>
			<LeftMargin HEIGHT="3208" WIDTH="830" HPOS="0" VPOS="508"/>
			<RightMargin HEIGHT="3208" WIDTH="59" HPOS="2824" VPOS="508"/>
			<BottomMargin HEIGHT="763" WIDTH="2883" HPOS="0" VPOS="3718"/>
			<PrintSpace ID="PRINTSPACE1" HEIGHT="3208" WIDTH="1992" HPOS="831" VPOS="509">
				<ComposedBlock xs:type="ComposedBlockType" ID="ARTICLE126728" HEIGHT="3208" WIDTH="1992" HPOS="831" VPOS="509" xlink:type="simple">
					<TextBlock xs:type="TextBlockType" ID="ZONE1300694" HEIGHT="214" WIDTH="1974" HPOS="849" VPOS="509" xlink:type="simple">
						<TextLine ID="LINE1" HEIGHT="106" WIDTH="1974" HPOS="849" VPOS="509">
							<String ID="STRING1" STYLEREFS="STYLE1" HEIGHT="74" WIDTH="150" HPOS="849" VPOS="523" CONTENT="rede" WC="0.68" LANG="dan"/>
							<SP ID="SP1" WIDTH="44" HPOS="999" VPOS="523"/>
							<String ID="STRING2" STYLEREFS="STYLE1" HEIGHT="98" WIDTH="362" HPOS="1043" VPOS="513" CONTENT="Religions" WC="0.77" LANG="dan"/>
							<SP ID="SP2" WIDTH="30" HPOS="1405" VPOS="513"/>
							<String ID="STRING3" STYLEREFS="STYLE1" HEIGHT="96" WIDTH="442" HPOS="1435" VPOS="511" CONTENT="Bekiendere," WC="0.8" LANG="deu"/>
							<SP ID="SP3" WIDTH="70" HPOS="1877" VPOS="511"/>
							<String ID="STRING4" STYLEREFS="STYLE1" HEIGHT="76" WIDTH="84" HPOS="1947" VPOS="531" CONTENT="og" WC="0.45" LANG="dan"/>
							<SP ID="SP4" WIDTH="36" HPOS="2031" VPOS="531"/>
							<String ID="STRING5" STYLEREFS="STYLE1" HEIGHT="102" WIDTH="406" HPOS="2067" VPOS="509" CONTENT="Religionen" WC="0.79" LANG="deu"/>
							<SP ID="SP5" WIDTH="36" HPOS="2473" VPOS="509"/>
							<String ID="STRING6" STYLEREFS="STYLE1" HEIGHT="94" WIDTH="124" HPOS="2509" VPOS="515" CONTENT="selv" WC="0.79" LANG="nob"/>
							<SP ID="SP6" WIDTH="46" HPOS="2633" VPOS="515"/>
							<String ID="STRING7" STYLEREFS="STYLE1" HEIGHT="100" WIDTH="144" HPOS="2679" VPOS="515" CONTENT="fot*" WC="0.32" LANG="nob"/>
						</TextLine>
						<TextLine ID="LINE2" HEIGHT="98" WIDTH="1112" HPOS="851" VPOS="625">
							<String ID="STRING8" STYLEREFS="STYLE1" HEIGHT="82" WIDTH="226" HPOS="851" VPOS="633" CONTENT="binder" WC="0.67" LANG="dan"/>
							<SP ID="SP7" WIDTH="46" HPOS="1077" VPOS="633"/>
							<String ID="STRING9" STYLEREFS="STYLE1" HEIGHT="64" WIDTH="70" HPOS="1123" VPOS="649" CONTENT="at" WC="0.62" LANG="dan"/>
							<SP ID="SP8" WIDTH="50" HPOS="1193" VPOS="649"/>
							<String ID="STRING10" STYLEREFS="STYLE1" HEIGHT="80" WIDTH="232" HPOS="1243" VPOS="631" CONTENT="bevare" WC="0.81" LANG="dan"/>
							<SP ID="SP9" WIDTH="54" HPOS="1475" VPOS="631"/>
							<String ID="STRING11" STYLEREFS="STYLE1" HEIGHT="74" WIDTH="122" HPOS="1529" VPOS="635" CONTENT="den" WC="0.76" LANG="dan"/>
							<SP ID="SP10" WIDTH="52" HPOS="1651" VPOS="635"/>
							<String ID="STRING12" STYLEREFS="STYLE1" HEIGHT="98" WIDTH="260" HPOS="1703" VPOS="625" CONTENT="samme." WC="0.9" LANG="dan"/>
						</TextLine>
					</TextBlock>
					<TextBlock xs:type="TextBlockType" ID="ZONE1300695" HEIGHT="2416" WIDTH="1984" HPOS="831" VPOS="847" xlink:type="simple">
						<TextLine ID="LINE3" HEIGHT="110" WIDTH="1720" HPOS="1091" VPOS="847">
							<String ID="STRING13" STYLEREFS="STYLE2" HEIGHT="110" WIDTH="428" HPOS="1091" VPOS="847" CONTENT="Abraham" WC="0.4" LANG="dan"/>
							<SP ID="SP11" WIDTH="104" HPOS="1519" VPOS="847"/>
							<String ID="STRING14" STYLEREFS="STYLE1" HEIGHT="76" WIDTH="80" HPOS="1623" VPOS="879" CONTENT="og" WC="0.6" LANG="dan"/>
							<SP ID="SP12" WIDTH="94" HPOS="1703" VPOS="879"/>
							<String ID="STRING15" STYLEREFS="STYLE1" HEIGHT="76" WIDTH="80" HPOS="1797" VPOS="863" CONTENT="de" WC="0.68" LANG="dan"/>
							<SP ID="SP13" WIDTH="80" HPOS="1877" VPOS="863"/>
							<String ID="STRING16" STYLEREFS="STYLE1" HEIGHT="94" WIDTH="228" HPOS="1957" VPOS="859" CONTENT="øvrige" WC="0.83" LANG="dan"/>
							<SP ID="SP14" WIDTH="82" HPOS="2185" VPOS="859"/>
							<String ID="STRING17" STYLEREFS="STYLE1" HEIGHT="98" WIDTH="544" HPOS="2267" VPOS="857" CONTENT="Stammefædre" WC="0.65" LANG="dan"/>
						</TextLine>
						<TextLine ID="LINE4" HEIGHT="106" WIDTH="1932" HPOS="843" VPOS="973">
							<String ID="STRING18" STYLEREFS="STYLE1" HEIGHT="100" WIDTH="108" HPOS="843" VPOS="979" CONTENT="for" WC="0.6" LANG="dan"/>
							<SP ID="SP15" WIDTH="58" HPOS="951" VPOS="979"/>
							<String ID="STRING19" STYLEREFS="STYLE1" HEIGHT="76" WIDTH="108" HPOS="1009" VPOS="985" CONTENT="det" WC="0.85" LANG="dan"/>
							<SP ID="SP16" WIDTH="60" HPOS="1117" VPOS="985"/>
							<String ID="STRING20" STYLEREFS="STYLE1" HEIGHT="100" WIDTH="278" HPOS="1177" VPOS="975" CONTENT="Jødiske" WC="0.75" LANG="dan"/>
							<SP ID="SP17" WIDTH="64" HPOS="1455" VPOS="975"/>
							<String ID="STRING21" STYLEREFS="STYLE1" HEIGHT="100" WIDTH="170" HPOS="1519" VPOS="973" CONTENT="Folk" WC="0.77" LANG="dan"/>
							<SP ID="SP18" WIDTH="62" HPOS="1689" VPOS="973"/>
							<String ID="STRING22" STYLEREFS="STYLE1" HEIGHT="62" WIDTH="192" HPOS="1751" VPOS="991" CONTENT="mane" WC="0.16" LANG="dan"/>
							<SP ID="SP19" WIDTH="64" HPOS="1943" VPOS="991"/>
							<String ID="STRING23" STYLEREFS="STYLE1" HEIGHT="94" WIDTH="406" HPOS="2007" VPOS="977" CONTENT="unegteligen" WC="0.87" LANG="dan"/>
							<SP ID="SP20" WIDTH="60" HPOS="2413" VPOS="977"/>
							<String ID="STRING24" STYLEREFS="STYLE1" HEIGHT="96" WIDTH="166" HPOS="2473" VPOS="977" CONTENT="have" WC="0.75" LANG="dan"/>
							<SP ID="SP21" WIDTH="66" HPOS="2639" VPOS="977"/>
							<String ID="STRING25" STYLEREFS="STYLE1" HEIGHT="78" WIDTH="70" HPOS="2705" VPOS="981" CONTENT="be" SUBS_TYPE="HypPart1" SUBS_CONTENT="besiddet" WC="0.63" LANG="dan"/>
							<HYP CONTENT="-"/>
						</TextLine>
						<TextLine ID="LINE5" HEIGHT="110" WIDTH="1968" HPOS="837" VPOS="1087">
							<String ID="STRING26" STYLEREFS="STYLE1" HEIGHT="94" WIDTH="206" HPOS="837" VPOS="1103" CONTENT="siddet" SUBS_TYPE="HypPart2" SUBS_CONTENT="besiddet" WC="0.75" LANG="dan"/>
							<SP ID="SP22" WIDTH="56" HPOS="1043" VPOS="1103"/>
							<String ID="STRING27" STYLEREFS="STYLE1" HEIGHT="92" WIDTH="206" HPOS="1099" VPOS="1099" CONTENT="større" WC="0.69" LANG="dan"/>
							<SP ID="SP23" WIDTH="58" HPOS="1305" VPOS="1099"/>
							<String ID="STRING28" STYLEREFS="STYLE1" HEIGHT="98" WIDTH="370" HPOS="1363" VPOS="1087" CONTENT="Vittighed" WC="0.69" LANG="dan"/>
							<SP ID="SP24" WIDTH="84" HPOS="1733" VPOS="1087"/>
							<String ID="STRING29" STYLEREFS="STYLE1" HEIGHT="76" WIDTH="84" HPOS="1817" VPOS="1109" CONTENT="og" WC="0.77" LANG="dan"/>
							<SP ID="SP25" WIDTH="78" HPOS="1901" VPOS="1109"/>
							<String ID="STRING30" STYLEREFS="STYLE1" HEIGHT="100" WIDTH="152" HPOS="1979" VPOS="1091" CONTENT="flere" WC="0.95" LANG="dan"/>
							<SP ID="SP26" WIDTH="74" HPOS="2131" VPOS="1091"/>
							<String ID="STRING31" STYLEREFS="STYLE1" HEIGHT="102" WIDTH="382" HPOS="2205" VPOS="1089" CONTENT="Indsigter," WC="0.79" LANG="dan"/>
							<SP ID="SP27" WIDTH="96" HPOS="2587" VPOS="1089"/>
							<String ID="STRING32" STYLEREFS="STYLE1" HEIGHT="76" WIDTH="122" HPOS="2683" VPOS="1099" CONTENT="end" WC="0.75" LANG="dan"/>
						</TextLine>
						<TextLine ID="LINE6" HEIGHT="108" WIDTH="1968" HPOS="843" VPOS="1201">
							<String ID="STRING33" STYLEREFS="STYLE1" HEIGHT="90" WIDTH="116" HPOS="843" VPOS="1219" CONTENT="de," WC="0.6" LANG="dan"/>
							<SP ID="SP28" WIDTH="70" HPOS="959" VPOS="1219"/>
							<String ID="STRING34" STYLEREFS="STYLE1" HEIGHT="94" WIDTH="138" HPOS="1029" VPOS="1207" CONTENT="som" WC="0.45" LANG="dan"/>
							<SP ID="SP29" WIDTH="70" HPOS="1167" VPOS="1207"/>
							<String ID="STRING35" STYLEREFS="STYLE1" HEIGHT="76" WIDTH="22" HPOS="1237" VPOS="1209" CONTENT="i" WC="0.74" LANG="dan"/>
							<SP ID="SP30" WIDTH="82" HPOS="1259" VPOS="1209"/>
							<String ID="STRING36" STYLEREFS="STYLE1" HEIGHT="80" WIDTH="192" HPOS="1341" VPOS="1207" CONTENT="deres" WC="0.83" LANG="dan"/>
							<SP ID="SP31" WIDTH="66" HPOS="1533" VPOS="1207"/>
							<String ID="STRING37" STYLEREFS="STYLE1" HEIGHT="92" WIDTH="210" HPOS="1599" VPOS="1201" CONTENT="Tider" WC="0.71" LANG="dan"/>
							<SP ID="SP32" WIDTH="68" HPOS="1809" VPOS="1201"/>
							<String ID="STRING38" STYLEREFS="STYLE1" HEIGHT="62" WIDTH="158" HPOS="1877" VPOS="1223" CONTENT="vare" WC="0.84" LANG="dan"/>
							<SP ID="SP33" WIDTH="76" HPOS="2035" VPOS="1223"/>
							<String ID="STRING39" STYLEREFS="STYLE1" HEIGHT="96" WIDTH="450" HPOS="2111" VPOS="1209" CONTENT="almindelige;" WC="0.85" LANG="dan"/>
							<SP ID="SP34" WIDTH="88" HPOS="2561" VPOS="1209"/>
							<String ID="STRING40" STYLEREFS="STYLE1" HEIGHT="64" WIDTH="162" HPOS="2649" VPOS="1225" CONTENT="man" WC="0.84" LANG="dan"/>
						</TextLine>
						<TextLine ID="LINE7" HEIGHT="110" WIDTH="1976" HPOS="837" VPOS="1315">
							<String ID="STRING41" STYLEREFS="STYLE1" HEIGHT="94" WIDTH="212" HPOS="837" VPOS="1331" CONTENT="finder" WC="0.85" LANG="dan"/>
							<SP ID="SP35" WIDTH="58" HPOS="1049" VPOS="1331"/>
							<String ID="STRING42" STYLEREFS="STYLE1" HEIGHT="74" WIDTH="194" HPOS="1107" VPOS="1329" CONTENT="ellers" WC="0.93" LANG="dan"/>
							<SP ID="SP36" WIDTH="66" HPOS="1301" VPOS="1329"/>
							<String ID="STRING43" STYLEREFS="STYLE1" HEIGHT="80" WIDTH="126" HPOS="1367" VPOS="1319" CONTENT="ikke" WC="0.87" LANG="dan"/>
							<SP ID="SP37" WIDTH="66" HPOS="1493" VPOS="1319"/>
							<String ID="STRING44" STYLEREFS="STYLE1" HEIGHT="74" WIDTH="212" HPOS="1559" VPOS="1339" CONTENT="nogen" WC="0.82" LANG="dan"/>
							<SP ID="SP38" WIDTH="58" HPOS="1771" VPOS="1339"/>
							<String ID="STRING45" STYLEREFS="STYLE1" HEIGHT="94" WIDTH="292" HPOS="1829" VPOS="1321" CONTENT="naturlig" WC="0.86" LANG="dan"/>
							<SP ID="SP39" WIDTH="72" HPOS="2121" VPOS="1321"/>
							<String ID="STRING46" STYLEREFS="STYLE1" HEIGHT="76" WIDTH="82" HPOS="2193" VPOS="1341" CONTENT="og" WC="0.57" LANG="dan"/>
							<SP ID="SP40" WIDTH="62" HPOS="2275" VPOS="1341"/>
							<String ID="STRING47" STYLEREFS="STYLE1" HEIGHT="92" WIDTH="250" HPOS="2337" VPOS="1325" CONTENT="rimelig" WC="0.82" LANG="dan"/>
							<SP ID="SP41" WIDTH="48" HPOS="2587" VPOS="1325"/>
							<String ID="STRING48" STYLEREFS="STYLE3" HEIGHT="90" WIDTH="178" HPOS="2635" VPOS="1315" CONTENT="Aar-·" WC="0.84" LANG="dan"/>
						</TextLine>
						<TextLine ID="LINE8" HEIGHT="104" WIDTH="1804" HPOS="1009" VPOS="1429">
							<String ID="STRING49" STYLEREFS="STYLE1" HEIGHT="80" WIDTH="74" HPOS="1009" VPOS="1441" CONTENT="til" WC="0.88" LANG="dan"/>
							<SP ID="SP42" WIDTH="58" HPOS="1083" VPOS="1441"/>
							<String ID="STRING50" STYLEREFS="STYLE1" HEIGHT="74" WIDTH="128" HPOS="1141" VPOS="1443" CONTENT="den" WC="0.78" LANG="dan"/>
							<SP ID="SP43" WIDTH="62" HPOS="1269" VPOS="1443"/>
							<String ID="STRING51" STYLEREFS="STYLE1" HEIGHT="104" WIDTH="424" HPOS="1331" VPOS="1429" CONTENT="Højagtelse," WC="0.85" LANG="dan"/>
							<SP ID="SP44" WIDTH="92" HPOS="1755" VPOS="1429"/>
							<String ID="STRING52" STYLEREFS="STYLE1" HEIGHT="76" WIDTH="78" HPOS="1847" VPOS="1439" CONTENT="de" WC="0.68" LANG="dan"/>
							<SP ID="SP45" WIDTH="62" HPOS="1925" VPOS="1439"/>
							<String ID="STRING53" STYLEREFS="STYLE1" HEIGHT="96" WIDTH="194" HPOS="1987" VPOS="1431" CONTENT="fandt" WC="0.86" LANG="dan"/>
							<SP ID="SP46" WIDTH="58" HPOS="2181" VPOS="1431"/>
							<String ID="STRING54" STYLEREFS="STYLE1" HEIGHT="82" WIDTH="180" HPOS="2239" VPOS="1435" CONTENT="blant" WC="0.86" LANG="nob"/>
							<SP ID="SP47" WIDTH="38" HPOS="2419" VPOS="1435"/>
							<String ID="STRING55" STYLEREFS="STYLE1" HEIGHT="92" WIDTH="356" HPOS="2457" VPOS="1437" CONTENT="fremmede" WC="0.75" LANG="dan"/>
						</TextLine>
						<TextLine ID="LINE9" HEIGHT="110" WIDTH="1972" HPOS="837" VPOS="1545">
							<String ID="STRING56" STYLEREFS="STYLE1" HEIGHT="100" WIDTH="204" HPOS="837" VPOS="1555" CONTENT="Folk," WC="0.7" LANG="dan"/>
							<SP ID="SP48" WIDTH="92" HPOS="1041" VPOS="1555"/>
							<String ID="STRING57" STYLEREFS="STYLE1" HEIGHT="96" WIDTH="166" HPOS="1133" VPOS="1553" CONTENT="hvor" WC="0.74" LANG="dan"/>
							<SP ID="SP49" WIDTH="64" HPOS="1299" VPOS="1553"/>
							<String ID="STRING58" STYLEREFS="STYLE1" HEIGHT="74" WIDTH="80" HPOS="1363" VPOS="1555" CONTENT="de" WC="0.69" LANG="dan"/>
							<SP ID="SP50" WIDTH="62" HPOS="1443" VPOS="1555"/>
							<String ID="STRING59" STYLEREFS="STYLE1" HEIGHT="96" WIDTH="116" HPOS="1505" VPOS="1545" CONTENT="selv" WC="0.87" LANG="dan"/>
							<SP ID="SP51" WIDTH="62" HPOS="1621" VPOS="1545"/>
							<String ID="STRING60" STYLEREFS="STYLE1" HEIGHT="62" WIDTH="162" HPOS="1683" VPOS="1567" CONTENT="vare" WC="0.85" LANG="dan"/>
							<SP ID="SP52" WIDTH="64" HPOS="1845" VPOS="1567"/>
							<String ID="STRING61" STYLEREFS="STYLE1" HEIGHT="98" WIDTH="470" HPOS="1909" VPOS="1551" CONTENT="Udlændinge," WC="0.84" LANG="dan"/>
							<SP ID="SP53" WIDTH="74" HPOS="2379" VPOS="1551"/>
							<String ID="STRING62" STYLEREFS="STYLE1" HEIGHT="84" WIDTH="22" HPOS="2453" VPOS="1547" CONTENT="i" WC="0.54" LANG="dan"/>
							<SP ID="SP54" WIDTH="70" HPOS="2475" VPOS="1547"/>
							<String ID="STRING63" STYLEREFS="STYLE1" HEIGHT="94" WIDTH="114" HPOS="2545" VPOS="1553" CONTENT="sær" WC="0.78" LANG="dan"/>
							<SP ID="SP55" WIDTH="60" HPOS="2659" VPOS="1553"/>
							<String ID="STRING64" STYLEREFS="STYLE1" HEIGHT="74" WIDTH="90" HPOS="2719" VPOS="1561" CONTENT="da" WC="0.64" LANG="dan"/>
						</TextLine>
						<TextLine ID="LINE10" HEIGHT="104" WIDTH="1974" HPOS="837" VPOS="1663">
							<String ID="STRING65" STYLEREFS="STYLE1" HEIGHT="98" WIDTH="150" HPOS="837" VPOS="1669" CONTENT="disse" WC="0.74" LANG="dan"/>
							<SP ID="SP56" WIDTH="68" HPOS="987" VPOS="1669"/>
							<String ID="STRING66" STYLEREFS="STYLE1" HEIGHT="100" WIDTH="166" HPOS="1055" VPOS="1667" CONTENT="Folk" WC="0.64" LANG="dan"/>
							<SP ID="SP57" WIDTH="54" HPOS="1221" VPOS="1667"/>
							<String ID="STRING67" STYLEREFS="STYLE1" HEIGHT="62" WIDTH="160" HPOS="1275" VPOS="1683" CONTENT="vare" WC="0.91" LANG="dan"/>
							<SP ID="SP58" WIDTH="64" HPOS="1435" VPOS="1683"/>
							<String ID="STRING68" STYLEREFS="STYLE1" HEIGHT="100" WIDTH="400" HPOS="1499" VPOS="1663" CONTENT="Phoenicier" WC="0.72" LANG="dan"/>
							<SP ID="SP59" WIDTH="80" HPOS="1899" VPOS="1663"/>
							<String ID="STRING69" STYLEREFS="STYLE1" HEIGHT="74" WIDTH="82" HPOS="1979" VPOS="1685" CONTENT="og" WC="0.69" LANG="dan"/>
							<SP ID="SP60" WIDTH="88" HPOS="2061" VPOS="1685"/>
							<String ID="STRING70" STYLEREFS="STYLE1" HEIGHT="98" WIDTH="380" HPOS="2149" VPOS="1665" CONTENT="Egypter," WC="0.7" LANG="dan"/>
							<SP ID="SP61" WIDTH="56" HPOS="2529" VPOS="1665"/>
							<String ID="STRING71" STYLEREFS="STYLE1" HEIGHT="92" WIDTH="136" HPOS="2585" VPOS="1667" CONTENT="som" WC="0.64" LANG="dan"/>
							<SP ID="SP62" WIDTH="66" HPOS="2721" VPOS="1667"/>
							<String ID="STRING72" STYLEREFS="STYLE1" HEIGHT="78" WIDTH="24" HPOS="2787" VPOS="1671" CONTENT="i" WC="0.39" LANG="dan"/>
						</TextLine>
						<TextLine ID="LINE11" HEIGHT="104" WIDTH="1972" HPOS="835" VPOS="1777">
							<String ID="STRING73" STYLEREFS="STYLE1" HEIGHT="74" WIDTH="126" HPOS="835" VPOS="1791" CONTENT="den" WC="0.77" LANG="dan"/>
							<SP ID="SP63" WIDTH="48" HPOS="961" VPOS="1791"/>
							<String ID="STRING74" STYLEREFS="STYLE1" HEIGHT="86" WIDTH="334" HPOS="1009" VPOS="1783" CONTENT="Verdens" WC="0.82" LANG="dan"/>
							<SP ID="SP64" WIDTH="54" HPOS="1343" VPOS="1783"/>
							<String ID="STRING75" STYLEREFS="STYLE1" HEIGHT="84" WIDTH="202" HPOS="1397" VPOS="1777" CONTENT="Alder" WC="0.6" LANG="dan"/>
							<SP ID="SP65" WIDTH="78" HPOS="1599" VPOS="1777"/>
							<String ID="STRING76" STYLEREFS="STYLE1" HEIGHT="82" WIDTH="178" HPOS="1677" VPOS="1777" CONTENT="bleve" WC="0.8" LANG="dan"/>
							<SP ID="SP66" WIDTH="66" HPOS="1855" VPOS="1777"/>
							<String ID="STRING77" STYLEREFS="STYLE1" HEIGHT="96" WIDTH="222" HPOS="1921" VPOS="1779" CONTENT="holdte" WC="0.64" LANG="dan"/>
							<SP ID="SP67" WIDTH="50" HPOS="2143" VPOS="1779"/>
							<String ID="STRING78" STYLEREFS="STYLE1" HEIGHT="96" WIDTH="110" HPOS="2193" VPOS="1777" CONTENT="for" WC="0.52" LANG="dan"/>
							<SP ID="SP68" WIDTH="64" HPOS="2303" VPOS="1777"/>
							<String ID="STRING79" STYLEREFS="STYLE1" HEIGHT="72" WIDTH="76" HPOS="2367" VPOS="1787" CONTENT="de" WC="0.64" LANG="dan"/>
							<SP ID="SP69" WIDTH="60" HPOS="2443" VPOS="1787"/>
							<String ID="STRING80" STYLEREFS="STYLE1" HEIGHT="98" WIDTH="304" HPOS="2503" VPOS="1783" CONTENT="vittigste." WC="0.69" LANG="dan"/>
						</TextLine>
						<TextLine ID="LINE12" HEIGHT="132" WIDTH="1976" HPOS="835" VPOS="1861">
							<String ID="STRING81" STYLEREFS="STYLE1" HEIGHT="88" WIDTH="164" HPOS="835" VPOS="1897" CONTENT="Det" WC="0.76" LANG="dan"/>
							<SP ID="SP70" WIDTH="58" HPOS="999" VPOS="1897"/>
							<String ID="STRING82" STYLEREFS="STYLE1" HEIGHT="94" WIDTH="306" HPOS="1057" VPOS="1897" CONTENT="fortiener" WC="0.79" LANG="dan"/>
							<SP ID="SP71" WIDTH="56" HPOS="1363" VPOS="1897"/>
							<String ID="STRING83" STYLEREFS="STYLE1" HEIGHT="96" WIDTH="632" HPOS="1419" VPOS="1893" CONTENT="Opmærksombed," WC="0.66" LANG="dan"/>
							<SP ID="SP72" WIDTH="64" HPOS="2051" VPOS="1893"/>
							<String ID="STRING84" STYLEREFS="STYLE1" HEIGHT="62" WIDTH="72" HPOS="2115" VPOS="1911" CONTENT="at" WC="1" LANG="dan"/>
							<SP ID="SP73" WIDTH="32" HPOS="2187" VPOS="1911"/>
							<String ID="STRING85" STYLEREFS="STYLE1" HEIGHT="58" WIDTH="78" HPOS="2219" VPOS="1915" CONTENT="en" WC="1" LANG="dan"/>
							<SP ID="SP74" WIDTH="28" HPOS="2297" VPOS="1915"/>
							<String ID="STRING86" STYLEREFS="STYLE2" HEIGHT="112" WIDTH="308" HPOS="2325" VPOS="1881" CONTENT="Joseph" WC="0.44" LANG="dan"/>
							<SP ID="SP75" WIDTH="68" HPOS="2633" VPOS="1881"/>
							<String ID="STRING87" STYLEREFS="STYLE1" HEIGHT="130" WIDTH="110" HPOS="2701" VPOS="1861" CONTENT="jaa" WC="0.15" LANG="dan"/>
						</TextLine>
						<TextLine ID="LINE13" HEIGHT="108" WIDTH="1974" HPOS="835" VPOS="2003">
							<String ID="STRING88" STYLEREFS="STYLE1" HEIGHT="74" WIDTH="102" HPOS="835" VPOS="2021" CONTENT="vel" WC="0.82" LANG="dan"/>
							<SP ID="SP76" WIDTH="56" HPOS="937" VPOS="2021"/>
							<String ID="STRING89" STYLEREFS="STYLE1" HEIGHT="62" WIDTH="130" HPOS="993" VPOS="2031" CONTENT="var" WC="0.76" LANG="dan"/>
							<SP ID="SP77" WIDTH="58" HPOS="1123" VPOS="2031"/>
							<String ID="STRING90" STYLEREFS="STYLE1" HEIGHT="88" WIDTH="336" HPOS="1181" VPOS="2017" CONTENT="opdragen" WC="0.74" LANG="dan"/>
							<SP ID="SP78" WIDTH="58" HPOS="1517" VPOS="2017"/>
							<String ID="STRING91" STYLEREFS="STYLE1" HEIGHT="78" WIDTH="22" HPOS="1575" VPOS="2011" CONTENT="i" WC="1" LANG="dan"/>
							<SP ID="SP79" WIDTH="66" HPOS="1597" VPOS="2011"/>
							<String ID="STRING92" STYLEREFS="STYLE1" HEIGHT="96" WIDTH="94" HPOS="1663" VPOS="2011" CONTENT="sin" WC="0.67" LANG="dan"/>
							<SP ID="SP80" WIDTH="48" HPOS="1757" VPOS="2011"/>
							<String ID="STRING93" STYLEREFS="STYLE1" HEIGHT="100" WIDTH="272" HPOS="1805" VPOS="2009" CONTENT="Faders" WC="0.76" LANG="dan"/>
							<SP ID="SP81" WIDTH="70" HPOS="2077" VPOS="2009"/>
							<String ID="STRING94" STYLEREFS="STYLE1" HEIGHT="106" WIDTH="268" HPOS="2147" VPOS="2003" CONTENT="Huns," WC="0.65" LANG="dan"/>
							<SP ID="SP82" WIDTH="90" HPOS="2415" VPOS="2003"/>
							<String ID="STRING95" STYLEREFS="STYLE1" HEIGHT="62" WIDTH="70" HPOS="2505" VPOS="2029" CONTENT="at" WC="1" LANG="dan"/>
							<SP ID="SP83" WIDTH="62" HPOS="2575" VPOS="2029"/>
							<String ID="STRING96" STYLEREFS="STYLE1" HEIGHT="98" WIDTH="172" HPOS="2637" VPOS="2013" CONTENT="han," WC="0.78" LANG="dan"/>
						</TextLine>
						<TextLine ID="LINE14" HEIGHT="102" WIDTH="1950" HPOS="835" VPOS="2123">
							<String ID="STRING97" STYLEREFS="STYLE1" HEIGHT="76" WIDTH="174" HPOS="835" VPOS="2133" CONTENT="uden" WC="0.72" LANG="dan"/>
							<SP ID="SP84" WIDTH="34" HPOS="1009" VPOS="2133"/>
							<String ID="STRING98" STYLEREFS="STYLE1" HEIGHT="62" WIDTH="70" HPOS="1043" VPOS="2145" CONTENT="at" WC="1" LANG="dan"/>
							<SP ID="SP85" WIDTH="34" HPOS="1113" VPOS="2145"/>
							<String ID="STRING99" STYLEREFS="STYLE1" HEIGHT="88" WIDTH="276" HPOS="1147" VPOS="2133" CONTENT="oplæres" WC="0.89" LANG="dan"/>
							<SP ID="SP86" WIDTH="30" HPOS="1423" VPOS="2133"/>
							<String ID="STRING100" STYLEREFS="STYLE1" HEIGHT="72" WIDTH="18" HPOS="1453" VPOS="2127" CONTENT="i" WC="0.45" LANG="dan"/>
							<SP ID="SP87" WIDTH="34" HPOS="1471" VPOS="2127"/>
							<String ID="STRING101" STYLEREFS="STYLE1" HEIGHT="92" WIDTH="462" HPOS="1505" VPOS="2127" CONTENT="Egypternes" WC="0.82" LANG="dan"/>
							<SP ID="SP88" WIDTH="34" HPOS="1967" VPOS="2127"/>
							<String ID="STRING102" STYLEREFS="STYLE1" HEIGHT="102" WIDTH="372" HPOS="2001" VPOS="2123" CONTENT="Visdom," WC="0.72" LANG="dan"/>
							<SP ID="SP89" WIDTH="66" HPOS="2373" VPOS="2123"/>
							<String ID="STRING103" STYLEREFS="STYLE1" HEIGHT="82" WIDTH="214" HPOS="2439" VPOS="2127" CONTENT="kunde" WC="0.78" LANG="dan"/>
							<SP ID="SP90" WIDTH="28" HPOS="2653" VPOS="2127"/>
							<String ID="STRING104" STYLEREFS="STYLE1" HEIGHT="96" WIDTH="104" HPOS="2681" VPOS="2125" CONTENT="for" SUBS_TYPE="HypPart1" SUBS_CONTENT="forftaae" WC="0.54" LANG="dan"/>
							<HYP CONTENT="-"/>
						</TextLine>
						<TextLine ID="LINE15" HEIGHT="102" WIDTH="1978" HPOS="835" VPOS="2239">
							<String ID="STRING105" STYLEREFS="STYLE1" HEIGHT="94" WIDTH="176" HPOS="835" VPOS="2247" CONTENT="ftaae" SUBS_TYPE="HypPart2" SUBS_CONTENT="forftaae" WC="0.9" LANG="dan"/>
							<SP ID="SP91" WIDTH="64" HPOS="1011" VPOS="2247"/>
							<String ID="STRING106" STYLEREFS="STYLE1" HEIGHT="92" WIDTH="136" HPOS="1075" VPOS="2243" CONTENT="som" WC="0.87" LANG="dan"/>
							<SP ID="SP92" WIDTH="82" HPOS="1211" VPOS="2243"/>
							<String ID="STRING107" STYLEREFS="STYLE1" HEIGHT="98" WIDTH="248" HPOS="1293" VPOS="2239" CONTENT="øverste" WC="0.69" LANG="dan"/>
							<SP ID="SP93" WIDTH="74" HPOS="1541" VPOS="2239"/>
							<String ID="STRING108" STYLEREFS="STYLE1" HEIGHT="84" WIDTH="518" HPOS="1615" VPOS="2239" CONTENT="Embedsmand" WC="0.75" LANG="dan"/>
							<SP ID="SP94" WIDTH="62" HPOS="2133" VPOS="2239"/>
							<String ID="STRING109" STYLEREFS="STYLE1" HEIGHT="64" WIDTH="72" HPOS="2195" VPOS="2257" CONTENT="at" WC="1" LANG="dan"/>
							<SP ID="SP95" WIDTH="94" HPOS="2267" VPOS="2257"/>
							<String ID="STRING110" STYLEREFS="STYLE1" HEIGHT="96" WIDTH="316" HPOS="2361" VPOS="2239" CONTENT="forestaae" WC="0.82" LANG="dan"/>
							<SP ID="SP96" WIDTH="78" HPOS="2677" VPOS="2239"/>
							<String ID="STRING111" STYLEREFS="STYLE1" HEIGHT="66" WIDTH="58" HPOS="2755" VPOS="2257" CONTENT="et" WC="1" LANG="dan"/>
						</TextLine>
						<TextLine ID="LINE16" HEIGHT="104" WIDTH="1944" HPOS="837" VPOS="2355">
							<String ID="STRING112" STYLEREFS="STYLE1" HEIGHT="100" WIDTH="158" HPOS="837" VPOS="2359" CONTENT="heelt" WC="0.91" LANG="dan"/>
							<SP ID="SP97" WIDTH="44" HPOS="995" VPOS="2359"/>
							<String ID="STRING113" STYLEREFS="STYLE1" HEIGHT="96" WIDTH="234" HPOS="1039" VPOS="2357" CONTENT="Rige," WC="0.82" LANG="dan"/>
							<SP ID="SP98" WIDTH="68" HPOS="1273" VPOS="2357"/>
							<String ID="STRING114" STYLEREFS="STYLE1" HEIGHT="72" WIDTH="82" HPOS="1341" VPOS="2377" CONTENT="og" WC="0.46" LANG="dan"/>
							<SP ID="SP99" WIDTH="58" HPOS="1423" VPOS="2377"/>
							<String ID="STRING115" STYLEREFS="STYLE1" HEIGHT="74" WIDTH="102" HPOS="1481" VPOS="2361" CONTENT="det" WC="0.78" LANG="dan"/>
							<SP ID="SP100" WIDTH="68" HPOS="1583" VPOS="2361"/>
							<String ID="STRING116" STYLEREFS="STYLE1" HEIGHT="74" WIDTH="150" HPOS="1651" VPOS="2361" CONTENT="med" WC="0.86" LANG="dan"/>
							<SP ID="SP101" WIDTH="76" HPOS="1801" VPOS="2361"/>
							<String ID="STRING117" STYLEREFS="STYLE1" HEIGHT="72" WIDTH="124" HPOS="1877" VPOS="2363" CONTENT="den" WC="0.77" LANG="dan"/>
							<SP ID="SP102" WIDTH="58" HPOS="2001" VPOS="2363"/>
							<String ID="STRING118" STYLEREFS="STYLE1" HEIGHT="96" WIDTH="388" HPOS="2059" VPOS="2359" CONTENT="allerstørste" WC="0.75" LANG="dan"/>
							<SP ID="SP103" WIDTH="58" HPOS="2447" VPOS="2359"/>
							<String ID="STRING119" STYLEREFS="STYLE1" HEIGHT="86" WIDTH="276" HPOS="2505" VPOS="2355" CONTENT="Berøm" SUBS_TYPE="HypPart1" SUBS_CONTENT="Berømmelse" WC="0.78" LANG="dan"/>
							<HYP CONTENT="-"/>
						</TextLine>
						<TextLine ID="LINE17" HEIGHT="102" WIDTH="1980" HPOS="833" VPOS="2467">
							<String ID="STRING120" STYLEREFS="STYLE1" HEIGHT="92" WIDTH="184" HPOS="833" VPOS="2473" CONTENT="melse" SUBS_TYPE="HypPart2" SUBS_CONTENT="Berømmelse" WC="0.85" LANG="dan"/>
							<SP ID="SP104" WIDTH="58" HPOS="1017" VPOS="2473"/>
							<String ID="STRING121" STYLEREFS="STYLE1" HEIGHT="76" WIDTH="20" HPOS="1075" VPOS="2475" CONTENT="i" WC="1" LANG="dan"/>
							<SP ID="SP105" WIDTH="60" HPOS="1095" VPOS="2475"/>
							<String ID="STRING122" STYLEREFS="STYLE1" HEIGHT="92" WIDTH="178" HPOS="1155" VPOS="2471" CONTENT="fulde" WC="0.64" LANG="dan"/>
							<SP ID="SP106" WIDTH="64" HPOS="1333" VPOS="2471"/>
							<String ID="STRING123" STYLEREFS="STYLE1" HEIGHT="76" WIDTH="104" HPOS="1397" VPOS="2477" CONTENT="80" WC="0.63" LANG="dan"/>
							<SP ID="SP107" WIDTH="50" HPOS="1501" VPOS="2477"/>
							<String ID="STRING124" STYLEREFS="STYLE1" HEIGHT="84" WIDTH="166" HPOS="1551" VPOS="2467" CONTENT="Aar." WC="0.58" LANG="dan"/>
							<SP ID="SP108" WIDTH="142" HPOS="1717" VPOS="2467"/>
							<String ID="STRING125" STYLEREFS="STYLE1" HEIGHT="100" WIDTH="172" HPOS="1859" VPOS="2469" CONTENT="Han" WC="0.58" LANG="dan"/>
							<SP ID="SP109" WIDTH="60" HPOS="2031" VPOS="2469"/>
							<String ID="STRING126" STYLEREFS="STYLE1" HEIGHT="60" WIDTH="126" HPOS="2091" VPOS="2489" CONTENT="var" WC="0.85" LANG="dan"/>
							<SP ID="SP110" WIDTH="46" HPOS="2217" VPOS="2489"/>
							<String ID="STRING127" STYLEREFS="STYLE1" HEIGHT="74" WIDTH="126" HPOS="2263" VPOS="2477" CONTENT="ved" WC="0.6" LANG="dan"/>
							<SP ID="SP111" WIDTH="50" HPOS="2389" VPOS="2477"/>
							<String ID="STRING128" STYLEREFS="STYLE1" HEIGHT="86" WIDTH="374" HPOS="2439" VPOS="2469" CONTENT="Embedets" WC="0.79" LANG="dan"/>
						</TextLine>
						<TextLine ID="LINE18" HEIGHT="100" WIDTH="1978" HPOS="833" VPOS="2583">
							<String ID="STRING129" STYLEREFS="STYLE1" HEIGHT="94" WIDTH="394" HPOS="833" VPOS="2585" CONTENT="Tiltrædelse" WC="0.86" LANG="dan"/>
							<SP ID="SP112" WIDTH="64" HPOS="1227" VPOS="2585"/>
							<String ID="STRING130" STYLEREFS="STYLE1" HEIGHT="80" WIDTH="186" HPOS="1291" VPOS="2583" CONTENT="ikkun" WC="0.88" LANG="dan"/>
							<SP ID="SP113" WIDTH="78" HPOS="1477" VPOS="2583"/>
							<String ID="STRING131" STYLEREFS="STYLE1" HEIGHT="68" WIDTH="94" HPOS="1555" VPOS="2603" CONTENT="30" WC="0.27" LANG="dan"/>
							<SP ID="SP114" WIDTH="72" HPOS="1649" VPOS="2603"/>
							<String ID="STRING132" STYLEREFS="STYLE1" HEIGHT="82" WIDTH="148" HPOS="1721" VPOS="2583" CONTENT="Aar" WC="0.51" LANG="dan"/>
							<SP ID="SP115" WIDTH="56" HPOS="1869" VPOS="2583"/>
							<String ID="STRING133" STYLEREFS="STYLE1" HEIGHT="90" WIDTH="286" HPOS="1925" VPOS="2589" CONTENT="gammel" WC="0.72" LANG="dan"/>
							<SP ID="SP116" WIDTH="86" HPOS="2211" VPOS="2589"/>
							<String ID="STRING134" STYLEREFS="STYLE1" HEIGHT="74" WIDTH="82" HPOS="2297" VPOS="2607" CONTENT="og" WC="0.66" LANG="dan"/>
							<SP ID="SP117" WIDTH="62" HPOS="2379" VPOS="2607"/>
							<String ID="STRING135" STYLEREFS="STYLE1" HEIGHT="96" WIDTH="216" HPOS="2441" VPOS="2587" CONTENT="havde" WC="0.84" LANG="dan"/>
							<SP ID="SP118" WIDTH="68" HPOS="2657" VPOS="2587"/>
							<String ID="STRING136" STYLEREFS="STYLE1" HEIGHT="74" WIDTH="86" HPOS="2725" VPOS="2595" CONTENT="da" WC="0.79" LANG="dan"/>
						</TextLine>
						<TextLine ID="LINE19" HEIGHT="108" WIDTH="1972" HPOS="835" VPOS="2687">
							<String ID="STRING137" STYLEREFS="STYLE1" HEIGHT="78" WIDTH="22" HPOS="835" VPOS="2709" CONTENT="i" WC="0.41" LANG="dan"/>
							<SP ID="SP119" WIDTH="80" HPOS="857" VPOS="2709"/>
							<String ID="STRING138" STYLEREFS="STYLE1" HEIGHT="70" WIDTH="84" HPOS="937" VPOS="2723" CONTENT="1;" WC="0.21" LANG="dan"/>
							<SP ID="SP120" WIDTH="60" HPOS="1021" VPOS="2723"/>
							<String ID="STRING139" STYLEREFS="STYLE1" HEIGHT="82" WIDTH="146" HPOS="1081" VPOS="2701" CONTENT="Aar" WC="0.71" LANG="dan"/>
							<SP ID="SP121" WIDTH="64" HPOS="1227" VPOS="2701"/>
							<String ID="STRING140" STYLEREFS="STYLE1" HEIGHT="72" WIDTH="164" HPOS="1291" VPOS="2705" CONTENT="levet" WC="0.97" LANG="dan"/>
							<SP ID="SP122" WIDTH="60" HPOS="1455" VPOS="2705"/>
							<String ID="STRING141" STYLEREFS="STYLE1" HEIGHT="76" WIDTH="18" HPOS="1515" VPOS="2697" CONTENT="i" WC="0.49" LANG="dan"/>
							<SP ID="SP123" WIDTH="68" HPOS="1533" VPOS="2697"/>
							<String ID="STRING142" STYLEREFS="STYLE1" HEIGHT="108" WIDTH="350" HPOS="1601" VPOS="2687" CONTENT="Egypten" WC="0.81" LANG="dan"/>
							<SP ID="SP124" WIDTH="68" HPOS="1951" VPOS="2687"/>
							<String ID="STRING143" STYLEREFS="STYLE1" HEIGHT="60" WIDTH="60" HPOS="2019" VPOS="2715" CONTENT="et" WC="1" LANG="dan"/>
							<SP ID="SP125" WIDTH="62" HPOS="2079" VPOS="2715"/>
							<String ID="STRING144" STYLEREFS="STYLE1" HEIGHT="94" WIDTH="476" HPOS="2141" VPOS="2699" CONTENT="kummerfuldt" WC="0.81" LANG="dan"/>
							<SP ID="SP126" WIDTH="58" HPOS="2617" VPOS="2699"/>
							<String ID="STRING145" STYLEREFS="STYLE1" HEIGHT="84" WIDTH="132" HPOS="2675" VPOS="2701" CONTENT="Liv." WC="0.71" LANG="dan"/>
						</TextLine>
						<TextLine ID="LINE20" HEIGHT="102" WIDTH="1975" HPOS="834" VPOS="2809">
							<String ID="STRING146" STYLEREFS="STYLE4" HEIGHT="84" WIDTH="237" HPOS="834" VPOS="2818" CONTENT="Guds" WC="0.8" LANG="dan"/>
							<SP ID="SP127" WIDTH="58" HPOS="1071" VPOS="2818"/>
							<String ID="STRING147" STYLEREFS="STYLE1" HEIGHT="98" WIDTH="210" HPOS="1129" VPOS="2809" CONTENT="Kraft" WC="0.63" LANG="dan"/>
							<SP ID="SP128" WIDTH="60" HPOS="1339" VPOS="2809"/>
							<String ID="STRING148" STYLEREFS="STYLE1" HEIGHT="72" WIDTH="80" HPOS="1399" VPOS="2835" CONTENT="og" WC="0.62" LANG="dan"/>
							<SP ID="SP129" WIDTH="60" HPOS="1479" VPOS="2835"/>
							<String ID="STRING149" STYLEREFS="STYLE1" HEIGHT="98" WIDTH="410" HPOS="1539" VPOS="2811" CONTENT="Velsignelse" WC="0.75" LANG="dan"/>
							<SP ID="SP130" WIDTH="64" HPOS="1949" VPOS="2811"/>
							<String ID="STRING150" STYLEREFS="STYLE1" HEIGHT="62" WIDTH="126" HPOS="2013" VPOS="2831" CONTENT="var" WC="0.6" LANG="dan"/>
							<SP ID="SP131" WIDTH="60" HPOS="2139" VPOS="2831"/>
							<String ID="STRING151" STYLEREFS="STYLE1" HEIGHT="96" WIDTH="396" HPOS="2199" VPOS="2815" CONTENT="kiendeligen" WC="0.87" LANG="dan"/>
							<SP ID="SP132" WIDTH="60" HPOS="2595" VPOS="2815"/>
							<String ID="STRING152" STYLEREFS="STYLE1" HEIGHT="60" WIDTH="154" HPOS="2655" VPOS="2837" CONTENT="over" WC="0.83" LANG="dan"/>
						</TextLine>
						<TextLine ID="LINE21" HEIGHT="108" WIDTH="1972" HPOS="835" VPOS="2923">
							<String ID="STRING153" STYLEREFS="STYLE1" HEIGHT="96" WIDTH="196" HPOS="835" VPOS="2935" CONTENT="ham," WC="0.79" LANG="dan"/>
							<SP ID="SP133" WIDTH="80" HPOS="1031" VPOS="2935"/>
							<String ID="STRING154" STYLEREFS="STYLE1" HEIGHT="58" WIDTH="148" HPOS="1111" VPOS="2951" CONTENT="men" WC="0.86" LANG="dan"/>
							<SP ID="SP134" WIDTH="82" HPOS="1259" VPOS="2951"/>
							<String ID="STRING155" STYLEREFS="STYLE1" HEIGHT="96" WIDTH="194" HPOS="1341" VPOS="2923" CONTENT="deraf" WC="0.84" LANG="dan"/>
							<SP ID="SP135" WIDTH="68" HPOS="1535" VPOS="2923"/>
							<String ID="STRING156" STYLEREFS="STYLE1" HEIGHT="96" WIDTH="210" HPOS="1603" VPOS="2925" CONTENT="følger" WC="0.7" LANG="dan"/>
							<SP ID="SP136" WIDTH="80" HPOS="1813" VPOS="2925"/>
							<String ID="STRING157" STYLEREFS="STYLE1" HEIGHT="90" WIDTH="130" HPOS="1893" VPOS="2933" CONTENT="dog" WC="0.49" LANG="dan"/>
							<SP ID="SP137" WIDTH="80" HPOS="2023" VPOS="2933"/>
							<String ID="STRING158" STYLEREFS="STYLE1" HEIGHT="96" WIDTH="164" HPOS="2103" VPOS="2929" CONTENT="ikke," WC="0.88" LANG="dan"/>
							<SP ID="SP138" WIDTH="90" HPOS="2267" VPOS="2929"/>
							<String ID="STRING159" STYLEREFS="STYLE1" HEIGHT="62" WIDTH="72" HPOS="2357" VPOS="2947" CONTENT="at" WC="1" LANG="dan"/>
							<SP ID="SP139" WIDTH="50" HPOS="2429" VPOS="2947"/>
							<String ID="STRING160" STYLEREFS="STYLE1" HEIGHT="98" WIDTH="132" HPOS="2479" VPOS="2931" CONTENT="han" WC="0.99" LANG="dan"/>
							<SP ID="SP140" WIDTH="60" HPOS="2611" VPOS="2931"/>
							<String ID="STRING161" STYLEREFS="STYLE1" HEIGHT="76" WIDTH="136" HPOS="2671" VPOS="2937" CONTENT="nød" WC="0.86" LANG="dan"/>
						</TextLine>
						<TextLine ID="LINE22" HEIGHT="104" WIDTH="1984" HPOS="831" VPOS="3039">
							<String ID="STRING162" STYLEREFS="STYLE1" HEIGHT="76" WIDTH="216" HPOS="831" VPOS="3067" CONTENT="nogen" WC="0.87" LANG="dan"/>
							<SP ID="SP141" WIDTH="52" HPOS="1047" VPOS="3067"/>
							<String ID="STRING163" STYLEREFS="STYLE1" HEIGHT="82" WIDTH="414" HPOS="1099" VPOS="3043" CONTENT="umiddelbar" WC="0.61" LANG="dan"/>
							<SP ID="SP142" WIDTH="62" HPOS="1513" VPOS="3043"/>
							<String ID="STRING164" STYLEREFS="STYLE1" HEIGHT="94" WIDTH="446" HPOS="1575" VPOS="3043" CONTENT="overnaturlig" WC="0.8" LANG="dan"/>
							<SP ID="SP143" WIDTH="58" HPOS="2021" VPOS="3043"/>
							<String ID="STRING165" STYLEREFS="STYLE1" HEIGHT="104" WIDTH="406" HPOS="2079" VPOS="3039" CONTENT="Oplysning" WC="0.65" LANG="dan"/>
							<SP ID="SP144" WIDTH="66" HPOS="2485" VPOS="3039"/>
							<String ID="STRING166" STYLEREFS="STYLE1" HEIGHT="80" WIDTH="74" HPOS="2551" VPOS="3049" CONTENT="til" WC="1" LANG="dan"/>
							<SP ID="SP145" WIDTH="64" HPOS="2625" VPOS="3049"/>
							<String ID="STRING167" STYLEREFS="STYLE1" HEIGHT="76" WIDTH="126" HPOS="2689" VPOS="3053" CONTENT="alle" WC="0.81" LANG="dan"/>
						</TextLine>
						<TextLine ID="LINE23" HEIGHT="106" WIDTH="1380" HPOS="833" VPOS="3157">
							<String ID="STRING168" STYLEREFS="STYLE1" HEIGHT="98" WIDTH="80" HPOS="833" VPOS="3165" CONTENT="sit" WC="0.75" LANG="dan"/>
							<SP ID="SP146" WIDTH="56" HPOS="913" VPOS="3165"/>
							<String ID="STRING169" STYLEREFS="STYLE1" HEIGHT="86" WIDTH="304" HPOS="969" VPOS="3159" CONTENT="Embeds" WC="0.71" LANG="dan"/>
							<SP ID="SP147" WIDTH="66" HPOS="1273" VPOS="3159"/>
							<String ID="STRING170" STYLEREFS="STYLE1" HEIGHT="98" WIDTH="316" HPOS="1339" VPOS="3159" CONTENT="verdstige" WC="0.59" LANG="dan"/>
							<SP ID="SP148" WIDTH="64" HPOS="1655" VPOS="3159"/>
							<String ID="STRING171" STYLEREFS="STYLE1" HEIGHT="98" WIDTH="494" HPOS="1719" VPOS="3157" CONTENT="Forretninger." WC="0.75" LANG="dan"/>
						</TextLine>
					</TextBlock>
					<TextBlock xs:type="TextBlockType" ID="ZONE1300696" HEIGHT="222" WIDTH="1972" HPOS="837" VPOS="3381" xlink:type="simple">
						<TextLine ID="LINE24" HEIGHT="102" WIDTH="1742" HPOS="1033" VPOS="3381">
							<String ID="STRING172" STYLEREFS="STYLE1" HEIGHT="88" WIDTH="182" HPOS="1033" VPOS="3385" CONTENT="Den" WC="0.77" LANG="dan"/>
							<SP ID="SP149" WIDTH="94" HPOS="1215" VPOS="3385"/>
							<String ID="STRING173" STYLEREFS="STYLE1" HEIGHT="96" WIDTH="290" HPOS="1309" VPOS="3385" CONTENT="Levitiffe" WC="0.68" LANG="dan"/>
							<SP ID="SP150" WIDTH="74" HPOS="1599" VPOS="3385"/>
							<String ID="STRING174" STYLEREFS="STYLE1" HEIGHT="88" WIDTH="222" HPOS="1673" VPOS="3381" CONTENT="Guds" WC="0.66" LANG="dan"/>
							<SP ID="SP151" WIDTH="26" HPOS="1895" VPOS="3381"/>
							<String ID="STRING175" STYLEREFS="STYLE1" HEIGHT="38" WIDTH="24" HPOS="1921" VPOS="3417" CONTENT="-" WC="0.82" LANG="dan"/>
							<SP ID="SP152" WIDTH="28" HPOS="1945" VPOS="3417"/>
							<String ID="STRING176" STYLEREFS="STYLE1" HEIGHT="100" WIDTH="338" HPOS="1973" VPOS="3383" CONTENT="Tienestes" WC="0.87" LANG="dan"/>
							<SP ID="SP153" WIDTH="86" HPOS="2311" VPOS="3383"/>
							<String ID="STRING177" STYLEREFS="STYLE1" HEIGHT="100" WIDTH="378" HPOS="2397" VPOS="3383" CONTENT="Indretnin" SUBS_TYPE="HypPart1" SUBS_CONTENT="Indretninger," WC="0.87" LANG="dan"/>
							<HYP CONTENT="-"/>
						</TextLine>
						<TextLine ID="LINE25" HEIGHT="106" WIDTH="1971" HPOS="837" VPOS="3497">
							<String ID="STRING178" STYLEREFS="STYLE1" HEIGHT="80" WIDTH="146" HPOS="837" VPOS="3523" CONTENT="ger," SUBS_TYPE="HypPart2" SUBS_CONTENT="Indretninger," WC="0.68" LANG="dan"/>
							<SP ID="SP154" WIDTH="60" HPOS="983" VPOS="3523"/>
							<String ID="STRING179" STYLEREFS="STYLE1" HEIGHT="78" WIDTH="122" HPOS="1043" VPOS="3509" CONTENT="den" WC="0.75" LANG="dan"/>
							<SP ID="SP155" WIDTH="58" HPOS="1165" VPOS="3509"/>
							<String ID="STRING180" STYLEREFS="STYLE1" HEIGHT="100" WIDTH="398" HPOS="1223" VPOS="3499" CONTENT="Israelitiske" WC="0.81" LANG="dan"/>
							<SP ID="SP156" WIDTH="66" HPOS="1621" VPOS="3499"/>
							<String ID="STRING181" STYLEREFS="STYLE1" HEIGHT="104" WIDTH="714" HPOS="1687" VPOS="3497" CONTENT="Stats-Forfatning" WC="0.79" LANG="dan"/>
							<SP ID="SP157" WIDTH="58" HPOS="2401" VPOS="3497"/>
							<String ID="STRING182" STYLEREFS="STYLE1" HEIGHT="84" WIDTH="212" HPOS="2459" VPOS="3501" CONTENT="kunde" WC="0.75" LANG="dan"/>
							<SP ID="SP158" WIDTH="60" HPOS="2671" VPOS="3501"/>
							<String ID="STRING183" STYLEREFS="STYLE3" HEIGHT="75" WIDTH="77" HPOS="2731" VPOS="3524" CONTENT="en" WC="0.83" LANG="dan"/>
						</TextLine>
					</TextBlock>
					<TextBlock xs:type="TextBlockType" ID="ZONE1300697" HEIGHT="100" WIDTH="170" HPOS="2639" VPOS="3617" xlink:type="simple">
						<TextLine ID="LINE26" HEIGHT="100" WIDTH="170" HPOS="2639" VPOS="3617">
							<String ID="STRING184" STYLEREFS="STYLE5" HEIGHT="100" WIDTH="170" HPOS="2639" VPOS="3617" CONTENT="have" WC="0.48" LANG="dan"/>
						</TextLine>
					</TextBlock>
				</ComposedBlock>
			</PrintSpace>
		</Page>
	</Layout>
</alto>
