2799 4494
900 407 71 104 4
1200 404 71 105 4
1496 403 71 103 4
2107 424 108 83 49

229 613 286 85 welche
582 609 97 81 fie
745 603 206 84 theils
1014 598 225 87 felber
1296 599 361 94 braucht,
1717 595 204 84 theils
1980 596 233 87 durch

230 722 493 86 Deutschland
790 717 411 83 verbreitet:
1268 717 101 76 So
1434 710 277 81 müden
1768 713 115 76 Sie
1938 712 75 76 in
2086 710 137 81 der

229 842 199 79 That
493 832 377 108 Hamburg
935 829 185 81 eben
1179 824 77 84 fo
1313 827 241 103 wenig
1617 821 103 82 als
1773 821 445 80 Dannemark

232 957 313 77 kennen.
658 950 159 75 Der
872 938 293 83 Taufch
1234 940 129 79 der
1420 940 317 77 Waaren
1812 935 125 78 des
2004 935 215 78 einen

231 1063 285 80 Landes
546 1087 226 79 gegen
803 1054 117 80 die
949 1052 411 80 Produckte
1401 1048 123 79 des
1560 1045 298 94 andern,
1916 1045 152 78 und
2101 1044 121 79 die

233 1173 483 102 Verbreitung
781 1165 246 81 beider
1089 1159 268 82 Theile
1427 1158 230 79 durch
1719 1152 500 83 Deutschland

232 1288 155 78 und
430 1289 77 75 in
536 1280 177 82 viele
742 1278 265 81 andere
1024 1276 333 90 Lander;
1412 1268 241 111 (nicht
1688 1298 95 50 zu
1810 1266 411 109 gedenken,

233 1426 151 54 was
423 1390 375 107 Hamburg
839 1389 297 79 vordem
1181 1382 227 82 durch
1437 1377 401 98 erlaubten,
1861 1378 149 79 und
2051 1377 133 80 her-

237 1507 198 83 nach
472 1504 231 82 durch
744 1505 145 77 den
948 1489 605 89 Schleichhandel
1613 1493 130 75 mit
1782 1487 439 80 Dannemark

234 1645 420 79 gewonnen
728 1610 165 104 hat)
931 1611 129 79 der
1129 1603 495 82 beträchliche
1661 1596 361 87 Wechsel-
2064 1599 160 80 und

235 1719 791 119 Speditions-Handel,
1083 1717 144 78 den
1291 1718 182 76 diele
1511 1711 206 79 Stadt
1753 1711 261 92 treibt,
2065 1709 161 80 und

236 1843 149 79 den
454 1840 97 82 fie
614 1837 203 79 nicht
880 1829 213 82 allein
1162 1828 189 77 ihrer
1442 1819 457 112 glücklichen
1980 1824 247 102 Lage,

239 1951 311 82 sondern
612 1947 188 81 auch
857 1944 171 77 dem
1065 1936 345 81 üblichen
1451 1928 375 85 Fortlaufe
1867 1931 127 79 der
2031 1934 155 76 Din-

239 2095 92 77 ge
374 2065 99 78 im
512 2055 331 95 Handel,
903 2052 158 82 und
1122 2051 145 77 den
1304 2046 581 104 Einrichtungen
1954 2044 77 78 in
2097 2072 90 48 an-

240 2177 183 79 dern
462 2170 358 82 Landern
898 2196 96 47 zu
1060 2160 410 79 verdanken
1548 2156 165 93 hat;
1803 2152 79 79 so
1920 2154 310 79 werden

241 2319 63 47 z.
343 2290 91 75 B.
473 2286 77 76 in
589 2277 403 101 Anleitung
1061 2274 123 75 des
1223 2262 779 105 Speditions-Handels
2089 2262 143 81 alle

240 2403 363 86 Waaren,
664 2390 117 80 die
816 2415 189 79 ganz
1044 2372 461 113 Deutßhland
1536 2375 153 79 und
1756 2376 113 79 die
1906 2372 327 80 Schweiz

244 2539 128 51 aus
413 2502 321 111 England
794 2495 300 96 ziehen,
1154 2520 258 77 wegen
1481 2487 133 80 der
1671 2486 255 79 hohen
1963 2482 269 99 Zölle,

249 2621 120 81 die
425 2646 146 52 von
636 2611 311 105 lelbigen
1010 2608 75 76 in
1124 2600 315 84 Holland
1485 2596 366 111 gefordert
1885 2597 294 80 werden
2209 2659 22 34 ,

252 2730 187 82 über
478 2724 377 104 Hamburg
890 2714 352 85 versandt:
1306 2710 216 83 dieses
1562 2708 154 82 find
1754 2710 114 78 die
1906 2709 327 94 wahren,

249 2843 161 81 und
449 2835 459 85 natürlichen
937 2827 323 101 Quellen
1303 2829 125 75 der
1463 2822 321 81 Schätze
1821 2848 145 51 von
1997 2817 205 79 Ham-

252 2955 197 106 burg.
508 2951 171 80 Ihre
734 2944 393 82 Fabricken
1168 2938 169 82 aber
1380 2935 157 80 find
1576 2964 75 47 es
1692 2930 219 80 nicht.
1983 2933 254 112 jPenn

255 3065 267 107 selbige
615 3057 161 83 find
844 3055 322 78 meiltens
1234 3051 130 78 erft
1435 3050 77 75 in
1581 3039 257 85 diesem
1906 3041 154 79 und
2135 3042 103 77 im

255 3169 654 108 vorhergehenden
1001 3161 530 111 Jahrhunderte
1617 3154 328 106 angelegt
2035 3180 166 50 wor-

262 3291 143 79 den
430 3325 21 57 ;
510 3284 185 107 (den
764 3276 463 111 glänzenden
1282 3268 401 109 Zeitpunkt
1748 3266 127 80 der
1912 3260 289 84 Hanlee-

265 3401 237 81 ftädte
573 3392 371 105 übergehe
1001 3390 117 78 ich
1193 3386 157 81 hier
1423 3376 229 113 ganz)
1723 3377 153 79 und
1947 3372 297 82 seitdem

268 3508 403 108 Hamburg,
713 3502 154 81 und
906 3499 129 84 fall
1066 3499 205 108 jeder
1306 3491 225 83 Theil
1571 3519 144 50 von
1754 3483 485 104 Deutfchlandt

268 3621 412 83 Fabricken
752 3617 171 94 hat,
980 3614 78 76 ift
1095 3611 127 80 der
1259 3607 329 81 Gewinn
1627 3598 221 86 dieser
1883 3594 329 88 Handels-

267 3735 151 83 flåd
427 3759 27 57 t
493 3727 355 88 merklich
903 3721 389 112 gefunken.

1308 3835 85 75 D
2120 3813 137 88 Ich
