3068 4600
1602 458 90 62 49

69 626 192 84 Urter
295 619 102 100 fra
429 621 260 97 China,
747 629 142 74 ellet*
927 638 72 64 at
1033 625 286 91 anlægge
1369 642 76 58 en
1493 619 286 100 Handel

70 758 134 86 paa
237 743 424 95 IIIieZsistppi·y
714 749 86 76 da
832 749 72 73 de
938 748 126 89 dog
1100 741 118 88 har
1252 737 322 98 Solvfor
1596 747 190 75 deres

76 884 149 78 egne
256 865 271 82 Dorre.
630 862 195 81 Man
850 862 87 78 vil
964 867 97 74 vel
1092 861 221 97 svare,
1368 878 75 63 at
1470 869 75 74 de
1558 863 195 83 Dan-

73 986 88 94 ffe
201 1005 96 59 ere
325 983 100 96 for
463 1000 204 80 meget
687 985 264 79 bundne
969 984 66 80 til
1051 979 356 90 Traktater
1427 991 142 76 med
1585 989 169 74 ulden-

72 1105 249 93 landlke
351 1105 469 96 Soemagter;
876 1124 190 77 men,
1121 1103 211 83 kunde
1349 1108 77 78 de
1439 1101 131 82 ikke
1594 1118 192 66 vente

74 1224 152 98 efter
276 1233 124 76 den
444 1227 382 93 beqvemme
880 1222 154 90 Bid
1078 1212 202 107 ogsaa
1324 1222 462 99 efterhaanden

75 1364 74 64 at
187 1349 264 92 ophæve
487 1344 244 96 samme
759 1345 198 96 iglen,
1011 1346 118 95 lige
1161 1343 136 90 fom
1341 1350 74 76 de
1431 1349 200 78 andre
1665 1346 124 92 har

77 1468 289 98 oppasset
417 1465 219 87 Tiden
681 1483 71 62 at
817 1482 245 76 oprette
1119 1465 263 92 samme.
1485 1462 305 100 Vistnok

72 1588 166 82 vilde
254 1586 474 95 Udenlandske,
760 1583 132 102 især
906 1584 498 98 Hollænderne,
1436 1585 354 94 Lybekerne

75 1730 82 74 og
184 1707 557 97 Hamborgerne,
797 1698 121 107 elske
1166 1703 127 97 see,
1351 1724 106 57 om

199 1830 340 93 benyttede
575 1828 91 94 sig
693 1821 79 96 af
799 1829 186 76 deres
1017 1824 222 95 Havn
1281 1822 132 92 som
1441 1829 76 76 de
1555 1823 236 81 kunde.

76 1950 152 86 Vel
254 1967 124 62 var
412 1953 112 76 der
560 1965 288 74 eengang
890 1960 58 64 et
1010 1944 288 95 Projekt
1356 1945 184 81 dertil
1574 1945 20 78 i
1624 1943 140 97 For-

78 2076 171 94 flag;
302 2091 159 58 man
500 2072 103 74 lod
636 2067 69 78 til
732 2069 121 76 den
878 2062 191 86 Ende
1088 2069 93 76 alt
1206 2087 77 57 en
1312 2064 169 94 ffion
1502 2062 293 96 botaniff

79 2190 244 100 Have,
379 2195 106 74 der
519 2188 208 96 havde
769 2188 196 94 kostet
997 2204 152 61 over
1181 2209 250 68 70000
1460 2182 205 83 Mit-.
1721 2198 78 66 at

84 2316 296 91 anlegge,
434 2308 236 93 rasere,
727 2303 199 98 forat
960 2303 630 98 byggePakhuuse;
1646 2324 152 60 men

80 2436 105 76 det
214 2451 125 60 var
370 2451 75 60 en
472 2428 239 96 Ulykke
736 2443 73 66 at
838 2435 105 73 det
980 2432 337 89 manglede
1342 2446 135 74 paa
1504 2420 295 94 Kræfter

93 2570 72 64 at
197 2550 168 94 sætte
387 2549 248 94 samme
675 2549 22 76 i
731 2545 244 84 Værk.
1079 2545 192 82 Man
1317 2546 248 78 indbod
1621 2543 146 97 Hol-

91 2676 315 79 lænderne
449 2670 219 95 dertil,
727 2689 151 58 men
903 2672 75 76 de
1011 2670 111 78 loe.
1227 2663 69 99 I
1349 2672 123 72 alle
1523 2663 247 98 Foreta-

88 2796 190 90 gende
306 2789 122 96 skal
468 2789 430 93 Uderlandffe
936 2786 166 94 have
1128 2783 206 86 Deel.
1438 2783 192 80 Man
1680 2782 122 92 har

91 2912 168 96 nylig
297 2909 376 96 projekteret
713 2925 56 62 et
805 2907 312 94 Lotterie,
1173 2903 102 100 for
1303 2920 70 64 at
1405 2906 202 75 betale
1646 2899 127 87 Ve-

70 3028 481 110 istindianernes
569 3029 205 85 Gieid
799 3032 173 75 uden
1007 3034 185 75 deres
1211 3025 319 83 Vidende
1547 3045 79 74 og
1649 3018 155 90 Tak

94 3150 64 78 til
196 3150 504 99 Hollænderne,
786 3148 238 97 hvortil
1068 3147 472 98 Hollænderne
1610 3138 198 98 ogsaa

94 3268 201 94 ffulde
318 3271 265 95 bidrage
614 3276 105 76 det
753 3268 236 96 meeste.
1094 3267 181 82 Men
1308 3264 99 96 jeg
1458 3261 219 95 tviler,
1733 3274 76 64 at

97 3388 232 92 samme
371 3390 324 98 nogentiid
747 3387 288 81 kommer
1087 3389 20 76 i
1157 3385 301 94 Stand;
1523 3377 282 96 fortiden

98 3514 160 82 dette
296 3521 78 88 erj
406 3517 104 80 det
544 3532 102 76 og,
676 3507 132 84 kun
864 3524 96 62 tre
1004 3507 454 94 Kiobmænd,
1512 3501 136 94 som
1691 3518 87 76 ga-

127 3701 1 3 .
1452 3637 263 72 ranterr
