3062 4599
1609 472 88 68 5»

74 647 118 78 den
224 637 434 98 mennesselige
684 634 206 86 Aand
922 637 170 80 river
1140 638 90 96 sig
1252 638 134 79 kun
1420 634 336 98 efterhaan-

76 767 117 80 den
222 766 109 74 los
360 753 81 100 af
460 761 77 78 de
576 755 299 98 Lænker,
928 757 137 94 fom
1086 754 203 86 Alder
1320 779 81 74 og
1418 753 221 86 Vane
1660 756 125 96 har

73 882 264 95 paalagt
371 881 142 78 den.
617 874 392 100 Imidlertid
1047 885 120 87 har
1213 884 74 76 de
1317 897 90 60 nu
1445 875 336 97 Digtere,

77 997 547 103 Historieskrivere
651 1020 83 74 og
775 996 473 99 Philosvpher,
1301 993 137 96 som
1469 999 141 94 gior
1639 1004 153 74 dem

76 1123 194 91 Ere,
324 1140 76 60 en
418 1115 250 99 Evald,
726 1118 384 96 Guldberg,
1166 1116 302 95 Baden,
1502 1115 288 97 Suhm,

84 1237 365 97 Luxdorph,
480 1235 483 102 Hielmstierne,
1021 1261 80 73 og
1117 1242 228 89 andre,
1401 1241 206 87 endog
1637 1256 128 73 nog-

81 1365 50 74 le
171 1358 184 78 lærde
409 1352 470 101 Fruemimre,
955 1371 78 60 en
1095 1350 374 97 Andersen,
1541 1348 256 100 Biehl,

83 1475 213 95 Beck,
347 1468 271 97 fortiene
679 1472 113 98 her
834 1487 74 64 at
967 1471 167 79 blive
1198 1477 324 76 nævnede.
1623 1472 175 86 Der

84 1595 194 96 fattes
320 1594 188 98 heller
546 1589 130 81 ikke
712 1612 136 70 paa
878 1609 172 76 unge
1082 1588 252 97 Lærde,
1388 1589 136 92 som
1540 1612 258 76 engang

85 1717 82 81 vil
203 1714 120 94 vise
352 1718 93 93 sig
490 1713 21 78 i
534 1715 187 78 deres
756 1708 495 100 Fæderneland.
1356 1707 209 86 Som
1580 1710 187 94 besyn-

87 1838 220 94 derligt
337 1853 64 61 er
431 1839 104 74 det
551 1827 424 98 forekommet
991 1831 156 95 mig,
1203 1846 74 64 ar
1293 1828 348 99 Holbergs
1661 1827 107 86 Co-

88 1949 269 89 tnoedier
396 1957 220 76 endnu
647 1950 235 78 immer
918 1950 430 94 vedligeholde
1390 1953 92 94 sig
1520 1956 146 76 med
1696 1954 108 78 det

90 2078 208 96 største
326 2069 282 96 Biefald
638 2072 108 94 her
790 2089 136 76 paa
965 2064 350 100 Theatret
1420 2069 102 84 Et
1578 2070 226 96 sikkert

93 2196 290 91 Beviis,
439 2207 74 66 at
559 2197 210 76 denne
797 2190 162 95 store
1001 2187 236 83 Mand
1289 2193 146 76 med
1483 2191 130 93 sine
1663 2190 140 100 Feil

91 2327 124 89 dog
243 2316 284 95 alligevel
559 2310 304 96 troeligen
893 2309 120 94 har
1043 2308 274 94 kopieret
1349 2305 352 85 Naturen.

290 2434 144 98 Jeg
462 2433 144 76 blev
650 2430 178 94 nylig
856 2425 114 94 saa
998 2423 328 98 fortroelig
1378 2433 148 74 med
1560 2446 82 60 en
1664 2450 142 75 ung

93 2553 250 112 Dansk
436 2565 72 66 at
548 2549 132 94 han
712 2545 240 96 endelig
988 2545 206 95 tilstod
1228 2546 178 95 mig,
1462 2563 72 62 at
1552 2552 74 76 de
1644 2548 130 94 hav-

93 2687 76 78 de
199 2669 438 95 Udenlandsse
691 2688 80 76 og
817 2662 450 99 fornemmelig
1309 2669 76 76 de
1435 2663 250 99 Tydsse
1731 2683 80 66 ar

99 2798 172 85 rakke
293 2796 106 98 for
419 2799 106 76 der
561 2792 222 94 meeste
811 2785 70 82 til
923 2782 593 97 Videnskabernes
1547 2784 232 98 Opkla-

98 2923 158 95 ring.
358 2914 116 85 En
502 2906 398 100 Tilstaaelse,
954 2909 74 78 de
1056 2910 186 76 ellers
1288 2919 206 80 meget
1546 2908 264 96 ugierne

102 3046 303 94 aflægge,
456 3027 332 111 saasandt
598 3031 190 93 sandt
814 3034 104 75 der
948 3025 232 80 immer
1223 3015 158 88 maa
1672 3030 138 94 ha»

107 3163 284 79 berømte
415 3151 108 100 for
567 3152 132 94 mig
729 3148 20 80 i
781 3146 110 96 sær
925 3165 76 60 en
1031 3144 172 96 tydss
1235 3137 382 105 Professor,
1671 3146 138 96 som

105 3294 285 68 utrættet
441 3278 270 77 allerede
739 3272 196 91 længe
975 3265 116 92 har
1141 3264 292 95 bidraget
1469 3259 179 96 saare
1681 3286 99 62 me-

104 3420 106 78 get
242 3402 70 80 til
322 3390 578 101 Videnskabernes
918 3382 388 94 Udbredelse.
1406 3383 166 88 Det
1602 3406 64 58 er
1684 3386 98 82 vir-

112 3521 149 97 kelig
284 3510 513 96 mærkværdigt,
852 3521 73 64 at
966 3523 99 62 tre
1096 3502 77 96 af
1202 3502 419 97 Tydsslands
1652 3508 131 94 stør-

121 3643 80 93 ste
227 3638 286 97 Digtere
547 3655 82 73 og
643 3630 114 96 lige
774 3625 110 95 faa
903 3645 236 77 mange
1153 3622 234 92 Talere
1415 3623 110 98 her
1537 3624 276 94 opholde

1619 3742 93 96 sig
