2964 4487
1219 400 109 67 60

1675 967 368 122 Tiende
2133 966 318 116 Brev.

1218 1508 164 110 03

1213 1590 62 52 J

1213 1590 62 52 J
1311 1594 234 100 fugen
1587 1621 190 70 ganer
1819 1597 106 94 her
1965 1602 76 70 til
2085 1600 220 92 Fods;
2375 1599 198 88 alting
2627 1597 172 70 fiører
2845 1599 20 67 i

1207 1674 164 116 «O
1445 1711 262 92 Careth.
1849 1711 184 75 Man
2097 1714 210 86 ffulde
2363 1712 168 87 snart
2587 1721 168 74 troe,
2811 1721 54 58 at

1203 1824 318 84 Podagra
1553 1823 202 92 havde
1787 1823 106 94 her
1929 1824 276 90 opflaget
2243 1826 92 82 sin
2381 1818 294 87 Voepæl.
2753 1819 110 90 Fra

1203 1942 120 66 den
1379 1937 200 87 største
1625 1933 308 94 Minister
1995 1940 76 68 til
2131 1944 118 64 den
2317 1933 256 92 ringeste
2631 1920 210 98 Haand-

1200 2051 396 67 voerksmand
1658 2051 192 70 Hører
1906 2045 108 93 her
2076 2050 140 72 alle.
2350 2044 174 73 Men
2584 2049 104 66 den
2734 2057 128 56 rette

1198 2158 254 88 Aarsag
1494 2157 182 92 hertil
1730 2183 62 48 cr
1826 2167 164 64 uden
2038 2158 192 88 Tvil,
2300 2174 66 56 at
2414 2163 72 64 de
2532 2151 204 82 Smaa
2774 2173 84 52 ere

1200 2268 108 94 her
1342 2274 156 68 altid
1534 2277 72 64 de
1650 2269 254 78 Stores
1942 2272 210 84 Aber,
2218 2272 238 88 saafoni
2502 2273 72 66 de
2614 2267 132 90 seer,
2798 2279 58 57 at

1200 2390 76 62 de
1318 2384 122 70 ikke
1492 2403 96 50 ere
1636 2385 270 86 anseete,
1972 2402 160 52 naar
2172 2388 70 66 de
2286 2382 126 72 ikke
2458 2377 296 92 forholder
2786 2375 72 89 sig

1197 2498 380 86 nogenledes
1623 2499 122 86 lige
1793 2501 136 66 med
1967 2500 72 64 de
2071 2492 256 82 Store;
2393 2491 186 90 deraf
2625 2493 234 70 kommer

1197 2610 104 66 det
1349 2626 114 78 og,
1531 2621 68 56 at
1643 2613 76 66 de
1767 2607 181 86 mees
1993 2608 342 72 bemidlede
2377 2602 290 91 Borgere
2715 2599 142 72 kiobe

1161 2714 128 91 sig
1199 2716 86 90 sig
1317 2716 204 76 Titler
1555 2717 102 86 for
1689 2733 66 58 at
1789 2717 142 86 faae
1957 2738 72 50 en
2073 2718 288 90 Anseelse
2393 2737 78 72 og
2505 2715 192 88 Rang
2733 2731 124 52 over

1195 2834 218 72 andre.
1541 2829 144 74 Det
1725 2851 62 50 er
1815 2833 122 70 ikke
1971 2832 452 90 usædvanligt,
2453 2843 64 58 at
2543 2847 70 52 en
2641 2825 190 76 Kræm-

1196 2956 134 54 mer
1382 2942 174 71 lader
1590 2943 84 88 sig
1718 2947 168 84 giøre
1926 2946 76 68 til
2052 2942 472 78 Cancellieraad
2570 2939 138 72 eller
2739 2932 103 97 Iis-

1194 3049 352 88 stitsraad,"
1584 3059 166 66 uden
1782 3054 372 89 nogensinde
2188 3072 64 56 at
2284 3054 234 87 erfare,
2580 3047 156 94 hvad
2766 3053 88 64 der

1196 3178 192 70 gaaer
1418 3162 100 86 for
1550 3163 86 90 sig
1672 3169 20 68 i
1722 3165 372 87 Cancelliet,
2162 3170 142 70 eller
2336 3164 156 94 have
2522 3177 178 76 noget
2732 3155 98 80 Be-

1192 3272 150 86 greb
1372 3290 100 52 om
1508 3271 166 92 hvad
1702 3277 244 94 Justice
1974 3298 62 52 er
2070 3278 102 90 for
2194 3300 74 52 en
2288 3278 196 93 Ting.
2548 3273 104 80 En
2680 3269 174 78 Kiob«

1195 3388 196 64 mand
1425 3398 164 59 troer
1619 3389 212 84 derfor
1867 3403 66 60 at
1977 3408 160 54 være
2173 3398 154 68 nødt
2359 3393 76 73 til
2481 3403 66 60 at
2587 3385 154 76 kiøbe
2779 3381 78 89 sig

1195 3512 76 52 en
1305 3490 102 98 hvi
1437 3494 210 95 Titel,
1709 3503 230 90 samme
1969 3504 192 96 koster
2193 3520 246 82 meget;
2503 3493 358 102 Huushold-

2649 3613 208 90 ningen
