2839 4403
625 354 115 106 56

1277 348 71 106 4»
1573 345 71 106 ^
1869 344 69 106 4*

1218 678 381 130 Fünfter
1736 676 297 130 Brief

859 857 214 78 Mein
1129 855 248 95 Herr,

629 983 177 199 Ich
875 984 277 82 treuere
1222 982 200 82 mich
1490 1011 238 70 zwar,
1788 1012 124 50 aus
1975 980 241 82 Ihrem
2276 1000 328 84 zweyten

766 1096 238 82 Briefe
1080 1127 62 76 p.
1186 1121 130 77 24.
1360 1096 156 78 und
1558 1121 128 72 25.
1766 1127 94 48 zu
1936 1092 212 82 fehen
2186 1157 18 36 ,
2278 1089 146 84 dafs
2488 1092 118 76 Sie

632 1212 428 104 wenigftens
1102 1213 156 74 Ein
1292 1206 548 83 Etabliflement
1884 1206 145 106 bey
2066 1237 136 49 uns
2238 1201 366 110 gefunden

623 1323 302 95 hatten,
983 1321 128 80 das
1151 1321 222 79 Ihren
1425 1317 280 108 Beyfall
1761 1351 90 48 zu
1921 1320 376 80 verdienen
2339 1315 272 91 fehlen;

625 1430 448 112 gleichwohl
1145 1431 208 81 hätte
1395 1434 118 78 ich
1587 1431 468 106 gewünfeht,
2115 1425 146 84 dafs
2327 1429 112 76 Sie
2501 1424 112 78 die

621 1544 443 106 angeführte
1093 1543 813 108 grofseTuchfabricke
1947 1544 203 78 nicht
2187 1537 137 84 auf
2339 1538 273 79 Koften

620 1658 326 96 anderer,
1010 1689 176 48 zum
1228 1656 174 79 theil
1442 1660 134 74 viel
1618 1655 368 93 kleinerer,
2046 1652 396 82 Fabricken
2506 1676 72 50 er-

620 1768 258 80 hoben
946 1770 308 95 hätten,
1316 1766 118 80 die
1500 1796 122 49 um
1681 1764 201 81 deso
1922 1763 456 83 fchätzbarer
2416 1760 196 94 find,

623 1879 106 80 als
798 1878 155 80 ihre
1026 1878 597 93 Unternehmer,
1706 1878 233 79 durch
2006 1873 603 93 Arbeitfamkeit,

627 1985 458 113 fortgefetzte
1151 1990 582 105 Bemühungen,
1791 2012 170 85 gute
2025 1990 368 97 Ordnung
2457 1982 154 78 und

625 2100 348 82 Aufficht
1011 2099 240 96 allein,
1307 2104 368 76 entweder
1715 2101 196 78 ohne
1945 2160 20 34 ,
2023 2098 174 80 oder
2265 2099 132 74 mit
2453 2091 158 81 fehr

630 2216 330 106 geringer
990 2215 632 100 Unterftützung,
1682 2208 354 83 diefelben
2076 2207 330 81 errichtet
2460 2202 156 80 und

630 2324 326 84 erhalten
1032 2323 268 84 haben.
1422 2328 348 101 Dagegen
1842 2325 172 105 jene
2078 2319 340 79 Fabricke
2484 2342 136 52 nur

636 2438 239 80 durch
918 2434 527 83 wiederhohlte
1484 2437 151 79 und
1678 2430 527 85 beträchtliche
2232 2425 355 84 Wohltha-

637 2575 126 57 ten
799 2550 126 80 des
965 2552 226 77 Staats
1231 2578 94 49 zu
1367 2548 188 82 ihrer
1593 2547 274 80 Gröfse
1905 2544 292 108 gelangt
2241 2543 100 78 ift.

861 2666 252 75 Wenn
1147 2663 114 78 Sie
1295 2658 174 80 aber
1503 2659 264 81 wieder
1805 2661 70 76 in
1909 2658 202 78 Ihrer
2133 2653 486 103 Entzückung

635 2770 183 82 über
885 2772 115 80 die
1066 2770 410 109 glückliche
1519 2776 195 99 Lage
1766 2766 238 85 unfers
2043 2763 287 86 Hafens
2382 2795 64 74 p.
2489 2786 129 74 57.

636 2882 370 99 ausrufen,
1068 2947 44 36 „
1152 2883 148 81 dafs
1370 2886 120 76 wir
1558 2880 132 83 faft
1746 2881 134 84 alle
1942 2886 646 74 Manufacktu-

646 3059 52 37 „
764 3024 172 52 ren
1000 3023 176 52 und
1238 3001 536 74 Fabricken
1828 2992 398 82 entbehren
2268 2993 348 87 könnten,

637 3169 50 39 „
751 3104 288 86 wofern
1117 3111 132 78 wir
1307 3136 140 50 nur
1489 3107 232 80 dielen
1761 3111 312 101 Vorzug
2111 3101 202 83 recht
2351 3131 92 48 zu
2485 3128 96 48 nu-

647 3283 52 35 „
757 3244 168 58 tzen
1001 3217 306 84 wüfsten
1341 3252 16 44 :
1395 3224 44 36 “
1511 3222 100 76 So
1677 3223 330 103 zwingen
2067 3218 116 80 Sie
2249 3213 190 82 mich
2503 3210 112 76 die

643 3332 231 82 Sache
935 3361 315 78 genauer
1317 3360 93 48 zu
1449 3329 501 82 unterfuchen.

872 3445 332 80 Machen
1262 3444 116 80 Sie
1444 3440 190 82 blofs
1700 3445 160 78 eine
1936 3435 466 89 theoretifche
2464 3437 120 75 An-

646 3556 368 107 merkung
1082 3555 178 82 über
1330 3554 116 80 die
1510 3553 488 108 Möglichkeit
2062 3554 126 80 der
2250 3542 370 87 Vortheile

647 3666 242 80 unfers
928 3663 305 102 Hafens,
1268 3667 77 81 fo
1382 3664 297 86 können
1714 3667 117 80 Sie
1870 3666 239 80 Recht
2148 3663 271 90 haben;
2477 3654 146 82 und

655 3807 76 53 es
767 3780 242 84 würde
1075 3781 118 82 ein
1253 3776 546 89 unerfetzlicher
1835 3776 284 88 Verluft
2183 3773 122 86 für
2341 3775 244 82 Danne-

615 3882 186 91 mark
