3006 4484
1639 382 82 63 39

89 547 384 94 pierspenge
503 539 206 98 falder
745 547 236 79 immer
1001 563 168 62 meer
1207 563 82 76 og
1317 560 170 62 meer
1533 542 22 78 i
1592 538 219 84 Cour-·

91 665 153 99 sen;
297 664 191 82 Man
538 667 128 94 har
686 673 104 74 vel
814 668 306 94 forstaart
1152 669 122 76 den
1293 661 265 97 Kunst,
1586 678 70 70 at
1683 659 133 96 for»

92 787 142 94 høie
268 792 124 76 den
422 808 92 58 nu
540 807 82 76 og
644 791 88 76 da
752 807 134 73 paa
904 808 78 58 en
1002 786 144 79 kort
1168 783 172 100 Tid,
1396 800 150 62 men
1560 788 18 72 i
1598 782 186 97 Læng-

92 913 127 76 den
274 904 129 82 kan
464 912 107 75 det
612 913 129 90 dog
784 906 129 80 ikke
954 906 269 95 bestaae.
1352 905 183 83 Den
1592 906 225 91 største

97 1025 214 86 Stød
351 1026 120 84 lide
497 1023 592 88 Banco-Nomne
1119 1029 122 78 ved
1283 1031 74 76 de
1387 1022 256 84 Renter
1677 1021 142 92 som

93 1148 430 90 Udlændinge
557 1147 20 74 i
619 1149 160 90 store
813 1142 356 82 Summer
1207 1140 226 81 trække
1479 1144 207 91 aarlig
1713 1139 106 92 for

96 1261 250 99 Rigets
384 1263 426 96 udenlandffe
850 1260 266 97 Græld;
1198 1277 162 63 man
1406 1280 162 60 maa
1606 1255 216 96 derfor

98 1383 282 93 bebyrde
412 1381 542 94 Undersaatterne
982 1383 320 94 medftore
1318 1379 334 97 Paalæg,
1682 1375 146 96 som

96 1497 179 104 giøre
314 1506 149 76 dem
492 1523 83 76 og
614 1501 209 100 Riget
844 1500 261 100 fattige,
1160 1505 177 76 uden
1366 1516 75 64 at
1468 1498 85 94 see
1578 1496 249 83 Enden

95 1645 140 74 paa
263 1620 144 100 disse
437 1622 276 99 Plager.
817 1620 124 98 Og
983 1626 174 76 dette
1189 1641 62 58 er
1295 1626 218 74 endnu
1555 1616 128 82 ikke
1719 1625 110 76 der

97 1746 233 94 reneste
361 1740 215 84 Stød
609 1741 137 92 som
773 1739 75 87 de
881 1739 287 96 Danske
1183 1739 503 98 Papiirspenge
1701 1735 127 96 har

98 1861 216 101 faaer;
370 1862 92 96 thi
500 1862 426 96 Udlændinge
962 1860 120 96 har
1116 1861 114 96 lige
1260 1857 112 94 saa
1416 1878 226 76 megen
1680 1855 114 84 An-

100 1988 134 77 deel
268 1984 18 78 i
316 1988 120 82 den
462 1972 924 106 KiøbenhavnfleBanqves
1420 1976 260 97 Actier,
1716 1993 114 64 om

105 2105 128 80 ikke
265 2124 206 76 mere,
529 2109 124 76 end
699 2100 584 97 Undersaatterne,
1341 2120 82 76 og
1469 2104 76 76 de
1601 2093 230 83 trække

107 2228 206 96 aarlig
361 2232 92 66 16
497 2223 304 100 Procent
839 2220 104 96 for
985 2228 186 76 deres
1213 2220 292 94 Capital.
1609 2216 222 97 Hvad

107 2355 111 74 der
253 2344 315 96 fortienes
599 2347 123 76 ved
751 2341 661 96 Kiobmandflabets
1447 2335 355 85 Laaneban-

108 2489 128 76 que
274 2488 82 74 og
384 2461 346 100 endosserte
758 2461 328 97 Vexeler,
1140 2459 136 94 som
1296 2476 286 76 mangen
1612 2452 222 93 Gang

110 2587 130 80 bær
286 2592 186 76 deres
530 2583 158 96 snur
738 2579 294 98 fortjente
1078 2577 248 86 Sveed
1402 2574 272 98 derhen,
1728 2581 110 74 der

113 2708 260 80 trækker
397 2707 462 91 Udlændinge!
891 2706 174 78 reede
1081 2701 276 98 Penge,
1413 2720 94 82 og,
1527 2702 72 76 de
1613 2692 192 85 Dan-

109 2829 92 96 ske
249 2830 264 94 beholde
561 2827 72 80 til
665 2822 362 96 Slutning
1081 2821 132 78 kun
1273 2825 184 76 deres
1517 2815 316 99 Papirer.

111 2947 253 97 Endog
389 2946 295 95 Kongen
715 2943 167 95 selv,
938 2958 168 63 naar
1453 2940 167 94 have
1645 2934 163 99 Pen-

118 3089 74 76 ge
232 3076 144 72 eller
422 3066 288 83 Sædler
756 3058 174 98 udaf
976 3066 94 90 sin
1116 3059 342 97 Banque,
1522 3054 318 96 forrenter

118 3187 241 94 samme
392 3192 145 76 med
564 3209 51 70 4
642 3183 325 98 Procent.
1070 3180 221 99 Hvad
1308 3181 533 91 endnssdesuden

121 3309 196 80 bliver
353 3314 186 76 deres
573 3303 298 98 Papirer
933 3324 82 76 og
1059 3322 78 61 en
1203 3303 190 86 Deel
1437 3296 80 96 af
1553 3296 288 93 Europa

121 3427 298 101 fladelig,
493 3447 66 62 er
605 3437 104 74 det
763 3423 302 99 Asiatiske
1137 3420 454 98 Compagnie;
1625 3468 8 8 •
1669 3425 172 76 dette

914 3542 66 84 C
1030 3568 50 71 4
1480 3536 260 86 trækker
