<?xml version="1.0" encoding="utf-8"?>
<alto xmlns="http://www.loc.gov/standards/alto/ns-v3#" xmlns:xs="http://www.w3.org/2001/XMLSchema-instance" xmlns:xlink="http://www.w3.org/1999/xlink">
	<Description>
		<MeasurementUnit>pixel</MeasurementUnit>
		<sourceImageInformation>
			<fileName>130016215253_1_013_003_018.tif</fileName>
		</sourceImageInformation>
		<OCRProcessing ID="OCR1">
			<ocrProcessingStep>
				<processingDateTime>2018-09-13</processingDateTime>
				<processingAgency>Zissor AS</processingAgency>
				<processingStepSettings>Combined OCR</processingStepSettings>
				<processingSoftware>
					<softwareCreator>Zissor AS</softwareCreator>
					<softwareName>ContentOCR-11; ContentOCR-Tesseract</softwareName>
					<softwareVersion>2.0.2; 2.0.0</softwareVersion>
					<applicationDescription>OCR Component for Zissor Content System</applicationDescription>
				</processingSoftware>
			</ocrProcessingStep>
		</OCRProcessing>
	</Description>
	<Styles>
		<TextStyle ID="STYLE1" FONTFAMILY="Times New Roman" FONTSIZE="10.5" FONTSTYLE="bold"/>
		<TextStyle ID="STYLE2" FONTFAMILY="Times New Roman" FONTSIZE="12" FONTSTYLE=""/>
		<TextStyle ID="STYLE3" FONTFAMILY="Times New Roman" FONTSIZE="14" FONTSTYLE=""/>
		<TextStyle ID="STYLE4" FONTFAMILY="Arial" FONTSIZE="12" FONTSTYLE=""/>
		<TextStyle ID="STYLE5" FONTFAMILY="Times New Roman" FONTSIZE="8" FONTSTYLE="italics"/>
		<TextStyle ID="STYLE6" FONTFAMILY="Arial" FONTSIZE="13" FONTSTYLE=""/>
		<TextStyle ID="STYLE7" FONTFAMILY="Times New Roman" FONTSIZE="9.5" FONTSTYLE="bold"/>
		<TextStyle ID="STYLE8" FONTFAMILY="Arial" FONTSIZE="8" FONTSTYLE=""/>
	</Styles>
	<Layout>
		<Page ID="PAGE156" HEIGHT="4437" WIDTH="2954" PHYSICAL_IMG_NR="156" PROCESSING="OCR1" PC="0.66">
			<TopMargin HEIGHT="414" WIDTH="2954" HPOS="0" VPOS="0"/>
			<LeftMargin HEIGHT="3272" WIDTH="1128" HPOS="0" VPOS="414"/>
			<RightMargin HEIGHT="3272" WIDTH="88" HPOS="2866" VPOS="414"/>
			<BottomMargin HEIGHT="749" WIDTH="2954" HPOS="0" VPOS="3688"/>
			<PrintSpace ID="PRINTSPACE1" HEIGHT="3272" WIDTH="1736" HPOS="1129" VPOS="415">
				<ComposedBlock xs:type="ComposedBlockType" ID="ARTICLE111795" HEIGHT="3272" WIDTH="1736" HPOS="1129" VPOS="415" xlink:type="simple">
					<TextBlock xs:type="TextBlockType" ID="ZONE1156432" HEIGHT="82" WIDTH="956" HPOS="1239" VPOS="415" xlink:type="simple">
						<TextLine ID="LINE1" HEIGHT="82" WIDTH="956" HPOS="1239" VPOS="415">
							<String ID="STRING1" STYLEREFS="STYLE1" HEIGHT="66" WIDTH="84" HPOS="1239" VPOS="425" CONTENT="18" WC="0.17" LANG="nob"/>
							<SP ID="SP1" WIDTH="450" HPOS="1323" VPOS="425"/>
							<String ID="STRING2" STYLEREFS="STYLE2" HEIGHT="82" WIDTH="422" HPOS="1773" VPOS="415" CONTENT="U-srOcM-'" WC="0.63" LANG="nob"/>
						</TextLine>
					</TextBlock>
					<TextBlock xs:type="TextBlockType" ID="ZONE1156433" HEIGHT="2976" WIDTH="1736" HPOS="1129" VPOS="589" xlink:type="simple">
						<TextLine ID="LINE2" HEIGHT="106" WIDTH="1704" HPOS="1151" VPOS="589">
							<String ID="STRING3" STYLEREFS="STYLE3" HEIGHT="68" WIDTH="112" HPOS="1151" VPOS="615" CONTENT="tør" WC="0.65" LANG="nob"/>
							<SP ID="SP2" WIDTH="28" HPOS="1263" VPOS="615"/>
							<String ID="STRING4" STYLEREFS="STYLE3" HEIGHT="106" WIDTH="278" HPOS="1291" VPOS="589" CONTENT="offentlig" WC="0.69" LANG="nob"/>
							<SP ID="SP3" WIDTH="24" HPOS="1569" VPOS="589"/>
							<String ID="STRING5" STYLEREFS="STYLE3" HEIGHT="86" WIDTH="164" HPOS="1593" VPOS="591" CONTENT="bære" WC="0.62" LANG="dan"/>
							<SP ID="SP4" WIDTH="48" HPOS="1757" VPOS="591"/>
							<String ID="STRING6" STYLEREFS="STYLE3" HEIGHT="76" WIDTH="172" HPOS="1805" VPOS="599" CONTENT="den?" WC="0.62" LANG="dan"/>
							<SP ID="SP5" WIDTH="56" HPOS="1977" VPOS="599"/>
							<String ID="STRING7" STYLEREFS="STYLE3" HEIGHT="94" WIDTH="124" HPOS="2033" VPOS="595" CONTENT="hos" WC="0.63" LANG="dan"/>
							<SP ID="SP6" WIDTH="48" HPOS="2157" VPOS="595"/>
							<String ID="STRING8" STYLEREFS="STYLE3" HEIGHT="72" WIDTH="80" HPOS="2205" VPOS="601" CONTENT="os" WC="0.69" LANG="dan"/>
							<SP ID="SP7" WIDTH="46" HPOS="2285" VPOS="601"/>
							<String ID="STRING9" STYLEREFS="STYLE3" HEIGHT="78" WIDTH="188" HPOS="2331" VPOS="595" CONTENT="turde" WC="0.57" LANG="dan"/>
							<SP ID="SP8" WIDTH="48" HPOS="2519" VPOS="595"/>
							<String ID="STRING10" STYLEREFS="STYLE3" HEIGHT="98" WIDTH="142" HPOS="2567" VPOS="591" CONTENT="siigt" WC="0.69" LANG="dan"/>
							<SP ID="SP9" WIDTH="22" HPOS="2709" VPOS="591"/>
							<String ID="STRING11" STYLEREFS="STYLE3" HEIGHT="82" WIDTH="124" HPOS="2731" VPOS="591" CONTENT="ikke" WC="0.67" LANG="dan"/>
						</TextLine>
						<TextLine ID="LINE3" HEIGHT="104" WIDTH="1708" HPOS="1151" VPOS="711">
							<String ID="STRING12" STYLEREFS="STYLE3" HEIGHT="98" WIDTH="144" HPOS="1151" VPOS="717" CONTENT="fkee," WC="0.55" LANG="dan"/>
							<SP ID="SP10" WIDTH="100" HPOS="1295" VPOS="717"/>
							<String ID="STRING13" STYLEREFS="STYLE3" HEIGHT="102" WIDTH="162" HPOS="1395" VPOS="711" CONTENT="„O" WC="0.19" LANG="dan"/>
							<SP ID="SP11" WIDTH="40" HPOS="1557" VPOS="711"/>
							<String ID="STRING14" STYLEREFS="STYLE3" HEIGHT="76" WIDTH="104" HPOS="1597" VPOS="717" CONTENT="det" WC="0.67" LANG="dan"/>
							<SP ID="SP12" WIDTH="36" HPOS="1701" VPOS="717"/>
							<String ID="STRING15" STYLEREFS="STYLE3" HEIGHT="96" WIDTH="212" HPOS="1737" VPOS="713" CONTENT="ffader" WC="0.45" LANG="dan"/>
							<SP ID="SP13" WIDTH="46" HPOS="1949" VPOS="713"/>
							<String ID="STRING16" STYLEREFS="STYLE3" HEIGHT="94" WIDTH="200" HPOS="1995" VPOS="713" CONTENT="intet," WC="0.92" LANG="dan"/>
							<SP ID="SP14" WIDTH="74" HPOS="2195" VPOS="713"/>
							<String ID="STRING17" STYLEREFS="STYLE3" HEIGHT="94" WIDTH="180" HPOS="2269" VPOS="711" CONTENT="hedte" WC="0.68" LANG="dan"/>
							<SP ID="SP15" WIDTH="52" HPOS="2449" VPOS="711"/>
							<String ID="STRING18" STYLEREFS="STYLE3" HEIGHT="90" WIDTH="146" HPOS="2501" VPOS="721" CONTENT="der," WC="0.56" LANG="dan"/>
							<SP ID="SP16" WIDTH="54" HPOS="2647" VPOS="721"/>
							<String ID="STRING19" STYLEREFS="STYLE3" HEIGHT="58" WIDTH="158" HPOS="2701" VPOS="735" CONTENT="man" WC="0.93" LANG="dan"/>
						</TextLine>
						<TextLine ID="LINE4" HEIGHT="106" WIDTH="1714" HPOS="1147" VPOS="831">
							<String ID="STRING20" STYLEREFS="STYLE3" HEIGHT="48" WIDTH="56" HPOS="1147" VPOS="889" CONTENT="„" WC="1" LANG="dan"/>
							<SP ID="SP17" WIDTH="52" HPOS="1203" VPOS="889"/>
							<String ID="STRING21" STYLEREFS="STYLE3" HEIGHT="80" WIDTH="126" HPOS="1255" VPOS="837" CONTENT="kan" WC="0.83" LANG="dan"/>
							<SP ID="SP18" WIDTH="42" HPOS="1381" VPOS="837"/>
							<String ID="STRING22" STYLEREFS="STYLE3" HEIGHT="98" WIDTH="146" HPOS="1423" VPOS="831" CONTENT="faae" WC="0.89" LANG="dan"/>
							<SP ID="SP19" WIDTH="46" HPOS="1569" VPOS="831"/>
							<String ID="STRING23" STYLEREFS="STYLE3" HEIGHT="76" WIDTH="120" HPOS="1615" VPOS="839" CONTENT="den" WC="0.75" LANG="dan"/>
							<SP ID="SP20" WIDTH="46" HPOS="1735" VPOS="839"/>
							<String ID="STRING24" STYLEREFS="STYLE3" HEIGHT="74" WIDTH="208" HPOS="1781" VPOS="839" CONTENT="under" WC="0.67" LANG="dan"/>
							<SP ID="SP21" WIDTH="46" HPOS="1989" VPOS="839"/>
							<String ID="STRING25" STYLEREFS="STYLE3" HEIGHT="98" WIDTH="344" HPOS="2035" VPOS="831" CONTENT="Haanden" WC="0.85" LANG="dan"/>
							<SP ID="SP22" WIDTH="52" HPOS="2379" VPOS="831"/>
							<String ID="STRING26" STYLEREFS="STYLE3" HEIGHT="98" WIDTH="296" HPOS="2431" VPOS="831" CONTENT="rilkiobs," WC="0.67" LANG="dan"/>
							<SP ID="SP23" WIDTH="56" HPOS="2727" VPOS="831"/>
							<String ID="STRING27" STYLEREFS="STYLE3" HEIGHT="74" WIDTH="78" HPOS="2783" VPOS="853" CONTENT="og" WC="0.6" LANG="dan"/>
						</TextLine>
						<TextLine ID="LINE5" HEIGHT="106" WIDTH="1712" HPOS="1147" VPOS="949">
							<String ID="STRING28" STYLEREFS="STYLE3" HEIGHT="46" WIDTH="56" HPOS="1147" VPOS="1009" CONTENT="„" WC="1" LANG="dan"/>
							<SP ID="SP24" WIDTH="56" HPOS="1203" VPOS="1009"/>
							<String ID="STRING29" STYLEREFS="STYLE3" HEIGHT="78" WIDTH="106" HPOS="1259" VPOS="961" CONTENT="der" WC="0.51" LANG="dan"/>
							<SP ID="SP25" WIDTH="28" HPOS="1365" VPOS="961"/>
							<String ID="STRING30" STYLEREFS="STYLE3" HEIGHT="76" WIDTH="176" HPOS="1393" VPOS="957" CONTENT="lader" WC="0.77" LANG="dan"/>
							<SP ID="SP26" WIDTH="32" HPOS="1569" VPOS="957"/>
							<String ID="STRING31" STYLEREFS="STYLE3" HEIGHT="60" WIDTH="158" HPOS="1601" VPOS="971" CONTENT="man" WC="1" LANG="dan"/>
							<SP ID="SP27" WIDTH="34" HPOS="1759" VPOS="971"/>
							<String ID="STRING32" STYLEREFS="STYLE3" HEIGHT="92" WIDTH="96" HPOS="1793" VPOS="953" CONTENT="sin" WC="0.61" LANG="dan"/>
							<SP ID="SP28" WIDTH="36" HPOS="1889" VPOS="953"/>
							<String ID="STRING33" STYLEREFS="STYLE3" HEIGHT="86" WIDTH="336" HPOS="1925" VPOS="949" CONTENT="Skræder" WC="0.69" LANG="dan"/>
							<SP ID="SP29" WIDTH="34" HPOS="2261" VPOS="949"/>
							<String ID="STRING34" STYLEREFS="STYLE3" HEIGHT="98" WIDTH="176" HPOS="2295" VPOS="949" CONTENT="sørge" WC="0.68" LANG="dan"/>
							<SP ID="SP30" WIDTH="30" HPOS="2471" VPOS="949"/>
							<String ID="STRING35" STYLEREFS="STYLE3" HEIGHT="104" WIDTH="142" HPOS="2501" VPOS="949" CONTENT="for,," WC="0.8" LANG="dan"/>
							<SP ID="SP31" WIDTH="50" HPOS="2643" VPOS="949"/>
							<String ID="STRING36" STYLEREFS="STYLE3" HEIGHT="62" WIDTH="166" HPOS="2693" VPOS="969" CONTENT="naar" WC="0.81" LANG="dan"/>
						</TextLine>
						<TextLine ID="LINE6" HEIGHT="106" WIDTH="1714" HPOS="1143" VPOS="1067">
							<String ID="STRING37" STYLEREFS="STYLE3" HEIGHT="50" WIDTH="58" HPOS="1143" VPOS="1123" CONTENT="„" WC="1" LANG="dan"/>
							<SP ID="SP32" WIDTH="56" HPOS="1201" VPOS="1123"/>
							<String ID="STRING38" STYLEREFS="STYLE3" HEIGHT="62" WIDTH="162" HPOS="1257" VPOS="1093" CONTENT="man" WC="1" LANG="dan"/>
							<SP ID="SP33" WIDTH="44" HPOS="1419" VPOS="1093"/>
							<String ID="STRING39" STYLEREFS="STYLE3" HEIGHT="78" WIDTH="288" HPOS="1463" VPOS="1089" CONTENT="eengang" WC="0.83" LANG="dan"/>
							<SP ID="SP34" WIDTH="44" HPOS="1751" VPOS="1089"/>
							<String ID="STRING40" STYLEREFS="STYLE3" HEIGHT="96" WIDTH="122" HPOS="1795" VPOS="1071" CONTENT="har" WC="0.75" LANG="dan"/>
							<SP ID="SP35" WIDTH="50" HPOS="1917" VPOS="1071"/>
							<String ID="STRING41" STYLEREFS="STYLE3" HEIGHT="76" WIDTH="124" HPOS="1967" VPOS="1077" CONTENT="den" WC="0.86" LANG="dan"/>
							<SP ID="SP36" WIDTH="50" HPOS="2091" VPOS="1077"/>
							<String ID="STRING42" STYLEREFS="STYLE3" HEIGHT="74" WIDTH="132" HPOS="2141" VPOS="1091" CONTENT="paa" WC="0.97" LANG="dan"/>
							<SP ID="SP37" WIDTH="44" HPOS="2273" VPOS="1091"/>
							<String ID="STRING43" STYLEREFS="STYLE3" HEIGHT="98" WIDTH="372" HPOS="2317" VPOS="1069" CONTENT="Kroppen," WC="0.67" LANG="dan"/>
							<SP ID="SP38" WIDTH="64" HPOS="2689" VPOS="1069"/>
							<String ID="STRING44" STYLEREFS="STYLE3" HEIGHT="96" WIDTH="104" HPOS="2753" VPOS="1067" CONTENT="saa" WC="0.92" LANG="dan"/>
						</TextLine>
						<TextLine ID="LINE7" HEIGHT="112" WIDTH="1708" HPOS="1147" VPOS="1183">
							<String ID="STRING45" STYLEREFS="STYLE3" HEIGHT="50" WIDTH="58" HPOS="1147" VPOS="1245" CONTENT="„" WC="1" LANG="dan"/>
							<SP ID="SP39" WIDTH="52" HPOS="1205" VPOS="1245"/>
							<String ID="STRING46" STYLEREFS="STYLE3" HEIGHT="96" WIDTH="150" HPOS="1257" VPOS="1191" CONTENT="spor" WC="0.54" LANG="dan"/>
							<SP ID="SP40" WIDTH="40" HPOS="1407" VPOS="1191"/>
							<String ID="STRING47" STYLEREFS="STYLE3" HEIGHT="94" WIDTH="190" HPOS="1447" VPOS="1191" CONTENT="ingen" WC="0.8" LANG="dan"/>
							<SP ID="SP41" WIDTH="50" HPOS="1637" VPOS="1191"/>
							<String ID="STRING48" STYLEREFS="STYLE3" HEIGHT="80" WIDTH="212" HPOS="1687" VPOS="1191" CONTENT="videre" WC="0.83" LANG="dan"/>
							<SP ID="SP42" WIDTH="46" HPOS="1899" VPOS="1191"/>
							<String ID="STRING49" STYLEREFS="STYLE3" HEIGHT="98" WIDTH="284" HPOS="1945" VPOS="1183" CONTENT="derefter." WC="0.83" LANG="dan"/>
							<SP ID="SP43" WIDTH="114" HPOS="2229" VPOS="1183"/>
							<String ID="STRING50" STYLEREFS="STYLE3" HEIGHT="100" WIDTH="112" HPOS="2343" VPOS="1187" CONTENT="Ja" WC="1" LANG="dan"/>
							<SP ID="SP44" WIDTH="44" HPOS="2455" VPOS="1187"/>
							<String ID="STRING51" STYLEREFS="STYLE3" HEIGHT="90" WIDTH="208" HPOS="2499" VPOS="1197" CONTENT="endog" WC="0.76" LANG="dan"/>
							<SP ID="SP45" WIDTH="38" HPOS="2707" VPOS="1197"/>
							<String ID="STRING52" STYLEREFS="STYLE3" HEIGHT="92" WIDTH="110" HPOS="2745" VPOS="1193" CONTENT="de," WC="0.78" LANG="dan"/>
						</TextLine>
						<TextLine ID="LINE8" HEIGHT="106" WIDTH="1720" HPOS="1141" VPOS="1307">
							<String ID="STRING53" STYLEREFS="STYLE3" HEIGHT="50" WIDTH="60" HPOS="1141" VPOS="1363" CONTENT="„" WC="1" LANG="dan"/>
							<SP ID="SP46" WIDTH="54" HPOS="1201" VPOS="1363"/>
							<String ID="STRING54" STYLEREFS="STYLE3" HEIGHT="76" WIDTH="112" HPOS="1255" VPOS="1317" CONTENT="der" WC="0.65" LANG="dan"/>
							<SP ID="SP47" WIDTH="34" HPOS="1367" VPOS="1317"/>
							<String ID="STRING55" STYLEREFS="STYLE3" HEIGHT="100" WIDTH="312" HPOS="1401" VPOS="1307" CONTENT="forestaae" WC="0.77" LANG="dan"/>
							<SP ID="SP48" WIDTH="42" HPOS="1713" VPOS="1307"/>
							<String ID="STRING56" STYLEREFS="STYLE3" HEIGHT="90" WIDTH="256" HPOS="1755" VPOS="1307" CONTENT="Tolden" WC="0.77" LANG="dan"/>
							<SP ID="SP49" WIDTH="44" HPOS="2011" VPOS="1307"/>
							<String ID="STRING57" STYLEREFS="STYLE3" HEIGHT="76" WIDTH="80" HPOS="2055" VPOS="1331" CONTENT="og" WC="0.5" LANG="dan"/>
							<SP ID="SP50" WIDTH="42" HPOS="2135" VPOS="1331"/>
							<String ID="STRING58" STYLEREFS="STYLE3" HEIGHT="100" WIDTH="450" HPOS="2177" VPOS="1307" CONTENT="Finamserne," WC="0.76" LANG="dan"/>
							<SP ID="SP51" WIDTH="70" HPOS="2627" VPOS="1307"/>
							<String ID="STRING59" STYLEREFS="STYLE3" HEIGHT="80" WIDTH="164" HPOS="2697" VPOS="1309" CONTENT="bære" WC="0.73" LANG="dan"/>
						</TextLine>
						<TextLine ID="LINE9" HEIGHT="104" WIDTH="1724" HPOS="1141" VPOS="1427">
							<String ID="STRING60" STYLEREFS="STYLE3" HEIGHT="48" WIDTH="60" HPOS="1141" VPOS="1483" CONTENT="„" WC="0.26" LANG="dan"/>
							<SP ID="SP52" WIDTH="56" HPOS="1201" VPOS="1483"/>
							<String ID="STRING61" STYLEREFS="STYLE3" HEIGHT="74" WIDTH="122" HPOS="1257" VPOS="1439" CONTENT="den" WC="0.77" LANG="dan"/>
							<SP ID="SP53" WIDTH="54" HPOS="1379" VPOS="1439"/>
							<String ID="STRING62" STYLEREFS="STYLE3" HEIGHT="100" WIDTH="168" HPOS="1433" VPOS="1427" CONTENT="selv," WC="0.71" LANG="dan"/>
							<SP ID="SP54" WIDTH="74" HPOS="1601" VPOS="1427"/>
							<String ID="STRING63" STYLEREFS="STYLE3" HEIGHT="74" WIDTH="80" HPOS="1675" VPOS="1451" CONTENT="og" WC="0.54" LANG="dan"/>
							<SP ID="SP55" WIDTH="36" HPOS="1755" VPOS="1451"/>
							<String ID="STRING64" STYLEREFS="STYLE3" HEIGHT="94" WIDTH="288" HPOS="1791" VPOS="1427" CONTENT="saaledes" WC="0.89" LANG="dan"/>
							<SP ID="SP56" WIDTH="54" HPOS="2079" VPOS="1427"/>
							<String ID="STRING65" STYLEREFS="STYLE4" HEIGHT="93" WIDTH="354" HPOS="2133" VPOS="1433" CONTENT="gaaer-det" WC="0.81" LANG="dan"/>
							<SP ID="SP57" WIDTH="-100" HPOS="2487" VPOS="1433"/>
							<String ID="STRING66" STYLEREFS="STYLE3" HEIGHT="76" WIDTH="102" HPOS="2387" VPOS="1435" CONTENT="det" WC="0.66" LANG="dan"/>
							<SP ID="SP58" WIDTH="52" HPOS="2489" VPOS="1435"/>
							<String ID="STRING67" STYLEREFS="STYLE3" HEIGHT="76" WIDTH="146" HPOS="2541" VPOS="1435" CONTENT="med" WC="0.8" LANG="dan"/>
							<SP ID="SP59" WIDTH="52" HPOS="2687" VPOS="1435"/>
							<String ID="STRING68" STYLEREFS="STYLE3" HEIGHT="74" WIDTH="126" HPOS="2739" VPOS="1435" CONTENT="alle" WC="0.81" LANG="dan"/>
						</TextLine>
						<TextLine ID="LINE10" HEIGHT="108" WIDTH="1732" HPOS="1129" VPOS="1545">
							<String ID="STRING69" STYLEREFS="STYLE3" HEIGHT="52" WIDTH="66" HPOS="1129" VPOS="1601" CONTENT=",," WC="0.67" LANG="dan"/>
							<SP ID="SP60" WIDTH="54" HPOS="1195" VPOS="1601"/>
							<String ID="STRING70" STYLEREFS="STYLE3" HEIGHT="106" WIDTH="426" HPOS="1249" VPOS="1547" CONTENT="udenlandffe" WC="0.75" LANG="dan"/>
							<SP ID="SP61" WIDTH="46" HPOS="1675" VPOS="1547"/>
							<String ID="STRING71" STYLEREFS="STYLE3" HEIGHT="100" WIDTH="242" HPOS="1721" VPOS="1545" CONTENT="Toier," WC="0.58" LANG="dan"/>
							<SP ID="SP62" WIDTH="56" HPOS="1963" VPOS="1545"/>
							<String ID="STRING72" STYLEREFS="STYLE3" HEIGHT="60" WIDTH="164" HPOS="2019" VPOS="1569" CONTENT="man" WC="0.88" LANG="dan"/>
							<SP ID="SP63" WIDTH="48" HPOS="2183" VPOS="1569"/>
							<String ID="STRING73" STYLEREFS="STYLE3" HEIGHT="82" WIDTH="124" HPOS="2231" VPOS="1545" CONTENT="kan" WC="1" LANG="dan"/>
							<SP ID="SP64" WIDTH="34" HPOS="2355" VPOS="1545"/>
							<String ID="STRING74" STYLEREFS="STYLE3" HEIGHT="82" WIDTH="126" HPOS="2389" VPOS="1545" CONTENT="ikke" WC="0.88" LANG="dan"/>
							<SP ID="SP65" WIDTH="42" HPOS="2515" VPOS="1545"/>
							<String ID="STRING75" STYLEREFS="STYLE3" HEIGHT="74" WIDTH="304" HPOS="2557" VPOS="1553" CONTENT="undvære" WC="0.75" LANG="dan"/>
						</TextLine>
						<TextLine ID="LINE11" HEIGHT="104" WIDTH="1716" HPOS="1139" VPOS="1665">
							<String ID="STRING76" STYLEREFS="STYLE3" HEIGHT="50" WIDTH="60" HPOS="1139" VPOS="1719" CONTENT="„" WC="1" LANG="dan"/>
							<SP ID="SP66" WIDTH="56" HPOS="1199" VPOS="1719"/>
							<String ID="STRING77" STYLEREFS="STYLE3" HEIGHT="94" WIDTH="190" HPOS="1255" VPOS="1675" CONTENT="dem," WC="0.67" LANG="dan"/>
							<SP ID="SP67" WIDTH="54" HPOS="1445" VPOS="1675"/>
							<String ID="STRING78" STYLEREFS="STYLE3" HEIGHT="98" WIDTH="170" HPOS="1499" VPOS="1665" CONTENT="fordi" WC="0.58" LANG="dan"/>
							<SP ID="SP68" WIDTH="34" HPOS="1669" VPOS="1665"/>
							<String ID="STRING79" STYLEREFS="STYLE3" HEIGHT="78" WIDTH="66" HPOS="1703" VPOS="1669" CONTENT="vi" WC="0.63" LANG="dan"/>
							<SP ID="SP69" WIDTH="30" HPOS="1769" VPOS="1669"/>
							<String ID="STRING80" STYLEREFS="STYLE3" HEIGHT="92" WIDTH="122" HPOS="1799" VPOS="1667" CONTENT="selv" WC="0.99" LANG="dan"/>
							<SP ID="SP70" WIDTH="28" HPOS="1921" VPOS="1667"/>
							<String ID="STRING81" STYLEREFS="STYLE3" HEIGHT="94" WIDTH="188" HPOS="1949" VPOS="1669" CONTENT="ingen" WC="0.9" LANG="dan"/>
							<SP ID="SP71" WIDTH="32" HPOS="2137" VPOS="1669"/>
							<String ID="STRING82" STYLEREFS="STYLE3" HEIGHT="100" WIDTH="316" HPOS="2169" VPOS="1665" CONTENT="Fabriker" WC="0.71" LANG="dan"/>
							<SP ID="SP72" WIDTH="34" HPOS="2485" VPOS="1665"/>
							<String ID="STRING83" STYLEREFS="STYLE3" HEIGHT="96" WIDTH="118" HPOS="2519" VPOS="1665" CONTENT="har" WC="0.86" LANG="dan"/>
							<SP ID="SP73" WIDTH="24" HPOS="2637" VPOS="1665"/>
							<String ID="STRING84" STYLEREFS="STYLE3" HEIGHT="98" WIDTH="194" HPOS="2661" VPOS="1667" CONTENT="deraf," WC="0.63" LANG="dan"/>
						</TextLine>
						<TextLine ID="LINE12" HEIGHT="108" WIDTH="1712" HPOS="1143" VPOS="1783">
							<String ID="STRING85" STYLEREFS="STYLE3" HEIGHT="50" WIDTH="58" HPOS="1143" VPOS="1841" CONTENT="„" WC="1" LANG="dan"/>
							<SP ID="SP74" WIDTH="56" HPOS="1201" VPOS="1841"/>
							<String ID="STRING86" STYLEREFS="STYLE3" HEIGHT="66" WIDTH="152" HPOS="1257" VPOS="1809" CONTENT="men" WC="0.75" LANG="dan"/>
							<SP ID="SP75" WIDTH="34" HPOS="1409" VPOS="1809"/>
							<String ID="STRING87" STYLEREFS="STYLE3" HEIGHT="74" WIDTH="78" HPOS="1443" VPOS="1795" CONTENT="de" WC="0.67" LANG="dan"/>
							<SP ID="SP76" WIDTH="46" HPOS="1521" VPOS="1795"/>
							<String ID="STRING88" STYLEREFS="STYLE3" HEIGHT="60" WIDTH="96" HPOS="1567" VPOS="1807" CONTENT="ere" WC="0.86" LANG="dan"/>
							<SP ID="SP77" WIDTH="28" HPOS="1663" VPOS="1807"/>
							<String ID="STRING89" STYLEREFS="STYLE3" HEIGHT="96" WIDTH="324" HPOS="1691" VPOS="1783" CONTENT="forbudne" WC="0.69" LANG="dan"/>
							<SP ID="SP78" WIDTH="20" HPOS="2015" VPOS="1783"/>
							<String ID="STRING90" STYLEREFS="STYLE3" HEIGHT="64" WIDTH="76" HPOS="2035" VPOS="1801" CONTENT="at" WC="0.77" LANG="dan"/>
							<SP ID="SP79" WIDTH="26" HPOS="2111" VPOS="1801"/>
							<String ID="STRING91" STYLEREFS="STYLE3" HEIGHT="100" WIDTH="294" HPOS="2137" VPOS="1783" CONTENT="indføre," WC="0.7" LANG="dan"/>
							<SP ID="SP80" WIDTH="56" HPOS="2431" VPOS="1783"/>
							<String ID="STRING92" STYLEREFS="STYLE3" HEIGHT="66" WIDTH="72" HPOS="2487" VPOS="1801" CONTENT="at" WC="0.73" LANG="dan"/>
							<SP ID="SP81" WIDTH="20" HPOS="2559" VPOS="1801"/>
							<String ID="STRING93" STYLEREFS="STYLE3" HEIGHT="100" WIDTH="276" HPOS="2579" VPOS="1785" CONTENT="Kongen" WC="0.65" LANG="dan"/>
						</TextLine>
						<TextLine ID="LINE13" HEIGHT="108" WIDTH="1714" HPOS="1139" VPOS="1901">
							<String ID="STRING94" STYLEREFS="STYLE5" HEIGHT="48" WIDTH="62" HPOS="1139" VPOS="1961" CONTENT="er" WC="0.28" LANG="dan"/>
							<SP ID="SP82" WIDTH="52" HPOS="1201" VPOS="1961"/>
							<String ID="STRING95" STYLEREFS="STYLE3" HEIGHT="80" WIDTH="128" HPOS="1253" VPOS="1907" CONTENT="kan" WC="0.83" LANG="dan"/>
							<SP ID="SP83" WIDTH="32" HPOS="1381" VPOS="1907"/>
							<String ID="STRING96" STYLEREFS="STYLE3" HEIGHT="80" WIDTH="164" HPOS="1413" VPOS="1907" CONTENT="blive" WC="0.73" LANG="dan"/>
							<SP ID="SP84" WIDTH="40" HPOS="1577" VPOS="1907"/>
							<String ID="STRING97" STYLEREFS="STYLE3" HEIGHT="96" WIDTH="304" HPOS="1617" VPOS="1907" CONTENT="bedraget" WC="0.8" LANG="dan"/>
							<SP ID="SP85" WIDTH="32" HPOS="1921" VPOS="1907"/>
							<String ID="STRING98" STYLEREFS="STYLE3" HEIGHT="96" WIDTH="104" HPOS="1953" VPOS="1905" CONTENT="for" WC="0.69" LANG="dan"/>
							<SP ID="SP86" WIDTH="38" HPOS="2057" VPOS="1905"/>
							<String ID="STRING99" STYLEREFS="STYLE3" HEIGHT="90" WIDTH="276" HPOS="2095" VPOS="1901" CONTENT="Tolden." WC="0.75" LANG="dan"/>
							<SP ID="SP87" WIDTH="32" HPOS="2371" VPOS="1901"/>
							<String ID="STRING100" STYLEREFS="STYLE5" HEIGHT="46" WIDTH="54" HPOS="2403" VPOS="1907" CONTENT="“" WC="1" LANG="dan"/>
							<SP ID="SP88" WIDTH="54" HPOS="2457" VPOS="1907"/>
							<String ID="STRING101" STYLEREFS="STYLE3" HEIGHT="102" WIDTH="230" HPOS="2511" VPOS="1905" CONTENT="(løselig" WC="0.79" LANG="dan"/>
							<SP ID="SP89" WIDTH="30" HPOS="2741" VPOS="1905"/>
							<String ID="STRING102" STYLEREFS="STYLE3" HEIGHT="80" WIDTH="82" HPOS="2771" VPOS="1907" CONTENT="vil" WC="0.86" LANG="dan"/>
						</TextLine>
						<TextLine ID="LINE14" HEIGHT="100" WIDTH="1682" HPOS="1141" VPOS="2025">
							<String ID="STRING103" STYLEREFS="STYLE3" HEIGHT="98" WIDTH="106" HPOS="1141" VPOS="2027" CONTENT="jeg" WC="0.61" LANG="dan"/>
							<SP ID="SP90" WIDTH="20" HPOS="1247" VPOS="2027"/>
							<String ID="STRING104" STYLEREFS="STYLE3" HEIGHT="82" WIDTH="132" HPOS="1267" VPOS="2027" CONTENT="kun" WC="0.95" LANG="dan"/>
							<SP ID="SP91" WIDTH="18" HPOS="1399" VPOS="2027"/>
							<String ID="STRING105" STYLEREFS="STYLE3" HEIGHT="94" WIDTH="122" HPOS="1417" VPOS="2029" CONTENT="sige" WC="0.82" LANG="dan"/>
							<SP ID="SP92" WIDTH="28" HPOS="1539" VPOS="2029"/>
							<String ID="STRING106" STYLEREFS="STYLE3" HEIGHT="96" WIDTH="144" HPOS="1567" VPOS="2029" CONTENT="dig," WC="0.5" LANG="dan"/>
							<SP ID="SP93" WIDTH="28" HPOS="1711" VPOS="2029"/>
							<String ID="STRING107" STYLEREFS="STYLE3" HEIGHT="64" WIDTH="74" HPOS="1739" VPOS="2043" CONTENT="at" WC="0.81" LANG="dan"/>
							<SP ID="SP94" WIDTH="18" HPOS="1813" VPOS="2043"/>
							<String ID="STRING108" STYLEREFS="STYLE3" HEIGHT="60" WIDTH="162" HPOS="1831" VPOS="2047" CONTENT="man" WC="0.85" LANG="dan"/>
							<SP ID="SP95" WIDTH="34" HPOS="1993" VPOS="2047"/>
							<String ID="STRING109" STYLEREFS="STYLE3" HEIGHT="96" WIDTH="108" HPOS="2027" VPOS="2025" CONTENT="her" WC="0.66" LANG="dan"/>
							<SP ID="SP96" WIDTH="18" HPOS="2135" VPOS="2025"/>
							<String ID="STRING110" STYLEREFS="STYLE3" HEIGHT="80" WIDTH="232" HPOS="2153" VPOS="2027" CONTENT="immer" WC="0.82" LANG="dan"/>
							<SP ID="SP97" WIDTH="34" HPOS="2385" VPOS="2027"/>
							<String ID="STRING111" STYLEREFS="STYLE3" HEIGHT="96" WIDTH="200" HPOS="2419" VPOS="2029" CONTENT="siger:" WC="0.6" LANG="dan"/>
							<SP ID="SP98" WIDTH="52" HPOS="2619" VPOS="2029"/>
							<String ID="STRING112" STYLEREFS="STYLE3" HEIGHT="84" WIDTH="152" HPOS="2671" VPOS="2025" CONTENT="Kon" SUBS_TYPE="HypPart1" SUBS_CONTENT="Kongen" WC="0.55" LANG="dan"/>
							<HYP CONTENT="-"/>
						</TextLine>
						<TextLine ID="LINE15" HEIGHT="104" WIDTH="1710" HPOS="1139" VPOS="2143">
							<String ID="STRING113" STYLEREFS="STYLE3" HEIGHT="78" WIDTH="128" HPOS="1139" VPOS="2169" CONTENT="gen" SUBS_TYPE="HypPart2" SUBS_CONTENT="Kongen" WC="0.75" LANG="dan"/>
							<SP ID="SP99" WIDTH="44" HPOS="1267" VPOS="2169"/>
							<String ID="STRING114" STYLEREFS="STYLE3" HEIGHT="84" WIDTH="200" HPOS="1311" VPOS="2147" CONTENT="bliver" WC="0.65" LANG="dan"/>
							<SP ID="SP100" WIDTH="68" HPOS="1511" VPOS="2147"/>
							<String ID="STRING115" STYLEREFS="STYLE3" HEIGHT="96" WIDTH="362" HPOS="1579" VPOS="2147" CONTENT="bedragen," WC="0.77" LANG="dan"/>
							<SP ID="SP101" WIDTH="92" HPOS="1941" VPOS="2147"/>
							<String ID="STRING116" STYLEREFS="STYLE3" HEIGHT="98" WIDTH="296" HPOS="2033" VPOS="2145" CONTENT="Kongen" WC="0.77" LANG="dan"/>
							<SP ID="SP102" WIDTH="50" HPOS="2329" VPOS="2145"/>
							<String ID="STRING117" STYLEREFS="STYLE3" HEIGHT="96" WIDTH="122" HPOS="2379" VPOS="2147" CONTENT="har" WC="0.62" LANG="dan"/>
							<SP ID="SP103" WIDTH="42" HPOS="2501" VPOS="2147"/>
							<String ID="STRING118" STYLEREFS="STYLE3" HEIGHT="98" WIDTH="306" HPOS="2543" VPOS="2143" CONTENT="forbuden" WC="0.73" LANG="dan"/>
						</TextLine>
						<TextLine ID="LINE16" HEIGHT="102" WIDTH="1688" HPOS="1135" VPOS="2265">
							<String ID="STRING119" STYLEREFS="STYLE3" HEIGHT="92" WIDTH="156" HPOS="1135" VPOS="2275" CONTENT="Det," WC="0.66" LANG="dan"/>
							<SP ID="SP104" WIDTH="52" HPOS="1291" VPOS="2275"/>
							<String ID="STRING120" STYLEREFS="STYLE3" HEIGHT="98" WIDTH="296" HPOS="1343" VPOS="2265" CONTENT="Kongen" WC="0.75" LANG="dan"/>
							<SP ID="SP105" WIDTH="22" HPOS="1639" VPOS="2265"/>
							<String ID="STRING121" STYLEREFS="STYLE3" HEIGHT="80" WIDTH="154" HPOS="1661" VPOS="2267" CONTENT="lider" WC="0.72" LANG="dan"/>
							<SP ID="SP106" WIDTH="44" HPOS="1815" VPOS="2267"/>
							<String ID="STRING122" STYLEREFS="STYLE3" HEIGHT="94" WIDTH="360" HPOS="1859" VPOS="2273" CONTENT="derunder," WC="0.68" LANG="dan"/>
							<SP ID="SP107" WIDTH="78" HPOS="2219" VPOS="2273"/>
							<String ID="STRING123" STYLEREFS="STYLE3" HEIGHT="98" WIDTH="296" HPOS="2297" VPOS="2269" CONTENT="Kongen" WC="0.76" LANG="dan"/>
							<SP ID="SP108" WIDTH="38" HPOS="2593" VPOS="2269"/>
							<String ID="STRING124" STYLEREFS="STYLE3" HEIGHT="96" WIDTH="116" HPOS="2631" VPOS="2267" CONTENT="har" WC="0.68" LANG="dan"/>
							<SP ID="SP109" WIDTH="22" HPOS="2747" VPOS="2267"/>
							<String ID="STRING125" STYLEREFS="STYLE3" HEIGHT="98" WIDTH="54" HPOS="2769" VPOS="2267" CONTENT="gi" SUBS_TYPE="HypPart1" SUBS_CONTENT="giver" WC="0.73" LANG="dan"/>
							<HYP CONTENT="-"/>
						</TextLine>
						<TextLine ID="LINE17" HEIGHT="117" WIDTH="1708" HPOS="1139" VPOS="2378">
							<String ID="STRING126" STYLEREFS="STYLE3" HEIGHT="64" WIDTH="114" HPOS="1139" VPOS="2403" CONTENT="ver" SUBS_TYPE="HypPart2" SUBS_CONTENT="giver" WC="0.5" LANG="dan"/>
							<SP ID="SP110" WIDTH="28" HPOS="1253" VPOS="2403"/>
							<String ID="STRING127" STYLEREFS="STYLE3" HEIGHT="88" WIDTH="152" HPOS="1281" VPOS="2395" CONTENT="der;" WC="0.65" LANG="dan"/>
							<SP ID="SP111" WIDTH="28" HPOS="1433" VPOS="2395"/>
							<String ID="STRING128" STYLEREFS="STYLE3" HEIGHT="80" WIDTH="20" HPOS="1461" VPOS="2387" CONTENT="i" WC="1" LANG="dan"/>
							<SP ID="SP112" WIDTH="36" HPOS="1481" VPOS="2387"/>
							<String ID="STRING129" STYLEREFS="STYLE3" HEIGHT="100" WIDTH="400" HPOS="1517" VPOS="2383" CONTENT="Sredenfor" WC="0.68" LANG="dan"/>
							<SP ID="SP113" WIDTH="30" HPOS="1917" VPOS="2383"/>
							<String ID="STRING130" STYLEREFS="STYLE3" HEIGHT="64" WIDTH="72" HPOS="1947" VPOS="2405" CONTENT="ar" WC="0.63" LANG="dan"/>
							<SP ID="SP114" WIDTH="34" HPOS="2019" VPOS="2405"/>
							<String ID="STRING131" STYLEREFS="STYLE3" HEIGHT="96" WIDTH="154" HPOS="2053" VPOS="2391" CONTENT="sige:" WC="0.56" LANG="dan"/>
							<SP ID="SP115" WIDTH="52" HPOS="2207" VPOS="2391"/>
							<String ID="STRING132" STYLEREFS="STYLE6" HEIGHT="117" WIDTH="286" HPOS="2259" VPOS="2378" CONTENT="Staten" WC="0.85" LANG="dan"/>
							<SP ID="SP116" WIDTH="184" HPOS="2545" VPOS="2378"/>
							<String ID="STRING133" STYLEREFS="STYLE3" HEIGHT="86" WIDTH="118" HPOS="2729" VPOS="2393" CONTENT="det," WC="0.64" LANG="dan"/>
						</TextLine>
						<TextLine ID="LINE18" HEIGHT="102" WIDTH="1712" HPOS="1137" VPOS="2505">
							<String ID="STRING134" STYLEREFS="STYLE3" HEIGHT="92" WIDTH="286" HPOS="1137" VPOS="2505" CONTENT="Staren" WC="0.63" LANG="dan"/>
							<SP ID="SP117" WIDTH="26" HPOS="1423" VPOS="2505"/>
							<String ID="STRING135" STYLEREFS="STYLE3" HEIGHT="96" WIDTH="178" HPOS="1449" VPOS="2509" CONTENT="giver" WC="0.7" LANG="dan"/>
							<SP ID="SP118" WIDTH="40" HPOS="1627" VPOS="2509"/>
							<String ID="STRING136" STYLEREFS="STYLE3" HEIGHT="92" WIDTH="144" HPOS="1667" VPOS="2513" CONTENT="der;" WC="0.68" LANG="dan"/>
							<SP ID="SP119" WIDTH="52" HPOS="1811" VPOS="2513"/>
							<String ID="STRING137" STYLEREFS="STYLE3" HEIGHT="62" WIDTH="96" HPOS="1863" VPOS="2525" CONTENT="rer" WC="0.68" LANG="dan"/>
							<SP ID="SP120" WIDTH="32" HPOS="1959" VPOS="2525"/>
							<String ID="STRING138" STYLEREFS="STYLE3" HEIGHT="94" WIDTH="140" HPOS="1991" VPOS="2507" CONTENT="som" WC="0.72" LANG="dan"/>
							<SP ID="SP121" WIDTH="20" HPOS="2131" VPOS="2507"/>
							<String ID="STRING139" STYLEREFS="STYLE3" HEIGHT="100" WIDTH="296" HPOS="2151" VPOS="2507" CONTENT="Kongen" WC="0.87" LANG="dan"/>
							<SP ID="SP122" WIDTH="32" HPOS="2447" VPOS="2507"/>
							<String ID="STRING140" STYLEREFS="STYLE3" HEIGHT="78" WIDTH="82" HPOS="2479" VPOS="2529" CONTENT="og" WC="0.65" LANG="dan"/>
							<SP ID="SP123" WIDTH="30" HPOS="2561" VPOS="2529"/>
							<String ID="STRING141" STYLEREFS="STYLE3" HEIGHT="86" WIDTH="258" HPOS="2591" VPOS="2505" CONTENT="Staren" WC="0.68" LANG="dan"/>
						</TextLine>
						<TextLine ID="LINE19" HEIGHT="102" WIDTH="1684" HPOS="1139" VPOS="2625">
							<String ID="STRING142" STYLEREFS="STYLE3" HEIGHT="80" WIDTH="136" HPOS="1139" VPOS="2625" CONTENT="ikke" WC="0.79" LANG="dan"/>
							<SP ID="SP124" WIDTH="30" HPOS="1275" VPOS="2625"/>
							<String ID="STRING143" STYLEREFS="STYLE3" HEIGHT="62" WIDTH="158" HPOS="1305" VPOS="2645" CONTENT="vare" WC="0.92" LANG="dan"/>
							<SP ID="SP125" WIDTH="26" HPOS="1463" VPOS="2645"/>
							<String ID="STRING144" STYLEREFS="STYLE3" HEIGHT="64" WIDTH="94" HPOS="1489" VPOS="2643" CONTENT="eet" WC="0.28" LANG="dan"/>
							<SP ID="SP126" WIDTH="34" HPOS="1583" VPOS="2643"/>
							<String ID="STRING145" STYLEREFS="STYLE3" HEIGHT="78" WIDTH="80" HPOS="1617" VPOS="2647" CONTENT="og" WC="0.69" LANG="dan"/>
							<SP ID="SP127" WIDTH="34" HPOS="1697" VPOS="2647"/>
							<String ID="STRING146" STYLEREFS="STYLE3" HEIGHT="76" WIDTH="102" HPOS="1731" VPOS="2631" CONTENT="det" WC="0.63" LANG="dan"/>
							<SP ID="SP128" WIDTH="28" HPOS="1833" VPOS="2631"/>
							<String ID="STRING147" STYLEREFS="STYLE3" HEIGHT="102" WIDTH="296" HPOS="1861" VPOS="2625" CONTENT="samme," WC="0.89" LANG="dan"/>
							<SP ID="SP129" WIDTH="56" HPOS="2157" VPOS="2625"/>
							<String ID="STRING148" STYLEREFS="STYLE3" HEIGHT="74" WIDTH="146" HPOS="2213" VPOS="2635" CONTENT="eller" WC="0.92" LANG="dan"/>
							<SP ID="SP130" WIDTH="16" HPOS="2359" VPOS="2635"/>
							<String ID="STRING149" STYLEREFS="STYLE3" HEIGHT="92" WIDTH="138" HPOS="2375" VPOS="2629" CONTENT="som" WC="0.68" LANG="dan"/>
							<SP ID="SP131" WIDTH="18" HPOS="2513" VPOS="2629"/>
							<String ID="STRING150" STYLEREFS="STYLE3" HEIGHT="78" WIDTH="76" HPOS="2531" VPOS="2635" CONTENT="de" WC="0.77" LANG="dan"/>
							<SP ID="SP132" WIDTH="22" HPOS="2607" VPOS="2635"/>
							<String ID="STRING151" STYLEREFS="STYLE3" HEIGHT="78" WIDTH="194" HPOS="2629" VPOS="2647" CONTENT="nogen" SUBS_TYPE="HypPart1" SUBS_CONTENT="nogensinde" WC="0.73" LANG="dan"/>
							<HYP CONTENT="-"/>
						</TextLine>
						<TextLine ID="LINE20" HEIGHT="114" WIDTH="1712" HPOS="1137" VPOS="2742">
							<String ID="STRING152" STYLEREFS="STYLE3" HEIGHT="92" WIDTH="186" HPOS="1137" VPOS="2747" CONTENT="sinde" SUBS_TYPE="HypPart2" SUBS_CONTENT="nogensinde" WC="0.66" LANG="dan"/>
							<SP ID="SP133" WIDTH="44" HPOS="1323" VPOS="2747"/>
							<String ID="STRING153" STYLEREFS="STYLE3" HEIGHT="82" WIDTH="210" HPOS="1367" VPOS="2745" CONTENT="kunde" WC="0.77" LANG="dan"/>
							<SP ID="SP134" WIDTH="36" HPOS="1577" VPOS="2745"/>
							<String ID="STRING154" STYLEREFS="STYLE3" HEIGHT="60" WIDTH="168" HPOS="1613" VPOS="2767" CONTENT="være" WC="0.89" LANG="dan"/>
							<SP ID="SP135" WIDTH="30" HPOS="1781" VPOS="2767"/>
							<String ID="STRING155" STYLEREFS="STYLE6" HEIGHT="98" WIDTH="266" HPOS="1811" VPOS="2742" CONTENT="adskilte" WC="0.87" LANG="dan"/>
							<SP ID="SP136" WIDTH="50" HPOS="2077" VPOS="2742"/>
							<String ID="STRING156" STYLEREFS="STYLE3" HEIGHT="100" WIDTH="108" HPOS="2127" VPOS="2745" CONTENT="fra" WC="0.72" LANG="dan"/>
							<SP ID="SP137" WIDTH="58" HPOS="2235" VPOS="2745"/>
							<String ID="STRING157" STYLEREFS="STYLE3" HEIGHT="94" WIDTH="348" HPOS="2293" VPOS="2751" CONTENT="hinanden." WC="0.89" LANG="dan"/>
							<SP ID="SP138" WIDTH="77" HPOS="2641" VPOS="2751"/>
							<String ID="STRING158" STYLEREFS="STYLE6" HEIGHT="102" WIDTH="131" HPOS="2718" VPOS="2754" CONTENT="ASgk" WC="0.64" LANG="dan"/>
						</TextLine>
						<TextLine ID="LINE21" HEIGHT="104" WIDTH="1714" HPOS="1135" VPOS="2863">
							<String ID="STRING159" STYLEREFS="STYLE7" HEIGHT="94" WIDTH="226" HPOS="1135" VPOS="2867" CONTENT="pienti" WC="0.5" LANG="dan"/>
							<SP ID="SP139" WIDTH="18" HPOS="1361" VPOS="2867"/>
							<String ID="STRING160" STYLEREFS="STYLE7" HEIGHT="94" WIDTH="188" HPOS="1379" VPOS="2867" CONTENT="fat!)" WC="0.43" LANG="dan"/>
							<SP ID="SP140" WIDTH="52" HPOS="1567" VPOS="2867"/>
							<String ID="STRING161" STYLEREFS="STYLE3" HEIGHT="102" WIDTH="152" HPOS="1619" VPOS="2863" CONTENT="Ja," WC="0.88" LANG="dan"/>
							<SP ID="SP141" WIDTH="52" HPOS="1771" VPOS="2863"/>
							<String ID="STRING162" STYLEREFS="STYLE3" HEIGHT="98" WIDTH="188" HPOS="1823" VPOS="2865" CONTENT="sagde" WC="0.65" LANG="dan"/>
							<SP ID="SP142" WIDTH="20" HPOS="2011" VPOS="2865"/>
							<String ID="STRING163" STYLEREFS="STYLE3" HEIGHT="62" WIDTH="76" HPOS="2031" VPOS="2887" CONTENT="en" WC="1" LANG="dan"/>
							<SP ID="SP143" WIDTH="22" HPOS="2107" VPOS="2887"/>
							<String ID="STRING164" STYLEREFS="STYLE3" HEIGHT="90" WIDTH="260" HPOS="2129" VPOS="2875" CONTENT="anden," WC="0.87" LANG="dan"/>
							<SP ID="SP144" WIDTH="52" HPOS="2389" VPOS="2875"/>
							<String ID="STRING165" STYLEREFS="STYLE3" HEIGHT="46" WIDTH="54" HPOS="2441" VPOS="2921" CONTENT="„" WC="1" LANG="dan"/>
							<SP ID="SP145" WIDTH="30" HPOS="2495" VPOS="2921"/>
							<String ID="STRING166" STYLEREFS="STYLE3" HEIGHT="64" WIDTH="170" HPOS="2525" VPOS="2887" CONTENT="naar" WC="0.9" LANG="dan"/>
							<SP ID="SP146" WIDTH="28" HPOS="2695" VPOS="2887"/>
							<String ID="STRING167" STYLEREFS="STYLE3" HEIGHT="98" WIDTH="126" HPOS="2723" VPOS="2867" CONTENT="fligt" WC="0.42" LANG="dan"/>
						</TextLine>
						<TextLine ID="LINE22" HEIGHT="102" WIDTH="1712" HPOS="1135" VPOS="2985">
							<String ID="STRING168" STYLEREFS="STYLE3" HEIGHT="48" WIDTH="58" HPOS="1135" VPOS="3031" CONTENT="„" WC="1" LANG="dan"/>
							<SP ID="SP147" WIDTH="58" HPOS="1193" VPOS="3031"/>
							<String ID="STRING169" STYLEREFS="STYLE3" HEIGHT="62" WIDTH="126" HPOS="1251" VPOS="3001" CONTENT="var" WC="0.88" LANG="dan"/>
							<SP ID="SP148" WIDTH="30" HPOS="1377" VPOS="3001"/>
							<String ID="STRING170" STYLEREFS="STYLE3" HEIGHT="96" WIDTH="252" HPOS="1407" VPOS="2985" CONTENT="tilladt," WC="0.79" LANG="dan"/>
							<SP ID="SP149" WIDTH="58" HPOS="1659" VPOS="2985"/>
							<String ID="STRING171" STYLEREFS="STYLE3" HEIGHT="82" WIDTH="164" HPOS="1717" VPOS="2987" CONTENT="vilde" WC="0.8" LANG="dan"/>
							<SP ID="SP150" WIDTH="26" HPOS="1881" VPOS="2987"/>
							<String ID="STRING172" STYLEREFS="STYLE3" HEIGHT="74" WIDTH="94" HPOS="1907" VPOS="2993" CONTENT="alt" WC="0.77" LANG="dan"/>
							<SP ID="SP151" WIDTH="36" HPOS="2001" VPOS="2993"/>
							<String ID="STRING173" STYLEREFS="STYLE3" HEIGHT="98" WIDTH="104" HPOS="2037" VPOS="2985" CONTENT="for" WC="0.59" LANG="dan"/>
							<SP ID="SP152" WIDTH="30" HPOS="2141" VPOS="2985"/>
							<String ID="STRING174" STYLEREFS="STYLE3" HEIGHT="76" WIDTH="236" HPOS="2171" VPOS="3011" CONTENT="mange" WC="0.85" LANG="dan"/>
							<SP ID="SP153" WIDTH="30" HPOS="2407" VPOS="3011"/>
							<String ID="STRING175" STYLEREFS="STYLE3" HEIGHT="100" WIDTH="236" HPOS="2437" VPOS="2987" CONTENT="Penge" WC="0.83" LANG="dan"/>
							<SP ID="SP154" WIDTH="26" HPOS="2673" VPOS="2987"/>
							<String ID="STRING176" STYLEREFS="STYLE3" HEIGHT="80" WIDTH="148" HPOS="2699" VPOS="3003" CONTENT="gaae" WC="0.67" LANG="dan"/>
						</TextLine>
						<TextLine ID="LINE23" HEIGHT="106" WIDTH="1714" HPOS="1133" VPOS="3099">
							<String ID="STRING177" STYLEREFS="STYLE3" HEIGHT="48" WIDTH="62" HPOS="1133" VPOS="3149" CONTENT=",," WC="0.77" LANG="dan"/>
							<SP ID="SP155" WIDTH="52" HPOS="1195" VPOS="3149"/>
							<String ID="STRING178" STYLEREFS="STYLE3" HEIGHT="76" WIDTH="94" HPOS="1247" VPOS="3107" CONTENT="ud" WC="0.38" LANG="dan"/>
							<SP ID="SP156" WIDTH="42" HPOS="1341" VPOS="3107"/>
							<String ID="STRING179" STYLEREFS="STYLE3" HEIGHT="98" WIDTH="78" HPOS="1383" VPOS="3099" CONTENT="af" WC="1" LANG="dan"/>
							<SP ID="SP157" WIDTH="28" HPOS="1461" VPOS="3099"/>
							<String ID="STRING180" STYLEREFS="STYLE3" HEIGHT="84" WIDTH="242" HPOS="1489" VPOS="3103" CONTENT="Landet" WC="0.67" LANG="dan"/>
							<SP ID="SP158" WIDTH="24" HPOS="1731" VPOS="3103"/>
							<String ID="STRING181" STYLEREFS="STYLE3" HEIGHT="76" WIDTH="80" HPOS="1755" VPOS="3127" CONTENT="og" WC="0.46" LANG="dan"/>
							<SP ID="SP159" WIDTH="46" HPOS="1835" VPOS="3127"/>
							<String ID="STRING182" STYLEREFS="STYLE3" HEIGHT="98" WIDTH="208" HPOS="1881" VPOS="3107" CONTENT="berige" WC="0.66" LANG="dan"/>
							<SP ID="SP160" WIDTH="44" HPOS="2089" VPOS="3107"/>
							<String ID="STRING183" STYLEREFS="STYLE3" HEIGHT="62" WIDTH="154" HPOS="2133" VPOS="3129" CONTENT="vore" WC="0.71" LANG="dan"/>
							<SP ID="SP161" WIDTH="48" HPOS="2287" VPOS="3129"/>
							<String ID="STRING184" STYLEREFS="STYLE3" HEIGHT="84" WIDTH="302" HPOS="2335" VPOS="3109" CONTENT="Naboer." WC="0.58" LANG="dan"/>
							<SP ID="SP162" WIDTH="32" HPOS="2637" VPOS="3109"/>
							<String ID="STRING185" STYLEREFS="STYLE5" HEIGHT="46" WIDTH="50" HPOS="2669" VPOS="3107" CONTENT="“" WC="1" LANG="dan"/>
							<SP ID="SP163" WIDTH="50" HPOS="2719" VPOS="3107"/>
							<String ID="STRING186" STYLEREFS="STYLE3" HEIGHT="86" WIDTH="78" HPOS="2769" VPOS="3101" CONTENT="Ei" WC="0.35" LANG="dan"/>
						</TextLine>
						<TextLine ID="LINE24" HEIGHT="110" WIDTH="1680" HPOS="1139" VPOS="3217">
							<String ID="STRING187" STYLEREFS="STYLE3" HEIGHT="102" WIDTH="218" HPOS="1139" VPOS="3217" CONTENT="hvad," WC="0.71" LANG="dan"/>
							<SP ID="SP164" WIDTH="54" HPOS="1357" VPOS="3217"/>
							<String ID="STRING188" STYLEREFS="STYLE3" HEIGHT="98" WIDTH="186" HPOS="1411" VPOS="3221" CONTENT="sagde" WC="0.69" LANG="dan"/>
							<SP ID="SP165" WIDTH="30" HPOS="1597" VPOS="3221"/>
							<String ID="STRING189" STYLEREFS="STYLE3" HEIGHT="76" WIDTH="122" HPOS="1627" VPOS="3231" CONTENT="den" WC="0.8" LANG="dan"/>
							<SP ID="SP166" WIDTH="32" HPOS="1749" VPOS="3231"/>
							<String ID="STRING190" STYLEREFS="STYLE3" HEIGHT="96" WIDTH="192" HPOS="1781" VPOS="3223" CONTENT="første" WC="0.8" LANG="dan"/>
							<SP ID="SP167" WIDTH="28" HPOS="1973" VPOS="3223"/>
							<String ID="STRING191" STYLEREFS="STYLE3" HEIGHT="96" WIDTH="198" HPOS="2001" VPOS="3229" CONTENT="igien," WC="0.73" LANG="dan"/>
							<SP ID="SP168" WIDTH="54" HPOS="2199" VPOS="3229"/>
							<String ID="STRING192" STYLEREFS="STYLE3" HEIGHT="78" WIDTH="166" HPOS="2253" VPOS="3249" CONTENT="gaae" WC="0.93" LANG="dan"/>
							<SP ID="SP169" WIDTH="34" HPOS="2419" VPOS="3249"/>
							<String ID="STRING193" STYLEREFS="STYLE3" HEIGHT="76" WIDTH="76" HPOS="2453" VPOS="3235" CONTENT="de" WC="0.65" LANG="dan"/>
							<SP ID="SP170" WIDTH="30" HPOS="2529" VPOS="3235"/>
							<String ID="STRING194" STYLEREFS="STYLE3" HEIGHT="80" WIDTH="126" HPOS="2559" VPOS="3227" CONTENT="ikke" WC="0.95" LANG="dan"/>
							<SP ID="SP171" WIDTH="28" HPOS="2685" VPOS="3227"/>
							<String ID="STRING195" STYLEREFS="STYLE3" HEIGHT="78" WIDTH="106" HPOS="2713" VPOS="3229" CONTENT="des" SUBS_TYPE="HypPart1" SUBS_CONTENT="desuagtet" WC="0.76" LANG="dan"/>
							<HYP CONTENT="-"/>
						</TextLine>
						<TextLine ID="LINE25" HEIGHT="106" WIDTH="1706" HPOS="1139" VPOS="3341">
							<String ID="STRING196" STYLEREFS="STYLE3" HEIGHT="78" WIDTH="234" HPOS="1139" VPOS="3353" CONTENT="uagtet" SUBS_TYPE="HypPart2" SUBS_CONTENT="desuagtet" WC="0.68" LANG="dan"/>
							<SP ID="SP172" WIDTH="22" HPOS="1373" VPOS="3353"/>
							<String ID="STRING197" STYLEREFS="STYLE3" HEIGHT="78" WIDTH="92" HPOS="1395" VPOS="3345" CONTENT="ud" WC="0.5" LANG="dan"/>
							<SP ID="SP173" WIDTH="30" HPOS="1487" VPOS="3345"/>
							<String ID="STRING198" STYLEREFS="STYLE3" HEIGHT="96" WIDTH="80" HPOS="1517" VPOS="3341" CONTENT="af" WC="0.67" LANG="dan"/>
							<SP ID="SP174" WIDTH="28" HPOS="1597" VPOS="3341"/>
							<String ID="STRING199" STYLEREFS="STYLE3" HEIGHT="86" WIDTH="242" HPOS="1625" VPOS="3341" CONTENT="Laudet" WC="0.51" LANG="dan"/>
							<SP ID="SP175" WIDTH="16" HPOS="1867" VPOS="3341"/>
							<String ID="STRING200" STYLEREFS="STYLE3" HEIGHT="74" WIDTH="34" HPOS="1883" VPOS="3349" CONTENT="?" WC="1" LANG="dan"/>
							<SP ID="SP176" WIDTH="54" HPOS="1917" VPOS="3349"/>
							<String ID="STRING201" STYLEREFS="STYLE3" HEIGHT="46" WIDTH="52" HPOS="1971" VPOS="3397" CONTENT="„" WC="1" LANG="dan"/>
							<SP ID="SP177" WIDTH="32" HPOS="2023" VPOS="3397"/>
							<String ID="STRING202" STYLEREFS="STYLE3" HEIGHT="84" WIDTH="184" HPOS="2055" VPOS="3347" CONTENT="Saa" WC="0.78" LANG="dan"/>
							<SP ID="SP178" WIDTH="34" HPOS="2239" VPOS="3347"/>
							<String ID="STRING203" STYLEREFS="STYLE3" HEIGHT="92" WIDTH="200" HPOS="2273" VPOS="3355" CONTENT="længe" WC="0.91" LANG="dan"/>
							<SP ID="SP179" WIDTH="30" HPOS="2473" VPOS="3355"/>
							<String ID="STRING204" STYLEREFS="STYLE3" HEIGHT="94" WIDTH="136" HPOS="2503" VPOS="3347" CONTENT="som" WC="0.78" LANG="dan"/>
							<SP ID="SP180" WIDTH="22" HPOS="2639" VPOS="3347"/>
							<String ID="STRING205" STYLEREFS="STYLE3" HEIGHT="94" WIDTH="184" HPOS="2661" VPOS="3343" CONTENT="viselv" WC="0.77" LANG="dan"/>
						</TextLine>
						<TextLine ID="LINE26" HEIGHT="106" WIDTH="1708" HPOS="1137" VPOS="3459">
							<String ID="STRING206" STYLEREFS="STYLE3" HEIGHT="52" WIDTH="58" HPOS="1137" VPOS="3507" CONTENT="„" WC="1" LANG="dan"/>
							<SP ID="SP181" WIDTH="52" HPOS="1195" VPOS="3507"/>
							<String ID="STRING207" STYLEREFS="STYLE3" HEIGHT="96" WIDTH="188" HPOS="1247" VPOS="3459" CONTENT="ingen" WC="0.76" LANG="dan"/>
							<SP ID="SP182" WIDTH="28" HPOS="1435" VPOS="3459"/>
							<String ID="STRING208" STYLEREFS="STYLE3" HEIGHT="100" WIDTH="312" HPOS="1463" VPOS="3459" CONTENT="Fabriker" WC="0.68" LANG="dan"/>
							<SP ID="SP183" WIDTH="32" HPOS="1775" VPOS="3459"/>
							<String ID="STRING209" STYLEREFS="STYLE3" HEIGHT="102" WIDTH="160" HPOS="1807" VPOS="3463" CONTENT="har," WC="0.57" LANG="dan"/>
							<SP ID="SP184" WIDTH="56" HPOS="1967" VPOS="3463"/>
							<String ID="STRING210" STYLEREFS="STYLE3" HEIGHT="96" WIDTH="136" HPOS="2023" VPOS="3465" CONTENT="som" WC="0.97" LANG="dan"/>
							<SP ID="SP185" WIDTH="28" HPOS="2159" VPOS="3465"/>
							<String ID="STRING211" STYLEREFS="STYLE3" HEIGHT="92" WIDTH="166" HPOS="2187" VPOS="3473" CONTENT="due," WC="0.62" LANG="dan"/>
							<SP ID="SP186" WIDTH="58" HPOS="2353" VPOS="3473"/>
							<String ID="STRING212" STYLEREFS="STYLE3" HEIGHT="74" WIDTH="80" HPOS="2411" VPOS="3491" CONTENT="og" WC="0.34" LANG="dan"/>
							<SP ID="SP187" WIDTH="28" HPOS="2491" VPOS="3491"/>
							<String ID="STRING213" STYLEREFS="STYLE3" HEIGHT="96" WIDTH="148" HPOS="2519" VPOS="3469" CONTENT="flige" WC="0.61" LANG="dan"/>
							<SP ID="SP188" WIDTH="20" HPOS="2667" VPOS="3469"/>
							<String ID="STRING214" STYLEREFS="STYLE3" HEIGHT="86" WIDTH="158" HPOS="2687" VPOS="3461" CONTENT="Va-" WC="0.69" LANG="dan"/>
						</TextLine>
					</TextBlock>
					<TextBlock xs:type="TextBlockType" ID="ZONE1156434" HEIGHT="82" WIDTH="170" HPOS="2581" VPOS="3605" xlink:type="simple">
						<TextLine ID="LINE27" HEIGHT="82" WIDTH="169" HPOS="2581" VPOS="3605">
							<String ID="STRING215" STYLEREFS="STYLE3" HEIGHT="50" WIDTH="52" HPOS="2581" VPOS="3637" CONTENT="„" WC="1" LANG="dan"/>
							<SP ID="SP189" WIDTH="49" HPOS="2633" VPOS="3637"/>
							<String ID="STRING216" STYLEREFS="STYLE8" HEIGHT="64" WIDTH="68" HPOS="2682" VPOS="3605" CONTENT="rc" WC="0.6" LANG="dan"/>
						</TextLine>
					</TextBlock>
				</ComposedBlock>
			</PrintSpace>
		</Page>
	</Layout>
</alto>
