3028 4558
63 603 97 76 del
193 596 131 92 som
353 591 183 97 fores
575 595 187 95 langt
791 588 391 100 fraliggende
1199 607 23 78 ;
1275 590 161 79 taler
1479 609 161 61 man
1673 611 115 60 om

64 739 76 60 en
172 714 80 94 fri
304 717 315 98 Handel,
694 712 110 96 saa
864 731 170 64 rroer
1084 723 200 83 man,
1360 711 204 95 alring
1624 732 162 61 maa

61 857 166 64 være
257 833 146 99 frie,
461 841 206 92 endog
713 834 176 98 hvad
943 854 162 62 man
1127 827 126 96 selv
1299 837 266 75 allerede
1597 830 122 98 har
1763 825 18 76 i

64 959 284 98 Lander,
406 960 190 94 heder
626 963 144 91 det,
826 973 70 64 ar
922 975 160 65 man
1116 950 122 96 skal
1266 950 206 94 sperre
1499 951 250 96 Haade-

63 1084 140 92 len,
262 1077 113 94 saa
447 1098 158 59 maa
646 1077 231 98 Alting
937 1094 168 62 være
1148 1069 365 97 forbuden,
1583 1075 208 91 endog

65 1201 177 98 hvad
281 1219 163 60 man
477 1197 129 81 ikke
649 1199 173 96 har,
879 1197 187 96 heller
1111 1191 129 82 ikke
1287 1190 127 81 kan
1451 1196 337 76 undvære.

66 1319 179 83 Men
292 1323 107 78 der
470 1318 293 81 kommer
830 1321 99 76 vel
982 1309 215 100 deraf,
1296 1326 73 64 at
1414 1315 73 76 de
1534 1308 259 98 Herrer

65 1437 477 85 Comm.Dir.
571 1439 189 96 synes
779 1437 127 80 ikke
943 1454 75 62 at
1049 1436 169 94 have
1261 1451 227 76 megen
1507 1431 289 95 Indsigt

62 1563 22 80 i
112 1560 380 100 Handelen.
598 1557 215 98 Nylig
850 1549 210 100 havde
1094 1575 108 56 een
1242 1548 80 96 af
1352 1549 146 96 disse
1538 1548 258 98 Herrer

63 1687 106 76 det
223 1677 340 100 Indfald,
621 1697 74 62 at
739 1684 144 73 lade
935 1673 280 97 fortolde
1259 1676 66 74 al
1393 1671 404 92 udenlandsk

72 1799 368 96 Vittighed
464 1820 78 73 og
562 1797 312 84 Lærdom.
978 1790 82 86 O
1092 1792 164 93 hvor
1273 1786 227 97 fattige
1520 1790 164 79 vilde
1724 1793 84 76 dr

64 1917 285 108 Danske
392 1922 87 76 da
527 1936 212 76 være,
811 1933 172 62 naar
1054 1918 75 73 de
1196 1909 331 95 hemmede
1588 1912 215 78 denne

65 2037 385 103 Indførsel!
501 2038 189 92 Dog
717 2036 103 93 jeg
855 2052 167 89 gaae
1053 2028 103 98 for
1185 2030 141 82 vidt
1365 2035 131 90 ud,
1555 2048 81 76 og
1669 2029 129 94 har

68 2159 283 93 maaskee
388 2156 237 98 skrevet
662 2155 207 87 Dem
908 2153 291 79 meeretil
1236 2156 121 76 end
1390 2153 75 76 de
1490 2154 131 88 gad
1640 2145 161 101 læse,

67 2281 137 87 De
233 2280 123 96 skal
391 2281 167 91 have
597 2275 245 100 Frihed
883 2293 75 60 ar
989 2274 166 96 gabe
1189 2269 112 90 saa
1331 2287 240 73 mange
1595 2266 174 83 Gan-

68 2422 76 77 ge
176 2405 234 77 derved
436 2396 138 96 som
598 2399 136 85 De
762 2396 126 93 vil,
946 2412 168 60 naar
1144 2389 134 83 De
1316 2388 130 78 kun
1476 2386 126 79 ikke
1620 2390 182 77 lader

73 2529 106 73 der
207 2540 166 60 være
405 2520 222 93 ulæst,
685 2520 186 76 ellers
889 2511 228 96 skriver
1135 2509 102 96 jeg
1253 2506 208 88 Dem
1487 2525 74 62 en
1585 2509 220 77 anden

74 2643 222 96 Gang
346 2641 166 80 intet
550 2637 88 80 til.
741 2630 143 102 Jeg
914 2653 64 60 er
1008 2654 76 58 rc.
