2997 4507
1592 390 86 67 Jf

58 557 299 105 bringer,
412 563 93 94 thi
546 558 131 92 hvo
718 558 211 96 ssulde
968 555 215 83 kunne
1225 555 335 95 modsaae
1594 560 169 78 dem.

57 682 117 85 En
199 682 257 85 Bonde
489 689 111 75 der
629 680 175 96 nylig
839 679 143 79 blev
1021 681 95 91 sin
1155 676 401 96 høibydmde
1579 672 185 100 Frue

57 822 160 64 vaer
251 804 70 79 til
346 801 210 101 Hest,
609 799 328 82 udraabte
979 793 143 97 fuld
1181 794 81 94 af
1301 792 462 100 Henrykkelse:

54 922 123 83 Ei!
227 919 113 94 saa
656 943 77 59 en
774 918 179 101 Frue
1004 917 121 95 har
1162 914 67 82 vi
1284 922 221 74 endnu
1548 913 221 97 aldrig

55 1041 166 97 haft,
245 1050 113 73 der
393 1042 211 96 havde
637 1045 143 76 ladt
818 1049 78 69 os
927 1036 349 98 stehendes
1295 1031 251 94 smukke
1559 1028 209 87 Been

57 1164 301 97 offentlig.
483 1161 175 99 Hvo
700 1164 155 70 veed
913 1156 177 89 hvad
1135 1149 149 96 flige
1329 1143 441 101 Foretagelser

54 1280 141 96 føre
218 1278 21 80 i
272 1274 383 87 Skiolder?
734 1270 153 85 Om
938 1274 111 75 der
1096 1264 284 97 maaskee
1416 1261 129 81 ikke
1592 1263 177 96 stiles

56 1419 121 81 gar
208 1420 137 70 paa
388 1391 703 95 Mandspersonernes
1126 1380 526 98 Undertvingelse
1684 1400 87 80 og

55 1516 499 102 Beherffning,
609 1512 203 97 hvilke
861 1511 293 94 begynde
1199 1520 73 70 at
1313 1503 165 81 blive
1535 1499 237 98 ligesaa

55 1636 426 98 qviudagtige
525 1654 83 76 og
648 1629 176 98 feye,
877 1646 74 64 at
987 1648 158 58 man
1184 1623 179 91 snart
1404 1622 127 81 ikke
1565 1638 206 63 meere

56 1760 127 81 kan
236 1758 145 82 vide
422 1754 131 95 hvo
594 1758 111 75 der
740 1770 65 60 er
852 1747 221 101 Herre
1110 1751 147 72 eller
1314 1741 199 99 Frue.
1630 1737 145 89 De

56 1881 284 81 erindrer
369 1873 207 86 Dem
606 1875 102 76 vel
744 1867 146 99 visse
907 1865 473 100 Forestillinger
1404 1860 76 95 af
1501 1865 123 75 den
1635 1855 135 98 for»

59 2002 165 78 kerte
261 1998 287 85 Verden
571 1986 137 98 som
755 1991 67 78 vi
863 2006 259 79 engang
1173 1985 159 93 saae.
1433 1980 149 97 Jeg
1609 1982 165 78 veed

58 2118 127 86 ikke
212 2118 129 81 ikke
371 2136 110 60 om
510 2119 77 73 de
614 2114 215 97 gamle
858 2107 375 95 Amazoner
1264 2122 161 61 maa
1460 2099 167 92 have
1642 2117 99 60 væ-

60 2259 95 65 ret
180 2233 487 101 forfærdeligere
706 2236 121 75 end
870 2235 75 75 de
978 2248 127 72 nye
1136 2244 135 75 paa
1292 2227 187 74 deres
1500 2217 241 92 Sprin-

59 2381 185 79 gere,
277 2356 315 91 hvormed
615 2358 75 73 de
725 2353 383 91 galoppere,
1139 2337 369 96 traversere,
1539 2341 235 87 tumle,

63 2484 181 94 giøre
269 2471 404 88 Courbetter
705 2473 134 85 som
881 2470 122 76 den
1036 2463 161 92 beste
1232 2456 378 97 Curasseer,
1664 2453 79 79 ka-

64 2606 85 92 ste
182 2595 297 94 omkring
512 2594 147 77 med
1064 2578 353 94 Karriere,
1446 2574 329 96 Manege,

70 2744 79 73 og
182 2724 146 74 med
359 2711 236 98 første,
649 2707 133 94 som
811 2707 104 95 jeg
943 2696 288 101 haaber-,
1288 2697 190 96 ogsaa
1506 2696 88 78 vil
1629 2697 117 89 læg-

67 2864 73 74 ge
161 2843 89 95 sig
273 2853 59 64 et
349 2831 473 87 Knevelsbart
841 2829 87 78 til.
983 2821 151 101 Jeg
1161 2819 167 85 vilde
1343 2816 125 81 ikke
1485 2813 191 95 spaae
1699 2819 79 73 de

70 2960 281 93 Danste
383 2959 200 76 andet
613 2955 126 75 end
771 2965 60 64 et
865 2943 250 97 nedrigt
1132 2930 363 103 Slaverie,
1550 2954 111 58 om
1692 2937 87 75 de

72 3080 453 92 underkastede
542 3077 91 92 sig
650 3066 143 100 disse
822 3065 411 94 Amazoner,
1264 3064 111 77 der
1402 3074 97 61 ere
1516 3053 115 93 saa
1644 3049 105 96 for-

77 3201 317 92 anderlige
429 3191 81 96 af
535 3181 661 103 Gemytsegenstab,
1251 3190 81 85 dg
1371 3182 141 76 lode
1551 3176 93 95 sig
1677 3190 67 62 re-

79 3322 155 96 giere
261 3317 83 94 af
369 3325 191 85 dem;
615 3308 199 95 Lykke
837 3305 101 96 for
967 3313 185 88 dem,
1205 3316 72 66 at
1307 3305 74 78 de
1410 3294 241 96 samme
1678 3293 67 78 in-

80 3460 117 84 gen
224 3432 417 110 Indflydelse
674 3433 123 93 har
840 3429 21 78 i
888 3421 461 101 Statssager,
1404 3416 179 100 hvad
1612 3413 169 81 vilde

863 3547 102 91 D
1014 3569 53 73 4
1509 3543 171 77 dette
