2957 4444
1243 313 96 74 4»

1159 481 268 88 trækker
1451 483 96 78 alt
1579 483 102 78 det
1731 477 208 86 Sølv
1969 501 80 76 og
2081 479 234 94 Guld,
2389 477 136 94 som
2559 485 210 78 endnu
2805 503 58 68 er

1157 607 288 92 tilbage,
1499 607 92 76 ud
1619 597 76 96 af
1731 599 242 82 Landet
2013 599 104 94 for
2159 597 210 86 Vare
2403 607 76 76 de
2525 609 118 76 ved
2699 611 166 74 deres

1165 723 292 82 Naboer
1487 721 128 82 kan
1653 719 160 96 have
1839 721 116 96 lige
1993 719 108 92 saa
2135 721 174 96 billig
2335 743 78 76 og
2431 723 182 82 bedre
2645 731 116 74 end
2775 723 92 96 fra

1165 843 250 96 China.
1521 839 164 86 Det
1749 861 64 60 er
1861 861 78 60 en
2004 839 265 97 skadelig
2321 841 546 100 Grundsætning,

1167 959 136 98 som
1333 967 78 74 de
1447 961 370 94 europæiffe
1853 961 266 100 Fyrster
2153 961 120 96 har
2291 979 312 82 antaget,
2657 965 214 80 immer

1169 1097 78 64 at
1279 1081 144 82 ville
1446 1075 250 96 svække
1715 1085 188 80 deres
1939 1075 324 100 Naboer,
2319 1089 86 74 da
2429 1089 166 74 dette
2623 1079 120 100 fast
2761 1091 112 86 dog

1169 1201 132 80 ikke
1327 1203 382 78 anderledes
1737 1201 126 78 kan
1895 1196 121 96 skee
2047 1205 120 74 end
2207 1213 132 79 paa
2371 1203 180 78 deres
2583 1221 150 76 egne
2755 1203 118 80 Um

1169 1321 404 94 dersaatters
1631 1317 454 96 Bekostning-,
2145 1339 80 76 og
2257 1319 172 94 hvad
2461 1332 268 82 maa-og
2653 1343 78 72 og
2765 1321 110 94 stal

1167 1447 144 90 dog
1341 1443 214 80 nølere
1591 1459 166 60 være
1781 1435 280 98 forcenet
2093 1447 146 74 med
2289 1439 312 100 Fyrstens
2647 1445 204 94 ogUn-

1173 1557 486 96 dersaatternes
1697 1559 384 98 Interesse?
2149 1559 242 100 Ingen
2425 1561 226 98 Fyrste
2687 1563 82 78 vil
2797 1565 56 78 til-

1175 1687 190 92 lade,
1419 1699 74 62 at
1521 1679 254 94 indføre
1813 1699 192 80 noget
2025 1679 168 96 afen
2213 1687 218 78 anden
2473 1681 232 84 Stats
2725 1683 124 82 Ma-

1179 1799 388 96 nufacturer
1599 1803 18 78 i
1655 1803 218 94 hans,
1951 1823 108 58 om
2119 1801 134 96 han
2291 1805 122 76 end
2439 1799 120 96 felv
2607 1803 120 84 ikke
2765 1805 108 80 kan

1177 1929 172 92 have
1379 1931 142 74 eller
1551 1927 314 76 undvære
1913 1927 184 92 dem,
2155 1923 18 78 i
2217 1921 280 84 Steden
2541 1919 98 96 for
2679 1941 66 62 at
2787 1947 62 58 en-

1167 2049 170 88 hver
1373 2045 228 98 Fyrste
1629 2043 208 98 ffulde
1881 2059 214 80 tragte
2129 2041 190 98 efter,
2375 2059 100 68 ret
2519 2059 70 64 at
2649 2045 224 94 benytte

1181 2171 94 92 sig
1309 2163 248 98 affine
1627 2163 626 96 Landsprodukter,
2339 2185 78 74 og
2487 2173 226 76 derved
2757 2167 116 96 give

1181 2287 366 98 Handelen
1583 2283 144 100 Liv,
1783 2291 120 74 ved
1937 2291 100 72 der
2057 2283 364 86 Naboerne
2447 2289 160 80 vilde
2649 2287 204 88 ombyt-

1187 2427 60 62 te
1275 2415 186 72 deres
1497 2403 212 98 Vare
1739 2407 178 76 imod
1949 2405 348 94 hinanden.
2405 2407 170 96 Vist
2609 2431 114 56 nor
2741 2407 140 80 vilde

1183 2535 128 74 de::
1345 2527 134 96 som
1513 2531 232 74 derved
1771 2543 122 62 var
1911 2529 190 90 meest
2121 2523 384 102 efterladen,
2561 2531 114 80 lide
2695 2527 184 105 meest-

1177 2648 204 92 Man
1179 2649 202 92 Man
1417 2649 208 80 kunde
1643 2646 319 110 indvende
1995 2647 170 96 mig,
2223 2647 248 96 ethvert
2491 2651 176 82 Land
2701 2653 182 92 havde

1185 2771 130 80 ikke
1377 2777 120 76 den
1555 2767 536 98 Beskaffenhed,
2145 2787 74 62 at
2267 2775 200 82 levere
2507 2773 108 92 saa
2673 2789 212 76 mange

1187 2887 536 98 Manufacturer
1743 2909 82 76 og
1851 2887 428 100 Produkter,
2311 2909 74 64 at
2413 2899 106 74 der
2551 2891 202 84 kunde
2773 2891 88 92 hol-

1185 3023 84 78 de
1305 3011 320 96 Ligevægt
1665 3013 142 76 med
1843 3011 128 92 sine
2009 3005 304 88 Naboer.
2421 3013 174 80 Men
2613 3011 96 98 jeg
2739 3031 126 76 næg-

1191 3155 94 64 ter
1317 3141 168 76 dette
1507 3151 80 76 og
1615 3133 362 92 paastaar,
2035 3135 104 76 det
2157 3131 290 82 kommer
2467 3157 88 56 an
2589 3133 298 98 paaFlid,

1183 3251 490 100 Opmuntring
1709 3271 78 76 og
1809 3253 518 96 Understøttelse.
2445 3255 98 84 At
2594 3250 300 97 anføre-et
2841 3267 54 64 et

1185 3379 206 94 meste
1427 3371 346 98 Exempel:
1823 3371 410 106 Hamborg,
2287 3375 220 100 tilforn
2543 3372 348 102 minea
2651 3381 240 76 maade-
