3014 4557
1309 437 102 82 4&

1651 843 396 120 Niende
2123 843 312 114 Brev.

1235 1283 194 306 å
1427 1297 426 136 København
1877 1327 120 90 har
2025 1333 120 78 hen
2171 1323 724 106 beleiligsteogfordeelag-

1427 1531 42 40 ^
1535 1449 176 96 ligste
1755 1445 224 104 Havn
2029 1447 20 78 i
2095 1445 160 96 heele
2305 1443 324 102 Europa,
2697 1471 76 76 og
2815 1455 104 94 dog

1325 1639 8 6 .
1427 1533 42 38 y
1533 1567 290 94 alligevel
1855 1567 268 96 betyder
2157 1565 356 100 Handelen
2555 1567 124 80 ikke
2711 1585 204 82 meget,

1231 1709 178 60 naar
1447 1709 162 60 man
1633 1685 508 98 sammenligner
2171 1691 122 76 den
2317 1695 144 74 med
2493 1695 198 76 andre
2709 1689 190 84 Natio-

1237 1821 172 68 ners.
1513 1807 180 84 Den
1731 1829 64 60 er
1841 1807 562 96 Middelpunkten
2433 1831 80 76 og
2565 1809 254 98 Nøglen
2865 1813 58 78 til

1237 1929 246 94 Øster-
1521 1949 80 74 og
1641 1927 392 100 Nordsoen;
2087 1935 120 74 den
2235 1927 212 82 kunde
2483 1949 164 60 være
2665 1935 108 74 den
2787 1935 114 92 stør-

1239 2053 84 90 ste
1357 2047 280 98 Oplags
1669 2071 78 72 og
1777 2047 620 98 Speditionsyavn
2413 2049 102 98 for
2545 2051 152 96 heele
2725 2051 176 96 Øster-

1245 2191 80 74 vg
1371 2167 402 98 Nordsøen,
1833 2171 18 76 i
1881 2167 398 96 Stedenfor
2313 2189 72 64 at
2409 2173 416 94 Udenlandste
2843 2193 74 62 nu

1243 2287 138 96 føre
1427 2293 182 78 deres
1639 2285 392 102 Produkter
2063 2289 172 96 forbi
2265 2291 336 102 Havnen,
2657 2315 76 76 og
2759 2299 168 76 levere

1243 2409 256 92 samme
1567 2407 232 82 direkte
1848 2423 162 79 Paa
2045 2411 264 84 Stedet
2363 2413 158 100 selv,
2593 2435 78 76 og
2729 2417 200 80 derved

1249 2535 342 90 unddrage
1639 2535 76 76 de
1757 2527 284 98 Danske
2091 2539 120 74 den
2257 2531 308 100 Fordech
2635 2541 72 76 de
2749 2535 180 80 kunde

1255 2651 164 92 have
1457 2645 100 92 for
1595 2647 578 98 Beliggenhedens
2233 2655 262 96 Skyld.
2597 2655 114 100 Ja
2757 2659 176 90 endog

1255 2769 176 96 hvad
1461 2775 72 76 de
1557 2769 122 94 selv
1715 2769 238 98 bruge,
2009 2779 142 76 lade
2179 2781 76 76 de
2285 2779 90 96 sig
2409 2777 206 96 tilføre
2655 2773 72 96 af
2751 2777 162 78 Uden-

1257 2889 266 96 landste.
1627 2889 134 84 De
1797 2891 250 98 kunde,
2105 2917 170 60 naar
2297 2899 76 78 de
2401 2915 96 64 ret
2527 2899 316 92 benyttede
2863 2895 76 96 sig

1257 3005 78 94 af
1361 3015 182 72 deres
1577 3007 220 100 Havn
1821 3017 442 94 meestendeels
2295 3025 306 76 undvære
2621 3025 116 74 alle
2765 3021 176 76 andre

1259 3125 534 96 Manufakturer
1827 3155 80 76 og
1945 3135 364 102 Fabriker,
2379 3163 80 76 og
2483 3147 134 90 dog
2671 3143 138 76 med
2855 3141 88 76 det

1263 3251 74 74 de
1385 3251 232 78 derved
1665 3245 332 108 fortjente,
2057 3257 182 98 holde
2287 3257 316 90 Balance
2651 3263 138 76 med
2841 3261 104 74 alle

1263 3371 188 74 deres
1489 3365 300 86 Naboer.
1895 3373 178 84 Men
2107 3385 70 74 de
2199 3381 142 96 giør
2363 3383 218 92 hellere
2599 3377 348 104 Projekter,

1263 3481 104 102 for
1401 3491 144 78 med
1579 3507 222 78 megen
1835 3491 176 100 Fare
2041 3521 80 76 og
2151 3503 154 82 uvis
2343 3505 286 100 Gevinst
2673 3517 70 64 at
2789 3499 162 94 hente

2679 3623 186 82 Urter
