2813 4551
1249 463 70 112 ^
1536 470 72 104 sk-
2144 470 105 108 69

511 672 158 78 Aus
711 670 164 80 dem
913 670 338 106 geringen
1291 667 464 82 Verbrauche
1807 664 210 86 diefer
2057 666 152 84 Zeu-

281 813 90 76 ge
409 780 246 82 fliehet
713 782 196 78 noch
971 784 114 76 ein
1127 777 384 82 Nachtheil
1549 777 130 80 für
1743 776 202 82 unfre
1983 778 232 82 Hand-

287 893 179 105 lung
487 928 23 60 ;
561 892 203 82 denn
817 920 143 52 von
997 892 235 80 denen
1283 917 49 72 5
1407 921 43 48 a
1517 891 147 76 600
1701 888 243 82 Ballen
1983 894 227 74 Baum-

286 1004 262 98 wolle,
630 1002 112 80 die
814 1004 138 78 wir
1008 999 316 111 jährlich
1384 1031 124 50 aus
1574 997 256 84 unfern
1888 1000 362 80 Golonien

282 1115 298 97 ziehen,
640 1114 296 78 werden
1010 1118 216 76 kaum
1290 1139 148 52 100
1480 1111 140 104 bey
1658 1142 134 49 uns
1832 1108 220 84 felber
2098 1140 120 50 ver-

282 1223 312 81 braucht
614 1260 20 60 ;
696 1224 118 80 die
850 1224 300 108 übrigen
1192 1221 284 82 muffen
1520 1223 136 78 den
1728 1215 332 87 fremden
2120 1218 132 94 fast

282 1333 578 109 aufgedrungen,
906 1336 152 78 und
1088 1329 122 84 für
1248 1337 286 104 geringe
1562 1331 256 82 Preifse
1852 1330 398 82 überlasten

280 1446 318 80 werden.
714 1442 238 82 Unfre
1014 1441 446 84 Baumwolle
1528 1443 214 108 gehet
1810 1440 440 108 gleichwohl

282 1555 109 80 bis
452 1558 77 78 in
594 1554 115 82 die
754 1554 357 97 Schweiz,
1202 1585 123 50 wo
1393 1553 95 79 tie
1558 1551 481 107 verfponnen,
2098 1546 157 84 und

283 1664 422 82 verarbeitet
745 1666 222 96 wird,
1025 1663 150 80 und
1219 1661 292 82 wofern
1569 1693 74 50 es
1697 1660 274 84 erlaubt
2029 1690 226 68 wäre,

285 1774 182 83 diefe
537 1780 252 102 Zeuge
849 1776 144 102 bey
1031 1801 134 50 uns
1221 1771 486 82 einzuführen
1727 1807 16 41 :
1801 1772 76 78 fo
1923 1776 332 76 könnten

282 1885 98 104 lif-
439 1886 152 80 hier
657 1886 198 80 noch
929 1882 264 82 wieder
1247 1881 132 80 mit
1443 1881 240 78 Vorth
1695 1878 86 81 eil
1861 1880 396 106 abgeletzet

287 1996 314 81 werden.
717 1992 228 82 Sollte
1023 2021 166 50 man
1261 1993 250 76 daraus
1595 1991 204 78 nicht
1863 1987 408 109 fchlieljktjrW

285 2105 148 80 dafs
471 2104 96 80 fie
591 2166 18 36 ,
667 2104 202 78 ohne
909 2102 116 80 die
1063 2103 270 78 Koften
1373 2101 126 78 des
1537 2096 468 108 Tranfports,
2063 2100 192 80 eben

283 2213 77 82 fo
397 2238 131 82 gut
581 2214 153 78 und
777 2205 335 87 wohlfeil
1149 2209 145 104 bey
1349 2239 137 46 uns
1543 2207 223 82 felber
1807 2212 257 76 müfste
2101 2240 119 50 ver-

284 2325 338 93 arbeitet,
680 2320 152 80 und
896 2320 186 80 auch
1150 2347 90 52 an
1278 2317 314 80 Fremde
1628 2314 406 110 abgefetzet
2074 2348 148 54 wer-

286 2435 144 82 den
470 2436 338 76 können?

510 2544 326 78 Darinne
904 2535 264 109 glaube
1234 2537 120 80 ich
1422 2537 196 80 mich
1686 2535 142 82 alfo
1892 2538 200 82 nicht
2160 2570 96 50 zu

282 2661 234 91 irren,
580 2650 148 82 dafs
796 2650 114 78 die
960 2654 224 99 Sorge
1252 2649 118 76 für
1406 2647 142 78 den
1608 2648 334 107 gewiflen
1984 2648 274 84 Abfatz

284 2767 128 80 der
482 2766 76 76 in
620 2766 230 76 einem
896 2760 252 80 Lande
1190 2757 502 80 verarbeiteten
1728 2763 356 93 Waaren,
2140 2762 122 80 die

288 2872 265 111 gröfste
592 2872 155 78 und
786 2870 389 105 würdigste
1212 2871 577 103 Unterstützung
1824 2872 115 96 ist,
1996 2874 267 76 womit

287 2989 126 78 der
435 2988 198 78 Staat
681 2984 110 78 die
815 2976 622 84 Manufackturen
1481 2979 462 108 begünstigen
1987 2984 216 76 kann.

515 3096 170 80 Wir
749 3090 246 82 haben
1063 3087 218 82 diefes
1351 3089 180 78 auch
1621 3087 232 105 längst
1929 3094 334 94 erkannt,

290 3205 195 91 und
531 3198 228 84 daher
827 3202 142 78 den
1037 3199 528 82 Fabrikanten
1637 3202 388 94 verstauet,
2115 3204 156 78 ihre

287 3311 352 88 Arbeiten
709 3310 266 100 felber,
1031 3310 78 81 fo
1145 3339 124 76 gar
1331 3313 98 76 im
1467 3311 306 78 Kleinen
1835 3340 92 48 zu
1967 3314 262 76 verkau-

293 3429 144 80 fen.
555 3426 224 78 Ohne
831 3420 170 84 aber
1057 3451 92 48 zu
1197 3421 418 106 gedenken,
1675 3416 148 83 dafs
1865 3416 178 84 diefe
2085 3426 196 102 dop^.

299 3537 191 108 pelte
523 3530 565 110 Beschäftigung
1153 3531 204 82 allein
1429 3531 265 96 fchon,
1755 3532 154 78 eine
1973 3534 267 104 gefähr-

298 3649 188 88 liche
518 3648 478 102 Zerstreuung
1060 3638 132 83 für
1230 3643 138 76 den
1410 3641 528 80 Fabrikanten
2000 3646 278 90 wurde,

298 3757 116 84 die
456 3758 156 100 ihn,
670 3758 138 84 wie
850 3756 230 109 wenig
1124 3783 72 52 es
1234 3755 256 82 immer
1530 3749 168 112 feyn
1738 3754 318 102 möchte,
2122 3754 154 78 und

1314 3865 68 80 E
1444 3887 42 78 3
2126 3862 146 110 bey
