2865 4665
1703 559 100 88 31

109 764 133 84 lom
283 750 177 85 Gud
501 750 177 94 giver
723 765 111 62 om
879 759 81 68 os
999 748 23 78 i
1061 746 79 90 sit
1181 746 215 83 Ord?
1465 748 145 86 Vil
1647 766 163 65 man

110 856 282 91 betragte
438 846 554 96 Arve-Synden,
1058 844 102 92 for
1217 847 255 91 saavidt
1526 856 120 74 den
1686 851 124 78 kan

110 954 251 78 kiendes
422 955 119 73 ved
612 951 323 92 naturlige
1006 944 555 98 Speculativner,
1635 969 176 74 naar-

111 1067 160 64 man
111 1072 160 60 man
311 1045 150 96 efter
503 1046 456 100 Forfatterens
1003 1044 160 84 Ord
1205 1067 64 58 er
1315 1043 498 100 selv-tænkende,

111 1174 81 70 og
237 1174 71 70 ey
353 1167 191 75 mere,
589 1146 175 96 giver
805 1147 99 96 jeg
947 1145 157 95 ham
1141 1146 211 96 gierne
1395 1141 141 85 Ret
1559 1146 19 76 i
1605 1167 215 76 noget,

106 1270 72 60 at
218 1258 118 74 den
380 1242 410 105 Fordervelse
846 1265 64 60 er
956 1244 314 98 vanskelig
1308 1263 72 62 ar
1426 1243 194 97 fatte,
1678 1243 136 88 som

110 1352 202 94 ssulde
352 1367 166 60 være
560 1348 202 93 total;
834 1345 248 96 ffiøndt
1144 1342 412 97 Forfatteren
1624 1344 20 80 i
1688 1347 130 94 sine

109 1450 288 100 Følger,
459 1447 132 86 ban
655 1452 288 89 udrager
989 1450 220 89 deraf,
1253 1461 196 76 gaaer
1493 1448 184 92 langt
1717 1467 74 56 ne-

109 1554 124 76 den
277 1546 102 98 for
421 1553 88 72 all
555 1547 290 92 naturlig
891 1561 80 78 og
1017 1540 258 100 hedensk
1317 1543 162 92 sund
1525 1542 298 97 Morale,

110 1670 82 74 og
277 1643 305 100 prædiker
638 1662 76 64 en
781 1645 311 95 Morale,
1161 1638 135 98 som
1351 1658 161 63 man
1573 1657 247 80 maatte

110 1744 176 98 finde
332 1743 254 97 Bebag
626 1748 60 90 i,
730 1763 108 58 om
878 1759 158 64 man
1084 1741 266 97 hverken
1376 1746 210 76 troede
1612 1759 208 78 nogen

112 1846 179 84 Gud
352 1851 141 74 eller
548 1838 327 102 Evighed.
976 1841 177 81 Men
1198 1836 175 97 fordi
1416 1862 75 60 en
1534 1840 181 97 Ting
1756 1861 67 60 er

109 1943 312 99 vanskelig
483 1961 72 66 at
609 1940 200 97 fatte,
871 1938 214 98 derfor
1141 1941 202 79 bliver
1385 1947 120 74 den
1551 1941 272 93 hverken

107 2051 273 90 Utroelig
425 2047 141 78 eller
607 2039 335 98 urimelig,
997 2056 173 62 naar
1213 2037 215 96 Gud,
1487 2037 306 92 Sandhe-

108 2152 125 74 den
110 2152 124 74 den
294 2142 120 95 selv
470 2142 402 82 aabenbarer
930 2151 82 67 vs
1062 2144 140 76 den.
1304 2131 126 100 Og
1474 2138 176 84 hvad
1700 2145 124 72 den

110 2244 294 84 Lærdom
444 2259 110 63 om
597 2236 513 94 Arm-Synden
1148 2251 310 79 angaaer,
1502 2242 90 76 da
1628 2256 64 59 er
1718 2245 104 70 det

109 2346 194 92 ingen
361 2345 258 89 Under,
679 2356 108 60 om
847 2345 122 72 den
1027 2354 64 60 er
1151 2335 312 93 vanskelig
1529 2350 72 62 at
1641 2332 184 97 fatte,

111 2436 290 98 eftersom
445 2441 120 80 den
609 2456 64 60 er
715 2432 318 83 Naturen
1075 2432 94 98 sig
1207 2428 120 95 selv
1357 2438 292 74 overladt
1673 2433 122 78 ube-

113 2540 249 97 kændt,
425 2538 187 81 indtil
655 2526 509 100 Talsmanden,
1225 2535 123 76 den
1391 2533 183 93 hellig
1615 2530 205 83 Aand

114 2640 322 95 kommer,
494 2657 80 73 og
634 2632 262 100 Hiercet
952 2630 250 80 aabnes
1262 2621 106 102 for
1424 2631 202 95 ham;
1682 2629 138 94 Thi

112 2756 171 62 naar
326 2741 133 82 ban
494 2741 311 84 kommer,
850 2729 161 98 siger
1036 2724 239 102 Jesus,
1318 2731 125 92 skal
1472 2730 131 96 han
1632 2725 171 100 straf-

111 2830 62 102 fe
213 2834 284 88 Verden
539 2833 106 95 for
691 2832 248 93 Synd.
1061 2828 158 84 Det
1263 2849 188 58 mane
1495 2828 122 80 ikke
1653 2846 168 61 være

117 2940 77 78 de
227 2944 319 74 udvortes
585 2928 251 100 Laster,
885 2933 131 90 han
1053 2926 205 100 skulde
1295 2926 349 92 overbevise
1687 2947 133 76 om;

116 3038 96 94 thi
274 3044 140 72 dem
472 3029 208 85 kunde
730 3052 74 58 en
862 3027 176 84 Catv
1096 3044 80 78 og
1240 3043 72 62 en
1374 3025 326 96 Brutus,
1744 3047 78 60 en

116 3136 226 94 Sylla
402 3155 83 74 og
546 3152 76 62 en
682 3123 222 98 Cæsar
968 3130 208 92 gierne
1237 3124 210 90 kjende
1486 3134 170 72 uden
1698 3131 122 74 den

121 3236 182 100 hellig
347 3231 243 98 Aands
643 3228 396 94 Virkning,
1097 3226 88 78 da
1239 3229 120 78 den
1401 3226 250 94 daglige
1688 3221 101 86 Er-

115 3332 306 99 farenhed
481 3328 194 96 viser,
737 3341 70 66 at
863 3320 412 101 Mennesker,
1333 3325 134 92 som
1523 3328 120 92 vist
1695 3323 124 84 ikke

119 3440 139 74 lade
301 3436 91 93 sig
434 3433 226 92 regiere
701 3424 81 95 af
813 3425 217 84 Guds
1071 3422 225 95 Aand,
1341 3417 141 88 eller
1527 3422 289 91 bekymre

122 3532 96 98 sig
279 3538 138 78 om
452 3533 174 96 hans
686 3526 400 98 Regiering,
1148 3541 146 65 men
1358 3529 130 78 leve
1548 3516 144 96 friet
1730 3537 82 72 og
