<?xml version="1.0" encoding="utf-8"?>
<alto xmlns="http://www.loc.gov/standards/alto/ns-v3#" xmlns:xs="http://www.w3.org/2001/XMLSchema-instance" xmlns:xlink="http://www.w3.org/1999/xlink">
	<Description>
		<MeasurementUnit>pixel</MeasurementUnit>
		<sourceImageInformation>
			<fileName>130017168216_1_019_004_011.tif</fileName>
		</sourceImageInformation>
		<OCRProcessing ID="OCR1">
			<ocrProcessingStep>
				<processingDateTime>2018-09-14</processingDateTime>
				<processingAgency>Zissor AS</processingAgency>
				<processingStepSettings>Combined OCR</processingStepSettings>
				<processingSoftware>
					<softwareCreator>Zissor AS</softwareCreator>
					<softwareName>ContentOCR-11; ContentOCR-Tesseract</softwareName>
					<softwareVersion>2.0.2; 2.0.0</softwareVersion>
					<applicationDescription>OCR Component for Zissor Content System</applicationDescription>
				</processingSoftware>
			</ocrProcessingStep>
		</OCRProcessing>
	</Description>
	<Styles>
		<TextStyle ID="STYLE1" FONTFAMILY="Arial" FONTSIZE="9" FONTSTYLE=""/>
		<TextStyle ID="STYLE2" FONTFAMILY="Arial" FONTSIZE="13" FONTSTYLE=""/>
		<TextStyle ID="STYLE3" FONTFAMILY="Arial" FONTSIZE="12" FONTSTYLE=""/>
	</Styles>
	<Layout>
		<Page ID="PAGE203" HEIGHT="4670" WIDTH="3004" PHYSICAL_IMG_NR="203" PROCESSING="OCR1" PC="0.63">
			<TopMargin HEIGHT="659" WIDTH="3004" HPOS="0" VPOS="0"/>
			<LeftMargin HEIGHT="3068" WIDTH="227" HPOS="0" VPOS="659"/>
			<RightMargin HEIGHT="3068" WIDTH="1014" HPOS="1990" VPOS="659"/>
			<BottomMargin HEIGHT="941" WIDTH="3004" HPOS="0" VPOS="3729"/>
			<PrintSpace ID="PRINTSPACE1" HEIGHT="3068" WIDTH="1761" HPOS="228" VPOS="660">
				<ComposedBlock xs:type="ComposedBlockType" ID="ARTICLE115846" HEIGHT="3068" WIDTH="1761" HPOS="228" VPOS="660" xlink:type="simple">
					<TextBlock xs:type="TextBlockType" ID="ZONE1196842" HEIGHT="315" WIDTH="1719" HPOS="228" VPOS="660" xlink:type="simple">
						<TextLine ID="LINE1" HEIGHT="107" WIDTH="1717" HPOS="228" VPOS="664">
							<String ID="STRING1" STYLEREFS="STYLE1" HEIGHT="94" WIDTH="395" HPOS="228" VPOS="677" CONTENT="Menneffes" WC="0.54" LANG="dan"/>
							<SP ID="SP1" WIDTH="35" HPOS="623" VPOS="677"/>
							<String ID="STRING2" STYLEREFS="STYLE1" HEIGHT="92" WIDTH="261" HPOS="658" VPOS="677" CONTENT="Magt," WC="0.64" LANG="dan"/>
							<SP ID="SP2" WIDTH="59" HPOS="919" VPOS="677"/>
							<String ID="STRING3" STYLEREFS="STYLE1" HEIGHT="62" WIDTH="75" HPOS="978" VPOS="691" CONTENT="at" WC="0.62" LANG="dan"/>
							<SP ID="SP3" WIDTH="37" HPOS="1053" VPOS="691"/>
							<String ID="STRING4" STYLEREFS="STYLE1" HEIGHT="88" WIDTH="187" HPOS="1090" VPOS="678" CONTENT="giøre" WC="0.74" LANG="dan"/>
							<SP ID="SP4" WIDTH="31" HPOS="1277" VPOS="678"/>
							<String ID="STRING5" STYLEREFS="STYLE1" HEIGHT="72" WIDTH="147" HPOS="1308" VPOS="674" CONTENT="med" WC="0.73" LANG="dan"/>
							<SP ID="SP5" WIDTH="31" HPOS="1455" VPOS="674"/>
							<String ID="STRING6" STYLEREFS="STYLE1" HEIGHT="89" WIDTH="129" HPOS="1486" VPOS="670" CONTENT="sine" WC="0.93" LANG="dan"/>
							<SP ID="SP6" WIDTH="37" HPOS="1615" VPOS="670"/>
							<String ID="STRING7" STYLEREFS="STYLE1" HEIGHT="83" WIDTH="293" HPOS="1652" VPOS="664" CONTENT="Lemmer" WC="0.57" LANG="dan"/>
						</TextLine>
						<TextLine ID="LINE2" HEIGHT="111" WIDTH="1717" HPOS="229" VPOS="763">
							<String ID="STRING8" STYLEREFS="STYLE1" HEIGHT="85" WIDTH="183" HPOS="229" VPOS="789" CONTENT="hvad" WC="0.66" LANG="dan"/>
							<SP ID="SP7" WIDTH="47" HPOS="412" VPOS="789"/>
							<String ID="STRING9" STYLEREFS="STYLE1" HEIGHT="89" WIDTH="131" HPOS="459" VPOS="778" CONTENT="han" WC="1" LANG="dan"/>
							<SP ID="SP8" WIDTH="37" HPOS="590" VPOS="778"/>
							<String ID="STRING10" STYLEREFS="STYLE1" HEIGHT="93" WIDTH="131" HPOS="627" VPOS="775" CONTENT="vil;" WC="0.8" LANG="dan"/>
							<SP ID="SP9" WIDTH="57" HPOS="758" VPOS="775"/>
							<String ID="STRING11" STYLEREFS="STYLE1" HEIGHT="59" WIDTH="151" HPOS="815" VPOS="794" CONTENT="men" WC="0.87" LANG="dan"/>
							<SP ID="SP10" WIDTH="35" HPOS="966" VPOS="794"/>
							<String ID="STRING12" STYLEREFS="STYLE1" HEIGHT="90" WIDTH="135" HPOS="1001" VPOS="773" CONTENT="han" WC="0.91" LANG="dan"/>
							<SP ID="SP11" WIDTH="45" HPOS="1136" VPOS="773"/>
							<String ID="STRING13" STYLEREFS="STYLE1" HEIGHT="56" WIDTH="65" HPOS="1181" VPOS="791" CONTENT="er" WC="0.64" LANG="dan"/>
							<SP ID="SP12" WIDTH="49" HPOS="1246" VPOS="791"/>
							<String ID="STRING14" STYLEREFS="STYLE1" HEIGHT="89" WIDTH="241" HPOS="1295" VPOS="770" CONTENT="ffyldig" WC="0.61" LANG="dan"/>
							<SP ID="SP13" WIDTH="49" HPOS="1536" VPOS="770"/>
							<String ID="STRING15" STYLEREFS="STYLE1" HEIGHT="62" WIDTH="75" HPOS="1585" VPOS="782" CONTENT="at" WC="0.64" LANG="dan"/>
							<SP ID="SP14" WIDTH="55" HPOS="1660" VPOS="782"/>
							<String ID="STRING16" STYLEREFS="STYLE1" HEIGHT="93" WIDTH="231" HPOS="1715" VPOS="763" CONTENT="opofre" WC="0.75" LANG="dan"/>
						</TextLine>
						<TextLine ID="LINE3" HEIGHT="107" WIDTH="1715" HPOS="230" VPOS="859">
							<String ID="STRING17" STYLEREFS="STYLE1" HEIGHT="71" WIDTH="151" HPOS="230" VPOS="891" CONTENT="dem" WC="0.74" LANG="dan"/>
							<SP ID="SP15" WIDTH="33" HPOS="381" VPOS="891"/>
							<String ID="STRING18" STYLEREFS="STYLE1" HEIGHT="79" WIDTH="73" HPOS="414" VPOS="878" CONTENT="til" WC="0.73" LANG="dan"/>
							<SP ID="SP16" WIDTH="29" HPOS="487" VPOS="878"/>
							<String ID="STRING19" STYLEREFS="STYLE1" HEIGHT="78" WIDTH="165" HPOS="516" VPOS="883" CONTENT="den," WC="0.72" LANG="dan"/>
							<SP ID="SP17" WIDTH="53" HPOS="681" VPOS="883"/>
							<String ID="STRING20" STYLEREFS="STYLE1" HEIGHT="91" WIDTH="135" HPOS="734" VPOS="875" CONTENT="som" WC="0.75" LANG="dan"/>
							<SP ID="SP18" WIDTH="37" HPOS="869" VPOS="875"/>
							<String ID="STRING21" STYLEREFS="STYLE1" HEIGHT="92" WIDTH="135" HPOS="906" VPOS="872" CONTENT="han" WC="0.89" LANG="dan"/>
							<SP ID="SP19" WIDTH="37" HPOS="1041" VPOS="872"/>
							<String ID="STRING22" STYLEREFS="STYLE1" HEIGHT="92" WIDTH="123" HPOS="1078" VPOS="872" CONTENT="har" WC="0.78" LANG="dan"/>
							<SP ID="SP20" WIDTH="35" HPOS="1201" VPOS="872"/>
							<String ID="STRING23" STYLEREFS="STYLE1" HEIGHT="62" WIDTH="397" HPOS="1236" VPOS="882" CONTENT="annammet" WC="0.82" LANG="dan"/>
							<SP ID="SP21" WIDTH="33" HPOS="1633" VPOS="882"/>
							<String ID="STRING24" STYLEREFS="STYLE1" HEIGHT="66" WIDTH="143" HPOS="1666" VPOS="873" CONTENT="dem" WC="0.7" LANG="dan"/>
							<SP ID="SP22" WIDTH="43" HPOS="1809" VPOS="873"/>
							<String ID="STRING25" STYLEREFS="STYLE1" HEIGHT="91" WIDTH="93" HPOS="1852" VPOS="859" CONTENT="af." WC="0.9" LANG="dan"/>
						</TextLine>
					</TextBlock>
					<TextBlock xs:type="TextBlockType" ID="ZONE1196843" HEIGHT="218" WIDTH="1717" HPOS="235" VPOS="960" xlink:type="simple">
						<TextLine ID="LINE4" HEIGHT="104" WIDTH="1561" HPOS="389" VPOS="962">
							<String ID="STRING26" STYLEREFS="STYLE1" HEIGHT="77" WIDTH="175" HPOS="389" VPOS="979" CONTENT="Men" WC="0.79" LANG="dan"/>
							<SP ID="SP23" WIDTH="47" HPOS="564" VPOS="979"/>
							<String ID="STRING27" STYLEREFS="STYLE1" HEIGHT="86" WIDTH="153" HPOS="611" VPOS="980" CONTENT="der," WC="0.56" LANG="dan"/>
							<SP ID="SP24" WIDTH="58" HPOS="764" VPOS="980"/>
							<String ID="STRING28" STYLEREFS="STYLE2" HEIGHT="95" WIDTH="137" HPOS="822" VPOS="969" CONTENT="som" WC="0.77" LANG="dan"/>
							<SP ID="SP25" WIDTH="52" HPOS="959" VPOS="969"/>
							<String ID="STRING29" STYLEREFS="STYLE1" HEIGHT="87" WIDTH="179" HPOS="1011" VPOS="971" CONTENT="Gud" WC="0.28" LANG="dan"/>
							<SP ID="SP26" WIDTH="57" HPOS="1190" VPOS="971"/>
							<String ID="STRING30" STYLEREFS="STYLE1" HEIGHT="85" WIDTH="135" HPOS="1247" VPOS="970" CONTENT="vil," WC="0.77" LANG="dan"/>
							<SP ID="SP27" WIDTH="75" HPOS="1382" VPOS="970"/>
							<String ID="STRING31" STYLEREFS="STYLE1" HEIGHT="62" WIDTH="75" HPOS="1457" VPOS="981" CONTENT="at" WC="0.64" LANG="dan"/>
							<SP ID="SP28" WIDTH="49" HPOS="1532" VPOS="981"/>
							<String ID="STRING32" STYLEREFS="STYLE1" HEIGHT="60" WIDTH="163" HPOS="1581" VPOS="982" CONTENT="man" WC="0.88" LANG="dan"/>
							<SP ID="SP29" WIDTH="47" HPOS="1744" VPOS="982"/>
							<String ID="STRING33" STYLEREFS="STYLE1" HEIGHT="93" WIDTH="159" HPOS="1791" VPOS="962" CONTENT="efter" WC="0.84" LANG="dan"/>
						</TextLine>
						<TextLine ID="LINE5" HEIGHT="103" WIDTH="1428" HPOS="237" VPOS="1061">
							<String ID="STRING34" STYLEREFS="STYLE1" HEIGHT="74" WIDTH="104" HPOS="237" VPOS="1086" CONTENT="det" WC="0.53" LANG="dan"/>
							<SP ID="SP30" WIDTH="31" HPOS="341" VPOS="1086"/>
							<String ID="STRING35" STYLEREFS="STYLE1" HEIGHT="85" WIDTH="239" HPOS="372" VPOS="1075" CONTENT="Siette" WC="0.51" LANG="dan"/>
							<SP ID="SP31" WIDTH="35" HPOS="611" VPOS="1075"/>
							<String ID="STRING36" STYLEREFS="STYLE1" HEIGHT="87" WIDTH="187" HPOS="646" VPOS="1070" CONTENT="Bud" WC="0.37" LANG="dan"/>
							<SP ID="SP32" WIDTH="33" HPOS="833" VPOS="1070"/>
							<String ID="STRING37" STYLEREFS="STYLE1" HEIGHT="91" WIDTH="127" HPOS="866" VPOS="1071" CONTENT="stal" WC="0.65" LANG="dan"/>
							<SP ID="SP33" WIDTH="37" HPOS="993" VPOS="1071"/>
							<String ID="STRING38" STYLEREFS="STYLE1" HEIGHT="91" WIDTH="163" HPOS="1030" VPOS="1073" CONTENT="flye," WC="0.55" LANG="dan"/>
							<SP ID="SP34" WIDTH="56" HPOS="1193" VPOS="1073"/>
							<String ID="STRING39" STYLEREFS="STYLE1" HEIGHT="56" WIDTH="64" HPOS="1249" VPOS="1086" CONTENT="er" WC="0.63" LANG="dan"/>
							<SP ID="SP35" WIDTH="39" HPOS="1313" VPOS="1086"/>
							<String ID="STRING40" STYLEREFS="STYLE1" HEIGHT="103" WIDTH="313" HPOS="1352" VPOS="1061" CONTENT="Horerie." WC="0.8" LANG="dan"/>
						</TextLine>
					</TextBlock>
					<TextBlock xs:type="TextBlockType" ID="ZONE1196844" HEIGHT="324" WIDTH="1721" HPOS="236" VPOS="1154" xlink:type="simple">
						<TextLine ID="LINE6" HEIGHT="106" WIDTH="1565" HPOS="388" VPOS="1157">
							<String ID="STRING41" STYLEREFS="STYLE1" HEIGHT="87" WIDTH="223" HPOS="388" VPOS="1175" CONTENT="Dette" WC="0.72" LANG="dan"/>
							<SP ID="SP36" WIDTH="55" HPOS="611" VPOS="1175"/>
							<String ID="STRING42" STYLEREFS="STYLE1" HEIGHT="83" WIDTH="167" HPOS="666" VPOS="1171" CONTENT="Ord" WC="0.57" LANG="dan"/>
							<SP ID="SP37" WIDTH="57" HPOS="833" VPOS="1171"/>
							<String ID="STRING43" STYLEREFS="STYLE1" HEIGHT="82" WIDTH="199" HPOS="890" VPOS="1181" CONTENT="tages" WC="0.73" LANG="dan"/>
							<SP ID="SP38" WIDTH="67" HPOS="1089" VPOS="1181"/>
							<String ID="STRING44" STYLEREFS="STYLE1" HEIGHT="73" WIDTH="19" HPOS="1156" VPOS="1172" CONTENT="i" WC="0.4" LANG="dan"/>
							<SP ID="SP39" WIDTH="61" HPOS="1175" VPOS="1172"/>
							<String ID="STRING45" STYLEREFS="STYLE1" HEIGHT="68" WIDTH="120" HPOS="1236" VPOS="1175" CONTENT="den" WC="0.75" LANG="dan"/>
							<SP ID="SP40" WIDTH="66" HPOS="1356" VPOS="1175"/>
							<String ID="STRING46" STYLEREFS="STYLE1" HEIGHT="92" WIDTH="220" HPOS="1422" VPOS="1162" CONTENT="hellige" WC="0.85" LANG="dan"/>
							<SP ID="SP41" WIDTH="58" HPOS="1642" VPOS="1162"/>
							<String ID="STRING47" STYLEREFS="STYLE1" HEIGHT="91" WIDTH="253" HPOS="1700" VPOS="1157" CONTENT="Skrift" WC="0.72" LANG="dan"/>
						</TextLine>
						<TextLine ID="LINE7" HEIGHT="115" WIDTH="1691" HPOS="237" VPOS="1259">
							<String ID="STRING48" STYLEREFS="STYLE1" HEIGHT="96" WIDTH="221" HPOS="237" VPOS="1278" CONTENT="faavel" WC="1" LANG="dan"/>
							<SP ID="SP42" WIDTH="37" HPOS="458" VPOS="1278"/>
							<String ID="STRING49" STYLEREFS="STYLE1" HEIGHT="74" WIDTH="21" HPOS="495" VPOS="1277" CONTENT="i" WC="0.34" LANG="dan"/>
							<SP ID="SP43" WIDTH="43" HPOS="516" VPOS="1277"/>
							<String ID="STRING50" STYLEREFS="STYLE1" HEIGHT="57" WIDTH="75" HPOS="559" VPOS="1293" CONTENT="en" WC="1" LANG="dan"/>
							<SP ID="SP44" WIDTH="49" HPOS="634" VPOS="1293"/>
							<String ID="STRING51" STYLEREFS="STYLE1" HEIGHT="59" WIDTH="205" HPOS="683" VPOS="1291" CONTENT="meere" WC="0.87" LANG="dan"/>
							<SP ID="SP45" WIDTH="36" HPOS="888" VPOS="1291"/>
							<String ID="STRING52" STYLEREFS="STYLE3" HEIGHT="100" WIDTH="458" HPOS="924" VPOS="1265" CONTENT="indskrænket-," WC="0.79" LANG="dan"/>
							<SP ID="SP46" WIDTH="55" HPOS="1382" VPOS="1265"/>
							<String ID="STRING53" STYLEREFS="STYLE1" HEIGHT="90" WIDTH="137" HPOS="1437" VPOS="1266" CONTENT="som" WC="0.61" LANG="dan"/>
							<SP ID="SP47" WIDTH="33" HPOS="1574" VPOS="1266"/>
							<String ID="STRING54" STYLEREFS="STYLE1" HEIGHT="76" WIDTH="21" HPOS="1607" VPOS="1262" CONTENT="i" WC="0.4" LANG="dan"/>
							<SP ID="SP48" WIDTH="43" HPOS="1628" VPOS="1262"/>
							<String ID="STRING55" STYLEREFS="STYLE1" HEIGHT="57" WIDTH="77" HPOS="1671" VPOS="1279" CONTENT="en" WC="1" LANG="dan"/>
							<SP ID="SP49" WIDTH="35" HPOS="1748" VPOS="1279"/>
							<String ID="STRING56" STYLEREFS="STYLE1" HEIGHT="80" WIDTH="145" HPOS="1783" VPOS="1259" CONTENT="vidt" SUBS_TYPE="HypPart1" SUBS_CONTENT="vidtløstigere" WC="0.64" LANG="dan"/>
							<HYP CONTENT="-"/>
						</TextLine>
						<TextLine ID="LINE8" HEIGHT="102" WIDTH="653" HPOS="240" VPOS="1374">
							<String ID="STRING57" STYLEREFS="STYLE1" HEIGHT="96" WIDTH="301" HPOS="240" VPOS="1380" CONTENT="løstigere" SUBS_TYPE="HypPart2" SUBS_CONTENT="vidtløstigere" WC="0.62" LANG="dan"/>
							<SP ID="SP50" WIDTH="33" HPOS="541" VPOS="1380"/>
							<String ID="STRING58" STYLEREFS="STYLE1" HEIGHT="89" WIDTH="319" HPOS="574" VPOS="1374" CONTENT="Mening." WC="0.81" LANG="dan"/>
						</TextLine>
					</TextBlock>
					<TextBlock xs:type="TextBlockType" ID="ZONE1196845" HEIGHT="422" WIDTH="1719" HPOS="241" VPOS="1454" xlink:type="simple">
						<TextLine ID="LINE9" HEIGHT="118" WIDTH="1559" HPOS="397" VPOS="1458">
							<String ID="STRING59" STYLEREFS="STYLE1" HEIGHT="101" WIDTH="67" HPOS="397" VPOS="1475" CONTENT="I" WC="0.04" LANG="dan"/>
							<SP ID="SP51" WIDTH="27" HPOS="464" VPOS="1475"/>
							<String ID="STRING60" STYLEREFS="STYLE1" HEIGHT="58" WIDTH="77" HPOS="491" VPOS="1495" CONTENT="en" WC="1" LANG="dan"/>
							<SP ID="SP52" WIDTH="37" HPOS="568" VPOS="1495"/>
							<String ID="STRING61" STYLEREFS="STYLE1" HEIGHT="92" WIDTH="415" HPOS="605" VPOS="1470" CONTENT="indffrænket" WC="0.72" LANG="dan"/>
							<SP ID="SP53" WIDTH="25" HPOS="1020" VPOS="1470"/>
							<String ID="STRING62" STYLEREFS="STYLE1" HEIGHT="88" WIDTH="297" HPOS="1045" VPOS="1467" CONTENT="Mening" WC="0.82" LANG="dan"/>
							<SP ID="SP54" WIDTH="39" HPOS="1342" VPOS="1467"/>
							<String ID="STRING63" STYLEREFS="STYLE1" HEIGHT="94" WIDTH="263" HPOS="1381" VPOS="1461" CONTENT="betyder" WC="0.6" LANG="dan"/>
							<SP ID="SP55" WIDTH="33" HPOS="1644" VPOS="1461"/>
							<String ID="STRING64" STYLEREFS="STYLE1" HEIGHT="72" WIDTH="107" HPOS="1677" VPOS="1463" CONTENT="der" WC="0.54" LANG="dan"/>
							<SP ID="SP56" WIDTH="27" HPOS="1784" VPOS="1463"/>
							<String ID="STRING65" STYLEREFS="STYLE1" HEIGHT="85" WIDTH="145" HPOS="1811" VPOS="1458" CONTENT="faa*" WC="0.3" LANG="dan"/>
						</TextLine>
						<TextLine ID="LINE10" HEIGHT="108" WIDTH="1715" HPOS="242" VPOS="1558">
							<String ID="STRING66" STYLEREFS="STYLE1" HEIGHT="74" WIDTH="143" HPOS="242" VPOS="1586" CONTENT="dan" WC="0.82" LANG="dan"/>
							<SP ID="SP57" WIDTH="53" HPOS="385" VPOS="1586"/>
							<String ID="STRING67" STYLEREFS="STYLE1" HEIGHT="97" WIDTH="425" HPOS="438" VPOS="1569" CONTENT="Wgtefolkes" WC="0.81" LANG="dan"/>
							<SP ID="SP58" WIDTH="55" HPOS="863" VPOS="1569"/>
							<String ID="STRING68" STYLEREFS="STYLE1" HEIGHT="96" WIDTH="175" HPOS="918" VPOS="1570" CONTENT="flette" WC="0.55" LANG="dan"/>
							<SP ID="SP59" WIDTH="39" HPOS="1093" VPOS="1570"/>
							<String ID="STRING69" STYLEREFS="STYLE1" HEIGHT="95" WIDTH="347" HPOS="1132" VPOS="1564" CONTENT="Forhold," WC="0.51" LANG="dan"/>
							<SP ID="SP60" WIDTH="57" HPOS="1479" VPOS="1564"/>
							<String ID="STRING70" STYLEREFS="STYLE1" HEIGHT="72" WIDTH="87" HPOS="1536" VPOS="1569" CONTENT="da" WC="0.63" LANG="dan"/>
							<SP ID="SP61" WIDTH="47" HPOS="1623" VPOS="1569"/>
							<String ID="STRING71" STYLEREFS="STYLE1" HEIGHT="72" WIDTH="73" HPOS="1670" VPOS="1563" CONTENT="de" WC="0.78" LANG="dan"/>
							<SP ID="SP62" WIDTH="41" HPOS="1743" VPOS="1563"/>
							<String ID="STRING72" STYLEREFS="STYLE1" HEIGHT="76" WIDTH="173" HPOS="1784" VPOS="1558" CONTENT="blive" WC="0.76" LANG="dan"/>
						</TextLine>
						<TextLine ID="LINE11" HEIGHT="108" WIDTH="1710" HPOS="248" VPOS="1664">
							<String ID="STRING73" STYLEREFS="STYLE1" HEIGHT="90" WIDTH="336" HPOS="248" VPOS="1682" CONTENT="hinanden" WC="0.81" LANG="dan"/>
							<SP ID="SP63" WIDTH="32" HPOS="584" VPOS="1682"/>
							<String ID="STRING74" STYLEREFS="STYLE1" HEIGHT="74" WIDTH="237" HPOS="616" VPOS="1689" CONTENT="urroe," WC="0.58" LANG="dan"/>
							<SP ID="SP64" WIDTH="59" HPOS="853" VPOS="1689"/>
							<String ID="STRING75" STYLEREFS="STYLE1" HEIGHT="73" WIDTH="85" HPOS="912" VPOS="1690" CONTENT="og" WC="0.49" LANG="dan"/>
							<SP ID="SP65" WIDTH="33" HPOS="997" VPOS="1690"/>
							<String ID="STRING76" STYLEREFS="STYLE1" HEIGHT="74" WIDTH="304" HPOS="1030" VPOS="1671" CONTENT="overlade" WC="0.66" LANG="dan"/>
							<SP ID="SP66" WIDTH="36" HPOS="1334" VPOS="1671"/>
							<String ID="STRING77" STYLEREFS="STYLE1" HEIGHT="57" WIDTH="80" HPOS="1370" VPOS="1683" CONTENT="en" WC="1" LANG="dan"/>
							<SP ID="SP67" WIDTH="52" HPOS="1450" VPOS="1683"/>
							<String ID="STRING78" STYLEREFS="STYLE1" HEIGHT="68" WIDTH="216" HPOS="1502" VPOS="1672" CONTENT="anden" WC="0.85" LANG="dan"/>
							<SP ID="SP68" WIDTH="50" HPOS="1718" VPOS="1672"/>
							<String ID="STRING79" STYLEREFS="STYLE1" HEIGHT="72" WIDTH="190" HPOS="1768" VPOS="1664" CONTENT="deres" WC="0.7" LANG="dan"/>
						</TextLine>
						<TextLine ID="LINE12" HEIGHT="104" WIDTH="549" HPOS="247" VPOS="1771">
							<String ID="STRING80" STYLEREFS="STYLE1" HEIGHT="95" WIDTH="273" HPOS="247" VPOS="1780" CONTENT="Legems" WC="0.77" LANG="dan"/>
							<SP ID="SP69" WIDTH="29" HPOS="520" VPOS="1780"/>
							<String ID="STRING81" STYLEREFS="STYLE1" HEIGHT="95" WIDTH="247" HPOS="549" VPOS="1771" CONTENT="Brug." WC="0.57" LANG="dan"/>
						</TextLine>
					</TextBlock>
					<TextBlock xs:type="TextBlockType" ID="ZONE1196846" HEIGHT="1630" WIDTH="1739" HPOS="248" VPOS="1850" xlink:type="simple">
						<TextLine ID="LINE13" HEIGHT="103" WIDTH="1561" HPOS="402" VPOS="1855">
							<String ID="STRING82" STYLEREFS="STYLE1" HEIGHT="78" WIDTH="177" HPOS="402" VPOS="1877" CONTENT="Men" WC="0.86" LANG="dan"/>
							<SP ID="SP70" WIDTH="35" HPOS="579" VPOS="1877"/>
							<String ID="STRING83" STYLEREFS="STYLE1" HEIGHT="74" WIDTH="19" HPOS="614" VPOS="1876" CONTENT="i" WC="0.69" LANG="dan"/>
							<SP ID="SP71" WIDTH="35" HPOS="633" VPOS="1876"/>
							<String ID="STRING84" STYLEREFS="STYLE1" HEIGHT="54" WIDTH="75" HPOS="668" VPOS="1891" CONTENT="en" WC="1" LANG="dan"/>
							<SP ID="SP72" WIDTH="41" HPOS="743" VPOS="1891"/>
							<String ID="STRING85" STYLEREFS="STYLE1" HEIGHT="97" WIDTH="453" HPOS="784" VPOS="1861" CONTENT="vidtløftigere" WC="0.75" LANG="dan"/>
							<SP ID="SP73" WIDTH="33" HPOS="1237" VPOS="1861"/>
							<String ID="STRING86" STYLEREFS="STYLE1" HEIGHT="93" WIDTH="299" HPOS="1270" VPOS="1860" CONTENT="Mening" WC="0.75" LANG="dan"/>
							<SP ID="SP74" WIDTH="43" HPOS="1569" VPOS="1860"/>
							<String ID="STRING87" STYLEREFS="STYLE1" HEIGHT="83" WIDTH="351" HPOS="1612" VPOS="1855" CONTENT="bemærker" WC="0.7" LANG="dan"/>
						</TextLine>
						<TextLine ID="LINE14" HEIGHT="103" WIDTH="1715" HPOS="251" VPOS="1961">
							<String ID="STRING88" STYLEREFS="STYLE1" HEIGHT="75" WIDTH="105" HPOS="251" VPOS="1986" CONTENT="det" WC="0.64" LANG="dan"/>
							<SP ID="SP75" WIDTH="31" HPOS="356" VPOS="1986"/>
							<String ID="STRING89" STYLEREFS="STYLE1" HEIGHT="76" WIDTH="71" HPOS="387" VPOS="1982" CONTENT="al" WC="1" LANG="dan"/>
							<SP ID="SP76" WIDTH="31" HPOS="458" VPOS="1982"/>
							<String ID="STRING90" STYLEREFS="STYLE1" HEIGHT="97" WIDTH="327" HPOS="489" VPOS="1967" CONTENT="Ukyffhed" WC="0.52" LANG="dan"/>
							<SP ID="SP77" WIDTH="33" HPOS="816" VPOS="1967"/>
							<String ID="STRING91" STYLEREFS="STYLE1" HEIGHT="71" WIDTH="83" HPOS="849" VPOS="1987" CONTENT="vg" WC="0.44" LANG="dan"/>
							<SP ID="SP78" WIDTH="45" HPOS="932" VPOS="1987"/>
							<String ID="STRING92" STYLEREFS="STYLE1" HEIGHT="90" WIDTH="383" HPOS="977" VPOS="1963" CONTENT="Ureenhed," WC="0.78" LANG="dan"/>
							<SP ID="SP79" WIDTH="55" HPOS="1360" VPOS="1963"/>
							<String ID="STRING93" STYLEREFS="STYLE1" HEIGHT="76" WIDTH="351" HPOS="1415" VPOS="1962" CONTENT="indvortes" WC="0.73" LANG="dan"/>
							<SP ID="SP80" WIDTH="51" HPOS="1766" VPOS="1962"/>
							<String ID="STRING94" STYLEREFS="STYLE1" HEIGHT="74" WIDTH="149" HPOS="1817" VPOS="1961" CONTENT="eller" WC="0.91" LANG="dan"/>
						</TextLine>
						<TextLine ID="LINE15" HEIGHT="108" WIDTH="1714" HPOS="251" VPOS="2054">
							<String ID="STRING95" STYLEREFS="STYLE1" HEIGHT="77" WIDTH="378" HPOS="251" VPOS="2085" CONTENT="udvortes," WC="0.58" LANG="dan"/>
							<SP ID="SP81" WIDTH="74" HPOS="629" VPOS="2085"/>
							<String ID="STRING96" STYLEREFS="STYLE1" HEIGHT="63" WIDTH="186" HPOS="703" VPOS="2084" CONTENT="enten" WC="0.88" LANG="dan"/>
							<SP ID="SP82" WIDTH="51" HPOS="889" VPOS="2084"/>
							<String ID="STRING97" STYLEREFS="STYLE1" HEIGHT="69" WIDTH="123" HPOS="940" VPOS="2072" CONTENT="den" WC="0.85" LANG="dan"/>
							<SP ID="SP83" WIDTH="47" HPOS="1063" VPOS="2072"/>
							<String ID="STRING98" STYLEREFS="STYLE1" HEIGHT="87" WIDTH="291" HPOS="1110" VPOS="2064" CONTENT="begaaes" WC="0.79" LANG="dan"/>
							<SP ID="SP84" WIDTH="53" HPOS="1401" VPOS="2064"/>
							<String ID="STRING99" STYLEREFS="STYLE1" HEIGHT="92" WIDTH="79" HPOS="1454" VPOS="2057" CONTENT="af" WC="1" LANG="dan"/>
							<SP ID="SP85" WIDTH="37" HPOS="1533" VPOS="2057"/>
							<String ID="STRING100" STYLEREFS="STYLE1" HEIGHT="93" WIDTH="395" HPOS="1570" VPOS="2054" CONTENT="TEgtesolk," WC="0.73" LANG="dan"/>
						</TextLine>
						<TextLine ID="LINE16" HEIGHT="113" WIDTH="1712" HPOS="256" VPOS="2154">
							<String ID="STRING101" STYLEREFS="STYLE1" HEIGHT="71" WIDTH="149" HPOS="256" VPOS="2188" CONTENT="eller" WC="0.87" LANG="dan"/>
							<SP ID="SP86" WIDTH="39" HPOS="405" VPOS="2188"/>
							<String ID="STRING102" STYLEREFS="STYLE1" HEIGHT="94" WIDTH="206" HPOS="444" VPOS="2173" CONTENT="ugifte" WC="0.61" LANG="dan"/>
							<SP ID="SP87" WIDTH="29" HPOS="650" VPOS="2173"/>
							<String ID="STRING103" STYLEREFS="STYLE1" HEIGHT="97" WIDTH="361" HPOS="679" VPOS="2167" CONTENT="Personer." WC="0.68" LANG="dan"/>
							<SP ID="SP88" WIDTH="101" HPOS="1040" VPOS="2167"/>
							<String ID="STRING104" STYLEREFS="STYLE1" HEIGHT="85" WIDTH="227" HPOS="1141" VPOS="2160" CONTENT="Dette" WC="0.59" LANG="dan"/>
							<SP ID="SP89" WIDTH="41" HPOS="1368" VPOS="2160"/>
							<String ID="STRING105" STYLEREFS="STYLE1" HEIGHT="70" WIDTH="181" HPOS="1409" VPOS="2165" CONTENT="lærer" WC="0.86" LANG="dan"/>
							<SP ID="SP90" WIDTH="53" HPOS="1590" VPOS="2165"/>
							<String ID="STRING106" STYLEREFS="STYLE1" HEIGHT="91" WIDTH="325" HPOS="1643" VPOS="2154" CONTENT="Christus" WC="0.62" LANG="deu"/>
						</TextLine>
						<TextLine ID="LINE17" HEIGHT="115" WIDTH="1710" HPOS="259" VPOS="2257">
							<String ID="STRING107" STYLEREFS="STYLE1" HEIGHT="88" WIDTH="175" HPOS="259" VPOS="2284" CONTENT="selv," WC="0.85" LANG="dan"/>
							<SP ID="SP91" WIDTH="55" HPOS="434" VPOS="2284"/>
							<String ID="STRING108" STYLEREFS="STYLE1" HEIGHT="88" WIDTH="95" HPOS="489" VPOS="2277" CONTENT="thi" WC="0.34" LANG="dan"/>
							<SP ID="SP92" WIDTH="31" HPOS="584" VPOS="2277"/>
							<String ID="STRING109" STYLEREFS="STYLE1" HEIGHT="61" WIDTH="175" HPOS="615" VPOS="2288" CONTENT="naar" WC="0.71" LANG="deu"/>
							<SP ID="SP93" WIDTH="35" HPOS="790" VPOS="2288"/>
							<String ID="STRING110" STYLEREFS="STYLE1" HEIGHT="89" WIDTH="133" HPOS="825" VPOS="2268" CONTENT="han" WC="0.85" LANG="dan"/>
							<SP ID="SP94" WIDTH="33" HPOS="958" VPOS="2268"/>
							<String ID="STRING111" STYLEREFS="STYLE1" HEIGHT="94" WIDTH="273" HPOS="991" VPOS="2261" CONTENT="Matth." WC="0.51" LANG="deu"/>
							<SP ID="SP95" WIDTH="43" HPOS="1264" VPOS="2261"/>
							<String ID="STRING112" STYLEREFS="STYLE1" HEIGHT="63" WIDTH="29" HPOS="1307" VPOS="2284" CONTENT=";" WC="0.15" LANG="dan"/>
							<SP ID="SP96" WIDTH="61" HPOS="1336" VPOS="2284"/>
							<String ID="STRING113" STYLEREFS="STYLE1" HEIGHT="90" WIDTH="169" HPOS="1397" VPOS="2257" CONTENT="Kap" WC="0.78" LANG="dan"/>
							<SP ID="SP97" WIDTH="73" HPOS="1566" VPOS="2257"/>
							<String ID="STRING114" STYLEREFS="STYLE1" HEIGHT="72" WIDTH="92" HPOS="1639" VPOS="2261" CONTENT="vil" WC="1" LANG="dan"/>
							<SP ID="SP98" WIDTH="48" HPOS="1731" VPOS="2261"/>
							<String ID="STRING115" STYLEREFS="STYLE1" HEIGHT="74" WIDTH="190" HPOS="1779" VPOS="2265" CONTENT="redde" WC="0.72" LANG="dan"/>
						</TextLine>
						<TextLine ID="LINE18" HEIGHT="102" WIDTH="1709" HPOS="262" VPOS="2356">
							<String ID="STRING116" STYLEREFS="STYLE1" HEIGHT="68" WIDTH="77" HPOS="262" VPOS="2390" CONTENT="de" WC="0.63" LANG="dan"/>
							<SP ID="SP99" WIDTH="61" HPOS="339" VPOS="2390"/>
							<String ID="STRING117" STYLEREFS="STYLE1" HEIGHT="48" WIDTH="89" HPOS="400" VPOS="2402" CONTENT="io" WC="0.28" LANG="dan"/>
							<SP ID="SP100" WIDTH="45" HPOS="489" VPOS="2402"/>
							<String ID="STRING118" STYLEREFS="STYLE1" HEIGHT="81" WIDTH="223" HPOS="534" VPOS="2373" CONTENT="Guds" WC="0.66" LANG="dan"/>
							<SP ID="SP101" WIDTH="43" HPOS="757" VPOS="2373"/>
							<String ID="STRING119" STYLEREFS="STYLE1" HEIGHT="83" WIDTH="229" HPOS="800" VPOS="2364" CONTENT="Buds" WC="0.6" LANG="dan"/>
							<SP ID="SP102" WIDTH="55" HPOS="1029" VPOS="2364"/>
							<String ID="STRING120" STYLEREFS="STYLE1" HEIGHT="92" WIDTH="313" HPOS="1084" VPOS="2362" CONTENT="egentlige" WC="0.82" LANG="dan"/>
							<SP ID="SP103" WIDTH="63" HPOS="1397" VPOS="2362"/>
							<String ID="STRING121" STYLEREFS="STYLE1" HEIGHT="90" WIDTH="295" HPOS="1460" VPOS="2356" CONTENT="Mening" WC="0.8" LANG="dan"/>
							<SP ID="SP104" WIDTH="59" HPOS="1755" VPOS="2356"/>
							<String ID="STRING122" STYLEREFS="STYLE1" HEIGHT="67" WIDTH="157" HPOS="1814" VPOS="2366" CONTENT="mod" WC="0.54" LANG="dan"/>
						</TextLine>
						<TextLine ID="LINE19" HEIGHT="116" WIDTH="1711" HPOS="261" VPOS="2454">
							<String ID="STRING123" STYLEREFS="STYLE1" HEIGHT="95" WIDTH="195" HPOS="261" VPOS="2475" CONTENT="falffe" WC="0.72" LANG="dan"/>
							<SP ID="SP105" WIDTH="35" HPOS="456" VPOS="2475"/>
							<String ID="STRING124" STYLEREFS="STYLE1" HEIGHT="83" WIDTH="285" HPOS="491" VPOS="2472" CONTENT="Læreres" WC="0.84" LANG="dan"/>
							<SP ID="SP106" WIDTH="31" HPOS="776" VPOS="2472"/>
							<String ID="STRING125" STYLEREFS="STYLE1" HEIGHT="91" WIDTH="305" HPOS="807" VPOS="2462" CONTENT="forkeerte" WC="0.69" LANG="dan"/>
							<SP ID="SP107" WIDTH="39" HPOS="1112" VPOS="2462"/>
							<String ID="STRING126" STYLEREFS="STYLE1" HEIGHT="91" WIDTH="441" HPOS="1151" VPOS="2458" CONTENT="Udleggelfer;" WC="0.69" LANG="dan"/>
							<SP ID="SP108" WIDTH="55" HPOS="1592" VPOS="2458"/>
							<String ID="STRING127" STYLEREFS="STYLE1" HEIGHT="89" WIDTH="115" HPOS="1647" VPOS="2454" CONTENT="faa" WC="1" LANG="dan"/>
							<SP ID="SP109" WIDTH="47" HPOS="1762" VPOS="2454"/>
							<String ID="STRING128" STYLEREFS="STYLE1" HEIGHT="93" WIDTH="163" HPOS="1809" VPOS="2456" CONTENT="siger" WC="0.67" LANG="dan"/>
						</TextLine>
						<TextLine ID="LINE20" HEIGHT="116" WIDTH="1707" HPOS="264" VPOS="2550">
							<String ID="STRING129" STYLEREFS="STYLE1" HEIGHT="84" WIDTH="137" HPOS="264" VPOS="2582" CONTENT="han" WC="0.76" LANG="dan"/>
							<SP ID="SP110" WIDTH="36" HPOS="401" VPOS="2582"/>
							<String ID="STRING130" STYLEREFS="STYLE1" HEIGHT="73" WIDTH="82" HPOS="437" VPOS="2592" CONTENT="og" WC="0.47" LANG="dan"/>
							<SP ID="SP111" WIDTH="41" HPOS="519" VPOS="2592"/>
							<String ID="STRING131" STYLEREFS="STYLE1" HEIGHT="74" WIDTH="19" HPOS="560" VPOS="2575" CONTENT="i" WC="0.83" LANG="dan"/>
							<SP ID="SP112" WIDTH="33" HPOS="579" VPOS="2575"/>
							<String ID="STRING132" STYLEREFS="STYLE1" HEIGHT="97" WIDTH="579" HPOS="612" VPOS="2559" CONTENT="Besynderlighed" WC="0.72" LANG="dan"/>
							<SP ID="SP113" WIDTH="35" HPOS="1191" VPOS="2559"/>
							<String ID="STRING133" STYLEREFS="STYLE1" HEIGHT="58" WIDTH="107" HPOS="1226" VPOS="2578" CONTENT="om" WC="0.67" LANG="dan"/>
							<SP ID="SP114" WIDTH="31" HPOS="1333" VPOS="2578"/>
							<String ID="STRING134" STYLEREFS="STYLE1" HEIGHT="65" WIDTH="105" HPOS="1364" VPOS="2567" CONTENT="det" WC="0.52" LANG="dan"/>
							<SP ID="SP115" WIDTH="33" HPOS="1469" VPOS="2567"/>
							<String ID="STRING135" STYLEREFS="STYLE1" HEIGHT="82" WIDTH="239" HPOS="1502" VPOS="2554" CONTENT="Slette" WC="0.7" LANG="dan"/>
							<SP ID="SP116" WIDTH="21" HPOS="1741" VPOS="2554"/>
							<String ID="STRING136" STYLEREFS="STYLE1" HEIGHT="94" WIDTH="209" HPOS="1762" VPOS="2550" CONTENT="Bud," WC="0.41" LANG="dan"/>
						</TextLine>
						<TextLine ID="LINE21" HEIGHT="107" WIDTH="1681" HPOS="264" VPOS="2651">
							<String ID="STRING137" STYLEREFS="STYLE1" HEIGHT="60" WIDTH="74" HPOS="264" VPOS="2698" CONTENT="ar" WC="0.62" LANG="dan"/>
							<SP ID="SP117" WIDTH="32" HPOS="338" VPOS="2698"/>
							<String ID="STRING138" STYLEREFS="STYLE1" HEIGHT="64" WIDTH="162" HPOS="370" VPOS="2694" CONTENT="man" WC="0.92" LANG="dan"/>
							<SP ID="SP118" WIDTH="38" HPOS="532" VPOS="2694"/>
							<String ID="STRING139" STYLEREFS="STYLE1" HEIGHT="68" WIDTH="218" HPOS="570" VPOS="2678" CONTENT="endnu" WC="0.77" LANG="dan"/>
							<SP ID="SP119" WIDTH="35" HPOS="788" VPOS="2678"/>
							<String ID="STRING140" STYLEREFS="STYLE1" HEIGHT="84" WIDTH="189" HPOS="823" VPOS="2670" CONTENT="langt" WC="0.73" LANG="dan"/>
							<SP ID="SP120" WIDTH="29" HPOS="1012" VPOS="2670"/>
							<String ID="STRING141" STYLEREFS="STYLE1" HEIGHT="90" WIDTH="109" HPOS="1041" VPOS="2659" CONTENT="fra" WC="0.52" LANG="dan"/>
							<SP ID="SP121" WIDTH="31" HPOS="1150" VPOS="2659"/>
							<String ID="STRING142" STYLEREFS="STYLE1" HEIGHT="95" WIDTH="273" HPOS="1181" VPOS="2654" CONTENT="derefter" WC="0.74" LANG="dan"/>
							<SP ID="SP122" WIDTH="37" HPOS="1454" VPOS="2654"/>
							<String ID="STRING143" STYLEREFS="STYLE1" HEIGHT="91" WIDTH="125" HPOS="1491" VPOS="2654" CONTENT="har" WC="0.71" LANG="dan"/>
							<SP ID="SP123" WIDTH="34" HPOS="1616" VPOS="2654"/>
							<String ID="STRING144" STYLEREFS="STYLE2" HEIGHT="90" WIDTH="295" HPOS="1650" VPOS="2651" CONTENT="fuldkom" SUBS_TYPE="HypPart1" SUBS_CONTENT="fuldkom«meLt-'sGudszs«-kl)elige" WC="0.8" LANG="dan"/>
							<HYP CONTENT="-"/>
						</TextLine>
						<TextLine ID="LINE22" HEIGHT="105" WIDTH="1720" HPOS="254" VPOS="2756">
							<String ID="STRING145" STYLEREFS="STYLE3" HEIGHT="98" WIDTH="688" HPOS="254" VPOS="2763" CONTENT="«meLt-'sGudszs«-kl)elige" SUBS_TYPE="HypPart2" SUBS_CONTENT="fuldkom«meLt-'sGudszs«-kl)elige" WC="0.79" LANG="dan"/>
							<SP ID="SP124" WIDTH="-495" HPOS="942" VPOS="2763"/>
							<String ID="STRING146" STYLEREFS="STYLE1" HEIGHT="85" WIDTH="218" HPOS="447" VPOS="2774" CONTENT="Guds" WC="0.47" LANG="dan"/>
							<SP ID="SP125" WIDTH="58" HPOS="665" VPOS="2774"/>
							<String ID="STRING147" STYLEREFS="STYLE1" HEIGHT="93" WIDTH="220" HPOS="723" VPOS="2763" CONTENT="hellige" WC="0.84" LANG="dan"/>
							<SP ID="SP126" WIDTH="59" HPOS="943" VPOS="2763"/>
							<String ID="STRING148" STYLEREFS="STYLE1" HEIGHT="91" WIDTH="276" HPOS="1002" VPOS="2757" CONTENT="Billie," WC="0.89" LANG="dan"/>
							<SP ID="SP127" WIDTH="75" HPOS="1278" VPOS="2757"/>
							<String ID="STRING149" STYLEREFS="STYLE1" HEIGHT="58" WIDTH="174" HPOS="1353" VPOS="2776" CONTENT="naar" WC="0.93" LANG="dan"/>
							<SP ID="SP128" WIDTH="64" HPOS="1527" VPOS="2776"/>
							<String ID="STRING150" STYLEREFS="STYLE1" HEIGHT="57" WIDTH="162" HPOS="1591" VPOS="2774" CONTENT="man" WC="0.85" LANG="dan"/>
							<SP ID="SP129" WIDTH="58" HPOS="1753" VPOS="2774"/>
							<String ID="STRING151" STYLEREFS="STYLE3" HEIGHT="87" WIDTH="163" HPOS="1811" VPOS="2756" CONTENT="Skyer" WC="0.71" LANG="dan"/>
						</TextLine>
						<TextLine ID="LINE23" HEIGHT="106" WIDTH="1677" HPOS="270" VPOS="2853">
							<String ID="STRING152" STYLEREFS="STYLE1" HEIGHT="79" WIDTH="299" HPOS="270" VPOS="2880" CONTENT="Kiodets" WC="0.48" LANG="dan"/>
							<SP ID="SP130" WIDTH="29" HPOS="569" VPOS="2880"/>
							<String ID="STRING153" STYLEREFS="STYLE1" HEIGHT="77" WIDTH="323" HPOS="598" VPOS="2873" CONTENT="udvortes" WC="0.68" LANG="dan"/>
							<SP ID="SP131" WIDTH="33" HPOS="921" VPOS="2873"/>
							<String ID="STRING154" STYLEREFS="STYLE1" HEIGHT="91" WIDTH="453" HPOS="954" VPOS="2860" CONTENT="Gierninger;" WC="0.92" LANG="dan"/>
							<SP ID="SP132" WIDTH="39" HPOS="1407" VPOS="2860"/>
							<String ID="STRING155" STYLEREFS="STYLE1" HEIGHT="59" WIDTH="147" HPOS="1446" VPOS="2876" CONTENT="men" WC="0.79" LANG="dan"/>
							<SP ID="SP133" WIDTH="35" HPOS="1593" VPOS="2876"/>
							<String ID="STRING156" STYLEREFS="STYLE1" HEIGHT="85" WIDTH="175" HPOS="1628" VPOS="2854" CONTENT="Gud" WC="0.57" LANG="dan"/>
							<SP ID="SP134" WIDTH="39" HPOS="1803" VPOS="2854"/>
							<String ID="STRING157" STYLEREFS="STYLE1" HEIGHT="90" WIDTH="105" HPOS="1842" VPOS="2853" CONTENT="for" SUBS_TYPE="HypPart1" SUBS_CONTENT="fordrer" WC="0.44" LANG="dan"/>
							<HYP CONTENT="-"/>
						</TextLine>
						<TextLine ID="LINE24" HEIGHT="112" WIDTH="1701" HPOS="273" VPOS="2953">
							<String ID="STRING158" STYLEREFS="STYLE1" HEIGHT="71" WIDTH="151" HPOS="273" VPOS="2988" CONTENT="drer" SUBS_TYPE="HypPart2" SUBS_CONTENT="fordrer" WC="0.52" LANG="dan"/>
							<SP ID="SP135" WIDTH="39" HPOS="424" VPOS="2988"/>
							<String ID="STRING159" STYLEREFS="STYLE1" HEIGHT="70" WIDTH="81" HPOS="463" VPOS="2995" CONTENT="og" WC="0.34" LANG="dan"/>
							<SP ID="SP136" WIDTH="35" HPOS="544" VPOS="2995"/>
							<String ID="STRING160" STYLEREFS="STYLE1" HEIGHT="58" WIDTH="75" HPOS="579" VPOS="2990" CONTENT="en" WC="1" LANG="dan"/>
							<SP ID="SP137" WIDTH="37" HPOS="654" VPOS="2990"/>
							<String ID="STRING161" STYLEREFS="STYLE1" HEIGHT="75" WIDTH="347" HPOS="691" VPOS="2969" CONTENT="indvortes" WC="0.63" LANG="dan"/>
							<SP ID="SP138" WIDTH="37" HPOS="1038" VPOS="2969"/>
							<String ID="STRING162" STYLEREFS="STYLE1" HEIGHT="89" WIDTH="323" HPOS="1075" VPOS="2959" CONTENT="Lydighed" WC="0.51" LANG="dan"/>
							<SP ID="SP139" WIDTH="39" HPOS="1398" VPOS="2959"/>
							<String ID="STRING163" STYLEREFS="STYLE1" HEIGHT="87" WIDTH="77" HPOS="1437" VPOS="2956" CONTENT="af" WC="0.75" LANG="dan"/>
							<SP ID="SP140" WIDTH="31" HPOS="1514" VPOS="2956"/>
							<String ID="STRING164" STYLEREFS="STYLE1" HEIGHT="83" WIDTH="121" HPOS="1545" VPOS="2967" CONTENT="oS;" WC="0.7" LANG="dan"/>
							<SP ID="SP141" WIDTH="57" HPOS="1666" VPOS="2967"/>
							<String ID="STRING165" STYLEREFS="STYLE1" HEIGHT="72" WIDTH="81" HPOS="1723" VPOS="2974" CONTENT="og" WC="0.43" LANG="dan"/>
							<SP ID="SP142" WIDTH="39" HPOS="1804" VPOS="2974"/>
							<String ID="STRING166" STYLEREFS="STYLE1" HEIGHT="94" WIDTH="131" HPOS="1843" VPOS="2953" CONTENT="hvo" WC="0.53" LANG="dan"/>
						</TextLine>
						<TextLine ID="LINE25" HEIGHT="116" WIDTH="1705" HPOS="274" VPOS="3054">
							<String ID="STRING167" STYLEREFS="STYLE1" HEIGHT="93" WIDTH="257" HPOS="274" VPOS="3077" CONTENT="derfore" WC="0.71" LANG="dan"/>
							<SP ID="SP143" WIDTH="45" HPOS="531" VPOS="3077"/>
							<String ID="STRING168" STYLEREFS="STYLE1" HEIGHT="85" WIDTH="133" HPOS="576" VPOS="3075" CONTENT="fom" WC="0.53" LANG="dan"/>
							<SP ID="SP144" WIDTH="53" HPOS="709" VPOS="3075"/>
							<String ID="STRING169" STYLEREFS="STYLE1" HEIGHT="88" WIDTH="267" HPOS="762" VPOS="3064" CONTENT="aleneste" WC="0.9" LANG="dan"/>
							<SP ID="SP145" WIDTH="33" HPOS="1029" VPOS="3064"/>
							<String ID="STRING170" STYLEREFS="STYLE1" HEIGHT="87" WIDTH="121" HPOS="1062" VPOS="3061" CONTENT="feer" WC="1" LANG="dan"/>
							<SP ID="SP146" WIDTH="37" HPOS="1183" VPOS="3061"/>
							<String ID="STRING171" STYLEREFS="STYLE1" HEIGHT="69" WIDTH="137" HPOS="1220" VPOS="3079" CONTENT="paa" WC="0.79" LANG="dan"/>
							<SP ID="SP147" WIDTH="33" HPOS="1357" VPOS="3079"/>
							<String ID="STRING172" STYLEREFS="STYLE1" HEIGHT="60" WIDTH="75" HPOS="1390" VPOS="3075" CONTENT="en" WC="1" LANG="dan"/>
							<SP ID="SP148" WIDTH="29" HPOS="1465" VPOS="3075"/>
							<String ID="STRING173" STYLEREFS="STYLE1" HEIGHT="83" WIDTH="293" HPOS="1494" VPOS="3054" CONTENT="Qvinde" WC="0.77" LANG="dan"/>
							<SP ID="SP149" WIDTH="47" HPOS="1787" VPOS="3054"/>
							<String ID="STRING174" STYLEREFS="STYLE1" HEIGHT="70" WIDTH="145" HPOS="1834" VPOS="3064" CONTENT="med" WC="0.75" LANG="dan"/>
						</TextLine>
						<TextLine ID="LINE26" HEIGHT="117" WIDTH="1704" HPOS="276" VPOS="3154">
							<String ID="STRING175" STYLEREFS="STYLE1" HEIGHT="95" WIDTH="264" HPOS="276" VPOS="3176" CONTENT="ukydffe" WC="0.47" LANG="dan"/>
							<SP ID="SP150" WIDTH="34" HPOS="540" VPOS="3176"/>
							<String ID="STRING176" STYLEREFS="STYLE1" HEIGHT="68" WIDTH="82" HPOS="574" VPOS="3192" CONTENT="og" WC="0.37" LANG="dan"/>
							<SP ID="SP151" WIDTH="38" HPOS="656" VPOS="3192"/>
							<String ID="STRING177" STYLEREFS="STYLE1" HEIGHT="62" WIDTH="194" HPOS="694" VPOS="3183" CONTENT="urene" WC="0.87" LANG="dan"/>
							<SP ID="SP152" WIDTH="29" HPOS="888" VPOS="3183"/>
							<String ID="STRING178" STYLEREFS="STYLE1" HEIGHT="92" WIDTH="231" HPOS="917" VPOS="3161" CONTENT="Øyne," WC="0.81" LANG="dan"/>
							<SP ID="SP153" WIDTH="42" HPOS="1148" VPOS="3161"/>
							<String ID="STRING179" STYLEREFS="STYLE1" HEIGHT="58" WIDTH="70" HPOS="1190" VPOS="3177" CONTENT="at" WC="0.62" LANG="dan"/>
							<SP ID="SP154" WIDTH="39" HPOS="1260" VPOS="3177"/>
							<String ID="STRING180" STYLEREFS="STYLE3" HEIGHT="88" WIDTH="265" HPOS="1299" VPOS="3160" CONTENT="begjære" WC="0.79" LANG="dan"/>
							<SP ID="SP155" WIDTH="37" HPOS="1564" VPOS="3160"/>
							<String ID="STRING181" STYLEREFS="STYLE1" HEIGHT="92" WIDTH="223" HPOS="1601" VPOS="3154" CONTENT="hende," WC="0.75" LANG="dan"/>
							<SP ID="SP156" WIDTH="33" HPOS="1824" VPOS="3154"/>
							<String ID="STRING182" STYLEREFS="STYLE1" HEIGHT="64" WIDTH="123" HPOS="1857" VPOS="3167" CONTENT="den" WC="0.75" LANG="dan"/>
						</TextLine>
						<TextLine ID="LINE27" HEIGHT="117" WIDTH="1702" HPOS="279" VPOS="3255">
							<String ID="STRING183" STYLEREFS="STYLE1" HEIGHT="90" WIDTH="127" HPOS="279" VPOS="3282" CONTENT="har" WC="0.65" LANG="dan"/>
							<SP ID="SP157" WIDTH="49" HPOS="406" VPOS="3282"/>
							<String ID="STRING184" STYLEREFS="STYLE1" HEIGHT="76" WIDTH="272" HPOS="455" VPOS="3278" CONTENT="allerede" WC="0.82" LANG="dan"/>
							<SP ID="SP158" WIDTH="52" HPOS="727" VPOS="3278"/>
							<String ID="STRING185" STYLEREFS="STYLE1" HEIGHT="76" WIDTH="298" HPOS="779" VPOS="3268" CONTENT="bedrever" WC="0.57" LANG="dan"/>
							<SP ID="SP159" WIDTH="50" HPOS="1077" VPOS="3268"/>
							<String ID="STRING186" STYLEREFS="STYLE1" HEIGHT="95" WIDTH="192" HPOS="1127" VPOS="3262" CONTENT="Hver" WC="0.53" LANG="dan"/>
							<SP ID="SP160" WIDTH="56" HPOS="1319" VPOS="3262"/>
							<String ID="STRING187" STYLEREFS="STYLE1" HEIGHT="71" WIDTH="144" HPOS="1375" VPOS="3266" CONTENT="med" WC="0.65" LANG="dan"/>
							<SP ID="SP161" WIDTH="51" HPOS="1519" VPOS="3266"/>
							<String ID="STRING188" STYLEREFS="STYLE1" HEIGHT="95" WIDTH="199" HPOS="1570" VPOS="3255" CONTENT="hende" WC="1" LANG="dan"/>
							<SP ID="SP162" WIDTH="58" HPOS="1769" VPOS="3255"/>
							<String ID="STRING189" STYLEREFS="STYLE1" HEIGHT="73" WIDTH="18" HPOS="1827" VPOS="3258" CONTENT="i" WC="0.85" LANG="dan"/>
							<SP ID="SP163" WIDTH="58" HPOS="1845" VPOS="3258"/>
							<String ID="STRING190" STYLEREFS="STYLE1" HEIGHT="87" WIDTH="78" HPOS="1903" VPOS="3257" CONTENT="sit" WC="0.7" LANG="dan"/>
						</TextLine>
						<TextLine ID="LINE28" HEIGHT="99" WIDTH="261" HPOS="282" VPOS="3380">
							<String ID="STRING191" STYLEREFS="STYLE1" HEIGHT="99" WIDTH="261" HPOS="282" VPOS="3380" CONTENT="Hierre." WC="0.58" LANG="dan"/>
						</TextLine>
					</TextBlock>
					<TextBlock xs:type="TextBlockType" ID="ZONE1196847" HEIGHT="224" WIDTH="1702" HPOS="287" VPOS="3448" xlink:type="simple">
						<TextLine ID="LINE29" HEIGHT="109" WIDTH="1557" HPOS="427" VPOS="3454">
							<String ID="STRING192" STYLEREFS="STYLE1" HEIGHT="91" WIDTH="133" HPOS="427" VPOS="3472" CONTENT="De" WC="0.64" LANG="dan"/>
							<SP ID="SP164" WIDTH="31" HPOS="560" VPOS="3472"/>
							<String ID="STRING193" STYLEREFS="STYLE1" HEIGHT="93" WIDTH="341" HPOS="591" VPOS="3470" CONTENT="Synder," WC="0.57" LANG="dan"/>
							<SP ID="SP165" WIDTH="66" HPOS="932" VPOS="3470"/>
							<String ID="STRING194" STYLEREFS="STYLE2" HEIGHT="93" WIDTH="133" HPOS="998" VPOS="3458" CONTENT="som" WC="0.76" LANG="dan"/>
							<SP ID="SP166" WIDTH="44" HPOS="1131" VPOS="3458"/>
							<String ID="STRING195" STYLEREFS="STYLE1" HEIGHT="96" WIDTH="109" HPOS="1175" VPOS="3459" CONTENT="hid" WC="0.76" LANG="dan"/>
							<SP ID="SP167" WIDTH="41" HPOS="1284" VPOS="3459"/>
							<String ID="STRING196" STYLEREFS="STYLE1" HEIGHT="89" WIDTH="335" HPOS="1325" VPOS="3460" CONTENT="henhøre," WC="0.77" LANG="dan"/>
							<SP ID="SP168" WIDTH="69" HPOS="1660" VPOS="3460"/>
							<String ID="STRING197" STYLEREFS="STYLE1" HEIGHT="57" WIDTH="99" HPOS="1729" VPOS="3472" CONTENT="ere" WC="0.79" LANG="dan"/>
							<SP ID="SP169" WIDTH="55" HPOS="1828" VPOS="3472"/>
							<String ID="STRING198" STYLEREFS="STYLE1" HEIGHT="76" WIDTH="101" HPOS="1883" VPOS="3454" CONTENT="vel" WC="0.8" LANG="dan"/>
						</TextLine>
						<TextLine ID="LINE30" HEIGHT="112" WIDTH="1671" HPOS="288" VPOS="3557">
							<String ID="STRING199" STYLEREFS="STYLE1" HEIGHT="89" WIDTH="111" HPOS="288" VPOS="3578" CONTENT="fan" WC="0.71" LANG="dan"/>
							<SP ID="SP170" WIDTH="47" HPOS="399" VPOS="3578"/>
							<String ID="STRING200" STYLEREFS="STYLE1" HEIGHT="95" WIDTH="325" HPOS="446" VPOS="3574" CONTENT="beffafne," WC="0.76" LANG="dan"/>
							<SP ID="SP171" WIDTH="59" HPOS="771" VPOS="3574"/>
							<String ID="STRING201" STYLEREFS="STYLE1" HEIGHT="62" WIDTH="73" HPOS="830" VPOS="3583" CONTENT="at" WC="0.19" LANG="dan"/>
							<SP ID="SP172" WIDTH="49" HPOS="903" VPOS="3583"/>
							<String ID="STRING202" STYLEREFS="STYLE1" HEIGHT="74" WIDTH="75" HPOS="952" VPOS="3570" CONTENT="de" WC="0.62" LANG="dan"/>
							<SP ID="SP173" WIDTH="47" HPOS="1027" VPOS="3570"/>
							<String ID="STRING203" STYLEREFS="STYLE1" HEIGHT="59" WIDTH="99" HPOS="1074" VPOS="3581" CONTENT="ere" WC="0.77" LANG="dan"/>
							<SP ID="SP174" WIDTH="55" HPOS="1173" VPOS="3581"/>
							<String ID="STRING204" STYLEREFS="STYLE1" HEIGHT="93" WIDTH="305" HPOS="1228" VPOS="3559" CONTENT="ffændige" WC="0.62" LANG="dan"/>
							<SP ID="SP175" WIDTH="51" HPOS="1533" VPOS="3559"/>
							<String ID="STRING205" STYLEREFS="STYLE1" HEIGHT="86" WIDTH="211" HPOS="1584" VPOS="3564" CONTENT="endog" WC="0.75" LANG="dan"/>
							<SP ID="SP176" WIDTH="36" HPOS="1795" VPOS="3564"/>
							<String ID="STRING206" STYLEREFS="STYLE3" HEIGHT="71" WIDTH="128" HPOS="1831" VPOS="3557" CONTENT="Mee" WC="0.76" LANG="dan"/>
						</TextLine>
					</TextBlock>
					<TextBlock xs:type="TextBlockType" ID="ZONE1196848" HEIGHT="68" WIDTH="163" HPOS="1825" VPOS="3660" xlink:type="simple">
						<TextLine ID="LINE31" HEIGHT="66" WIDTH="163" HPOS="1825" VPOS="3661">
							<String ID="STRING207" STYLEREFS="STYLE1" HEIGHT="66" WIDTH="163" HPOS="1825" VPOS="3661" CONTENT="nette" WC="0.69" LANG="dan"/>
						</TextLine>
					</TextBlock>
				</ComposedBlock>
			</PrintSpace>
		</Page>
	</Layout>
</alto>
