2944 4670
1033 614 100 58 IS

1027 795 223 82 Guds
1289 787 239 93 kiereste
1553 783 243 91 Børn,
1831 781 133 90 som
2009 774 127 94 ofte
2173 773 211 92 revses
2419 767 83 89 af
2517 768 219 83 Guds

1028 892 305 92 faderlige
1368 888 261 97 Haand
1672 882 105 93 for
1818 888 181 73 deres
2028 873 376 95 Afvigelser,
2445 892 79 72 og
2566 871 17 70 i
2628 874 101 71 det

1024 991 229 89 øvrige
1292 991 73 73 de
1402 988 165 89 fleste
1612 982 205 83 Tider
1860 997 189 58 mane
2090 977 175 91 saae
2308 981 183 84 langt
2536 972 201 73 neden

1018 1089 116 91 .for
1179 1086 329 83 Verdens
1539 1079 217 83 Børn
1797 1078 19 78 i
1861 1081 103 73 det
2007 1074 269 92 timelige
2321 1071 245 80 Godes
2605 1062 100 85 Ud-

1028 1185 226 93 dejeisa
1362 1184 173 79 Men
1585 1207 21 50 i
1646 1176 381 95 Evigheden
2069 1171 125 93 skal
2238 1168 285 80 Skinlet
2564 1165 145 75 bort-

1030 1296 211 85 tages,
1276 1305 81 73 og
1382 1282 175 81 Gud
1596 1274 142 96 skal
1770 1271 409 83 aabenbares
2218 1268 125 89 heel
2410 1266 127 93 god
2578 1265 155 73 mod

1031 1391 131 91 sine
1185 1384 311 83 Venner,
1525 1397 81 74 og
1653 1380 183 75 deres
1865 1373 265 97 Fiende,
2169 1365 133 93 som
2347 1368 163 82 hade
2555 1363 179 90 ham;

1033 1485 127 96 Og
1213 1481 211 91 altsaa
1477 1476 127 80 kan
1661 1480 75 73 de
1789 1472 405 97 Fordømtes
2256 1463 304 88 Tilstand
2618 1458 124 80 ikke

1032 1587 165 79 blive
1242 1586 233 84 andet,
1520 1573 153 94 efter
1710 1578 119 74 alle
1874 1571 221 83 Guds
2138 1563 445 97 Egenffaber,
2624 1563 117 73 end

1031 1683 330 96 bestandig
1399 1681 129 88 stor
1571 1673 352 97 Jammer,
1967 1666 311 93 saalænge
2319 1669 183 73 deres
2543 1658 171 98 Hier-

1021 1805 95 60 rer
1159 1804 95 58 ere
1295 1775 329 96 bestandig
1673 1769 313 96 afvigede.

1205 1877 425 89 ’—Saalcenge
1672 1889 57 62 et
1768 1864 384 95 Menneskes
2198 1862 231 97 Hierte
2468 1859 277 94 regieres

1036 1978 81 93 af
1146 1975 355 101 Fiendffab
1543 1975 153 93 mod
1737 1969 202 91 Gud,
1979 1965 125 78 kan
2149 1965 131 92 han
2325 1960 121 78 ikke
2492 1973 256 62 artraae

1037 2081 223 80 Guds
1301 2072 347 94 Salighed
1672 2118 22 43 ,
1737 2074 141 72 eller
1923 2072 73 71 de
2035 2063 301 92 Saliges
2381 2056 363 95 Sælffab,

1037 2184 142 76 eller
1222 2178 177 89 finde
1438 2171 94 93 sig
1574 2169 19 76 i
1636 2172 75 76 de
1750 2165 485 97 Forretninger,
2282 2159 135 88 som
2462 2167 163 68 øves
2672 2149 89 98 af

1038 2287 77 73 de
1158 2277 217 93 hellige
1416 2267 283 99 Hierter.
1852 2261 189 85 Deri
2098 2279 65 58 er
2206 2259 161 76 altid
2428 2271 191 74 noget
2672 2272 47 67 n-

1041 2376 357 93 belzageligt
1457 2389 81 71 og
1599 2365 387 94 anstødeligt
2053 2354 107 96 for
2225 2362 75 71 de
2365 2356 389 75 uomvendte

1038 2477 298 96 Hierter,
1382 2468 133 89 som
1565 2467 235 87 tydelig
1840 2461 125 77 kan
2006 2459 253 77 Kendes
2309 2450 80 92 af
2420 2451 331 94 saadanne

1041 2571 420 94 Menneskers
1520 2562 399 92 Sindelaug
1980 2562 155 75 mod
2192 2555 223 80 Guds
2472 2551 251 80 Naade-

1041 2673 465 91 Virkninger,
1579 2675 73 70 de
1721 2661 347 87 Troendes
2139 2655 465 95 Forretninger
2673 2669 79 74 og

1041 2777 337 91 Omgang
1423 2767 109 94 her
1573 2767 19 74 i
1640 2760 310 85 Verden.
2077 2752 423 91 Menneskene
2543 2771 96 58 ere
2682 2754 71 71 de

1044 2877 241 93 samme
1336 2870 21 78 i
1412 2865 401 95 Evigheden.
1968 2856 287 98 Haarde
2316 2851 285 99 Pinsler
2676 2869 75 72 og

1045 2976 327 83 Smerter
1410 2969 144 77 ville
1598 2966 121 91 vist
1758 2959 126 80 nok
1926 2962 178 90 giøre
2149 2961 143 74 dem
2339 2954 165 77 Kede
2546 2947 78 94 af
2657 2952 69 74 de-

1037 3088 115 72 res
1195 3061 621 104 Opholds-Stæd,
1877 3079 147 57 men
2067 3058 211 89 aldrig
2319 3053 207 93 villige
2571 3053 67 76 ti!
2683 3063 67 60 at

1046 3180 169 78 blive
1256 3170 189 93 salige
1482 3162 155 93 efter
1678 3162 219 83 Guds
1942 3158 241 83 Orden
2228 3176 81 71 og
2356 3152 289 86 Maade,
2677 3164 51 76 sn-

1048 3283 123 76 den
1199 3268 102 98 for
1327 3268 258 92 saavidt
1628 3268 105 74 det
1769 3260 210 79 kunde
2006 3275 168 60 være
2206 3272 54 62 et
2289 3251 267 81 Middel
2586 3253 67 79 til
2688 3263 68 64 at

1049 3378 199 98 hielpe
1289 3375 145 76 dem
1473 3362 77 96 af
1583 3368 145 74 med
1771 3364 183 76 deres
1997 3355 329 99 Pinsler;
2393 3366 147 64 men
2585 3349 171 81 Gud

1049 3482 92 78 vil
1176 3481 87 73 da
1300 3473 189 90 ingen
1518 3462 289 99 Hyklere
1836 3461 143 79 vide
2000 3453 81 97 af
2112 3458 21 75 i
2174 3457 79 95 sit
2280 3452 195 95 Rige.
2578 3447 151 83 End-

1048 3600 95 58 nu
1184 3570 249 86 mindre
1470 3568 87 80 vil
1606 3565 135 91 han
1782 3562 269 81 indrette
2096 3560 81 93 sit
2218 3552 177 98 Rige
2439 3551 133 97 paa
2597 3545 133 113 Wa

2647 3648 103 96 ho-

1157 4367 39 81 (
