3004 4670
1643 483 80 68 33

189 659 260 96 Væsen
491 679 82 78 og
615 657 152 82 boer
815 659 200 96 ogsaa
1059 661 20 76 i
1107 663 88 92 sig
1227 657 156 90 selv:
1447 653 284 100 Ligesom

193 773 386 100 Himmel-n
627 771 310 94 behersker
981 769 288 84 Verven
1323 791 80 72 og
1453 769 252 96 Evighe-

195 895 124 72 den
369 881 310 98 behersker
711 879 270 98 Tilden,
1051 881 288 94 saaledes
1379 877 232 100 hersker
1647 901 88 76 og

194 993 484 98 Kjærligheden
711 1013 154 60 over
901 1005 100 66 der
1033 995 322 92 naturlige
1389 993 130 82 Liv.

331 1123 48 62 2
403 1123 64 82 z.
535 1095 452 108 Discipelen
1035 1101 216 96 sagve:
1315 1101 222 82 Kiære
1579 1101 128 80 Me-

195 1221 158 84 ster!
401 1215 184 96 Siig
619 1237 138 72 mig
791 1227 164 82 dog,
994 1211 300 96 hvorfor-:
1333 1211 406 96 Kiærlighed

199 1349 86 76 og
313 1325 270 98 Lidelse,
631 1322 177 86 Ven
843 1347 82 72 og
959 1325 228 96 Uven,
1225 1345 192 62 maae
1447 1345 166 60 være
1641 1325 72 76 til-

197 1443 334 90 sammen:
593 1457 128 58 var
777 1445 102 72 der
925 1435 126 80 ikke
1097 1437 186 80 bedre
1331 1453 72 64 ar
1449 1445 110 72 der
1615 1451 128 64 var

201 1553 124 78 idel
369 1545 450 98 Kiærlighed?

331 1653 402 102 Mesteren
797 1657 302 92 svarede:
1165 1653 304 96 Dersom
1525 1655 188 84 Kiær-

203 1769 292 96 ligheden
527 1765 128 82 ikke
685 1767 192 78 boede
913 1765 124 98 hos
1073 1769 262 96 Lidelse,
1381 1769 114 90 saa
1533 1767 212 84 havde

205 1891 122 70 den
354 1884 161 73 intet
545 1879 136 92 som
711 1887 116 70 den
857 1875 208 82 kunde
1095 1875 184 100 elske;
1313 1879 176 80 Men
1519 1875 228 94 efterdi

209 2001 164 70 dens
417 1987 254 96 Væsen
709 2009 66 56 er
821 2007 70 60 at
935 1987 144 94 elfte
1127 2001 122 66 den
1277 2009 186 58 arme
1501 1987 246 96 fangne

207 2093 196 91 Sjæl
461 2101 136 90 som
643 2105 211 88 saaer
889 2099 20 76 i
943 2097 222 94 Lidelse
1199 2119 80 74 og
1315 2095 246 102 Pilne,
1629 2103 118 90 saa

213 2213 206 96 haver
485 2219 122 68 den
663 2207 262 94 Aarsag
991 2211 74 76 til
1129 2223 72 64 at
1263 2207 144 94 elske
1471 2213 76 94 sit
1609 2223 138 82 eget

213 2321 298 92 Væsen,
559 2339 82 76 og
673 2335 68 62 at
775 2329 186 68 redde
995 2325 104 72 det
1141 2317 80 94 af
1259 2315 296 99 Mine-n-
1605 2341 142 74 paa

211 2441 102 72 det
351 2443 120 68 den
501 2431 170 78 kanD
699 2437 198 72 vorde
931 2425 168 96 elfter
1129 2429 206 98 iglen;
1373 2425 372 102 Desuden,

215 2545 116 90 faa
365 2541 202 80 kunde
611 2541 52 92 ej
697 2539 186 96 heller
929 2537 256 80 kiendes
1213 2539 174 96 hvad
1433 2537 282 100 Kiærlig-

215 2653 118 94 hed
361 2671 164 76 var,
575 2653 248 94 dersom
863 2657 122 72 den
1013 2647 128 82 Ikke
1179 2649 210 100 havde
1421 2659 140 88 det,
1605 2653 140 92 som

209 2771 128 74 den
385 2775 130 82 gad
555 2761 162 94 elfte.

349 2865 136 88 26.
551 2863 448 108 Discipelen
1047 2871 302 98 spurgte:
1415 2867 214 102 Hvad
1673 2889 70 64 er

215 2981 482 100 Kiærligheden
741 2985 18 76 i
793 2987 96 96 sin
933 2981 210 96 Kraft
1187 3003 82 76 og
1307 2979 220 102 Dyd,
1573 2983 174 96 samt

217 3099 24 78 i
275 3099 94 98 sin
393 3091 266 98 Højhed
689 3115 84 76 og
805 3093 332 98 Storhed.

347 3199 398 104 Mesteren
805 3205 304 92 svarede:
1173 3201 220 90 Dens
1437 3201 186 100 Dyd
1679 3221 70 66 er

217 3323 104 74 det
353 3315 222 98 Intet,
607 3337 82 74 og
717 3321 162 76 dens
897 3315 210 92 Kraft
1151 3319 600 94 igiennemtrænger

219 3433 120 84 M
367 3425 210 102 Tmg:
643 3423 218 98 Dens
889 3425 268 104 Højhed
1189 3451 68 64 er
1297 3429 114 98 saa
1459 3427 108 96 hoj
1611 3425 140 94 som

991 3537 68 92 C
1399 3535 230 102 GUv,
