2865 4665
1744 585 102 89 -9

140 765 214 78 danne
416 757 412 99 begyndende
894 760 418 101 Virkninger
1370 765 84 96 af
1498 765 344 87 Madens

140 853 234 100 Kraft,
420 881 78 75 og
542 866 266 74 derover
854 862 164 80 blive
1060 864 204 93 ssildte
1304 873 118 72 ved
1468 873 72 74 de
1582 867 230 94 paaføl-

136 965 193 94 gende
370 961 231 94 større:
680 960 183 82 Saa
908 962 197 80 bliver
1150 963 233 96 tilbage
1422 983 71 62 at
1534 969 307 95 betragte,

137 1081 110 58 om
301 1063 102 76 det
457 1080 64 60 er
563 1058 222 84 Guds
827 1060 402 98 Egenskaber
1283 1065 218 94 imod,
1567 1083 70 62 at
1693 1071 144 77 lade

137 1165 104 76 det
285 1157 178 82 beroe
503 1166 118 74 ved
665 1166 162 76 dette
873 1160 466 97 Naade-Kald
1387 1163 108 92 her
1539 1165 30 76 i
1601 1159 240 101 Tiden,

137 1263 142 74 eller
337 1279 108 58 om
505 1266 110 74 der
673 1282 62 56 er
795 1278 190 72 noget
1043 1279 186 62 enten
1283 1263 124 86 hos
1471 1263 174 84 Gud
1700 1269 146 73 eller

139 1349 392 103 Mennesket,
573 1354 136 96 som
751 1356 348 96 udfordrer
1141 1381 74 58 en
1253 1361 480 82 Continuarion
1773 1360 80 98 af

135 1453 338 84 Madens
511 1456 298 96 Arbeyde
845 1462 16 74 i
893 1458 404 96 Evigheden,
1337 1483 80 74 og
1463 1481 106 60 om
1603 1456 226 100 Skrif-

143 1571 104 66 ten
307 1565 178 86 giver
541 1568 80 68 os
679 1574 190 78 noget
911 1558 216 98 Haab
1175 1581 108 56 om
1325 1559 246 94 saadan
1615 1560 201 82 Conti-

138 1657 294 95 snuatien’
593 1654 187 96 Tage
834 1658 64 78 vi
956 1680 92 56 nu
1109 1661 101 76 det
1251 1663 179 92 sidste
1477 1657 205 98 først,
1734 1681 112 59 om

134 1751 320 96 Skriften
510 1756 178 94 giver
746 1766 80 66 os
888 1772 190 78 noget
1136 1761 120 88 vist
1318 1757 216 98 Haab
1602 1779 108 58 om
1768 1780 78 60 en

136 1851 500 100 Prolongation
678 1848 80 98 af
782 1852 336 84 Madens
1156 1855 298 94 Arbeyde
1500 1853 150 96 efter
1674 1855 146 89 Dø-

136 1959 164 90 den,
348 1953 110 92 saa
500 1956 216 92 findes
764 1958 110 76 der
916 1954 124 78 ikke
1082 1973 88 62 eet
1212 1955 236 96 Sted,
1504 1955 134 92 som
1680 1960 138 92 posi-

138 2051 128 82 tive
304 2052 338 96 udtrykker
690 2060 144 88 det,
882 2074 144 58 men
1070 2059 98 74 vel
1212 2053 316 96 følgende,
1572 2051 132 96 fom
1750 2053 70 83 be-

138 2167 148 80 tage
330 2163 82 68 os
442 2157 100 75 det
564 2152 246 96 Haab:
838 2158 88 82 (a)
966 2150 318 91 Saasom
1314 2153 122 78 ikke
1458 2161 196 72 allene
1680 2149 142 89 Sie-

138 2255 100 74 len
254 2301 21 44 ,
322 2267 148 62 men
514 2270 81 72 og
632 2248 280 96 Legemet
950 2270 64 58 er
1060 2250 304 91 besmittet
1406 2257 144 74 med
1594 2251 255 95 Synd,

144 2367 86 74 og
273 2349 192 94 begge
501 2346 184 86 Dele
729 2346 254 96 følgelig
1031 2348 120 79 bør
1195 2351 236 92 hielpes
1483 2355 118 74 ved
1651 2349 170 82 Naa-

143 2451 150 90 den,
335 2447 112 90 saa
491 2446 122 78 kan
657 2448 154 76 intet
847 2444 290 82 Mades
1179 2447 298 94 Arbeyde
1515 2443 334 101 foretages

135 2551 148 74 med
341 2551 74 74 de
477 2536 264 100 Afdøde
799 2544 20 78 i
881 2548 102 76 det
1031 2544 428 96 Intervalls,
1525 2529 324 101 indtil'dr

135 2635 148 104 faae
339 2649 182 76 deres
563 2642 286 96 Legemer
907 2644 208 97 igien;
1185 2647 94 92 thi
1323 2645 176 84 Gud
1545 2651 86 76 vil
1679 2647 170 86 have

139 2765 84 74 og
277 2759 236 80 oprette
567 2744 94 78 alt
709 2748 104 76 der
851 2742 240 92 samme
1139 2745 124 94 hos
1309 2745 368 96 Mennesket
1725 2752 120 74 ved

141 2837 252 106 Troen,
441 2837 132 95 som
619 2842 130 98 han
793 2862 130 74 gav
969 2848 104 74 det
1115 2847 18 74 i
1177 2839 400 102 Skabelsen,
1625 2845 228 94 hvilket

143 2941 125 80 ikke
319 2939 191 82 allene
567 2940 227 96 strakte
851 2944 93 96 sig
989 2944 69 78 til
1101 2938 283 99 Sielen,
1453 2965 143 58 men
1655 2965 77 74 og
1781 2948 71 78 til

138 3039 320 97 Legemet,
506 3038 132 94 som
680 3043 206 91 saaer
940 3042 20 78 i
1006 3045 252 90 noyeste
1300 3043 356 96 Foreening
1702 3050 146 74 med

140 3139 284 96 Sielen;
482 3136 386 94 derforuden
916 3142 184 94 heder
1146 3151 124 84 det,
1314 3161 72 60 at
1428 3151 74 72 de
1546 3141 302 88 Troende

142 3235 208 100 skulde
390 3259 118 59 ære
552 3238 202 96 Gud,
796 3238 120 80 ikke
960 3246 204 75 allene
1202 3247 144 74 med
1394 3245 180 76 deres
1616 3241 230 97 Aand,

144 3357 146 60 men
352 3355 80 76 og
490 3344 142 74 med
676 3344 180 72 deres
900 3338 326 97 Legemer,
1290 3339 228 98 hvilket
1556 3341 122 78 ikke
1722 3339 126 81 kan

144 3437 164 94 skee,
378 3433 230 96 førend
662 3436 166 82 Siel
890 3460 80 72 og
1028 3438 256 95 Legeme
1344 3439 234 90 samles
1640 3443 208 91 igien;

144 3537 88 82 da
274 3537 66 82 vi
380 3534 98 99 (b)
528 3534 120 96 har
692 3554 74 66 at
804 3552 170 84 agte,
1016 3556 72 60 ar
1132 3535 112 98 saa
1290 3539 120 98 stal
1454 3545 200 78 denne
1677 3535 138 113 For-

177 3646 205 61 tg:»-
1039 3662 44 52 2
1663 3637 186 97 ening
