3004 4670
1653 495 94 70 47

205 665 242 96 timelig
475 657 272 104 Vellyst
779 683 238 62 meere:
1085 663 372 98 dertilmed,
1524 663 221 100 saaer
1677 691 68 60 er

207 803 86 72 og
333 787 100 72 der
481 785 318 72 udvortes
833 771 330 90 Verdens
1195 777 126 94 Lys
1365 781 248 98 udslukt
1643 779 106 100 for

205 899 164 90 den,
407 911 80 74 og
517 899 88 68 da
631 890 212 92 saaer
871 899 120 70 den
1019 895 112 74 udi
1163 911 74 56 en
1271 891 140 94 evig
1431 887 200 102 Forst
1665 915 86 74 og

207 997 288 102 Hunger
539 997 156 98 efter
739 1011 122 68 den
909 1001 244 94 samme
1189 999 566 98 Forfængelighed

207 1113 316 94 hvormed
573 1123 122 68 ven
741 1111 202 94 haver
991 1111 110 98 her
1145 1117 20 72 i
1207 1109 208 92 Tiden
1461 1111 290 96 forlyster

207 1227 134 90 sig;
407 1221 174 82 Men
615 1227 298 92 erlanger
949 1223 152 78 intet
1135 1243 202 60 meere
1365 1221 222 100 deraf,
1623 1233 128 72 end

207 1335 130 80 kun
383 1339 234 74 alleene
663 1343 124 70 den
833 1335 194 78 blotte
1069 1331 184 98 falske
1285 1331 264 98 Villie,
1617 1337 138 86 som

207 1455 126 72 den
379 1445 204 92 haver
635 1441 298 92 indfattet
987 1445 18 76 i
1049 1449 122 92 sig:
1239 1443 128 88 De
1395 1443 180 96 Ting
1619 1445 138 92 som

209 1563 126 74 den
365 1557 20 74 i
419 1565 164 70 dette
609 1553 110 84 Liv
751 1553 200 96 haver
993 1553 158 100 havt
1183 1553 310 98 formeget
1527 1553 106 96 af,
1669 1579 86 72 og

209 1675 130 86 dog
369 1663 126 82 ikke
531 1673 170 72 ladet
735 1667 90 94 sig
855 1685 204 76 noye,
1095 1673 146 72 dem
1275 1665 120 98 har
1427 1679 120 68 den
1583 1665 176 98 hisset

209 1775 260 98 forlivet
507 1775 94 96 af,
637 1773 218 92 derfor
887 1795 66 58 er
983 1787 120 68 ven
1131 1777 18 74 i
1179 1799 74 56 en
1287 1779 142 94 evig
1465 1773 296 100 Hunger

211 1909 84 74 og
321 1887 202 96 Tørst
563 1883 180 102 (som
773 1885 346 98 begiærer)
1153 1885 608 100 Forfængelighed,

213 1997 320 94 Ondskab
569 2019 82 74 og
683 1993 488 102 Letfærdighed:
1237 1997 130 84 De
1397 2003 148 74 ville
1575 2001 188 78 altiid

213 2129 86 74 og
333 2109 226 96 stedse,
623 2109 214 94 gierne
865 2113 182 88 giøre
1073 2129 202 58 meere
1303 2105 242 96 Ondt,
1613 2129 152 60 men

215 2219 224 98 efterdi
457 2231 76 68 de
553 2217 168 98 have
751 2221 158 78 intet
939 2217 134 92 som
1105 2229 74 70 de
1199 2219 202 78 kunde
1423 2217 344 94 fuldbyrde

215 2339 106 74 det
351 2333 154 92 udi,
555 2331 114 92 saa
701 2327 156 96 skeer
889 2327 252 92 saadan
1175 2327 356 96 Ondskabs
1557 2329 176 98 Fuld-

217 2441 284 96 byrdelse
563 2445 22 76 i
641 2451 146 68 dem
845 2441 142 88 selv.
1095 2441 320 82 Saadan
1475 2437 254 98 Helved-

213 2553 290 98 Hunger
527 2573 82 74 og
627 2549 200 94 Tørst
847 2551 170 80 kand
1037 2547 126 84 ikke
1189 2549 572 96 fuldkommeligen

213 2673 200 72 vorde
444 2662 402 80 aabenbarer
877 2663 24 74 i
927 2669 274 74 dennem
1229 2663 228 94 førend
1475 2661 290 96 Legemet

215 2783 202 88 døer,
507 2787 146 68 med
713 2771 232 102 hvilket
997 2783 76 68 de
1129 2773 108 98 her
1293 2773 164 94 have
1511 2771 182 98 horet
1735 2775 28 78 i

215 2881 386 100 Vellyster;
663 2881 136 98 Thi
831 2881 284 98 Legemet
1159 2885 298 94 tilføyede
1487 2893 276 72 dennem

217 3003 144 88 det,
427 2995 136 90 som
589 3003 270 72 dennem
895 2999 226 92 lystede
1149 2993 170 92 efter.

347 3121 144 84 40.
559 3099 452 106 Discipelen
1073 3107 220 96 sagde:
1379 3103 256 90 Efterdi
1689 3119 74 68 at

217 3213 390 100 Himmelen
657 3239 80 74 og
785 3215 290 96 Helvede
1117 3219 20 76 i
1179 3231 198 66 denne
1429 3215 158 90 Tiid
1629 3235 66 60 er
1737 3217 26 78 i

221 3329 248 84 Smid
505 3331 18 72 i
557 3339 116 84 os,
711 3349 82 74 og
812 3324 184 83 Gud
1031 3351 66 58 er
1129 3339 78 70 os
1243 3331 112 92 saa
1387 3351 168 70 nær,
1593 3327 170 94 hvor

221 3439 156 86 boer
405 3449 88 76 da
527 3441 374 84 imidlertiid
931 3437 290 102 Englene
1259 3461 84 78 og
1377 3437 388 88 Dievlene?

1453 3545 154 92 Me
