2988 4670
1224 676 403 87 aabenbarer
1661 680 22 80 i
1709 676 314 95 Siælen,
2053 695 184 66 enten
2277 684 146 78 med
2455 682 100 80 det
2587 680 174 98 evige

1221 795 131 93 Lys
1387 790 125 98 hos
1531 788 317 101 Englene,
1879 795 141 78 eller
2055 801 143 72 med
2227 801 101 75 det
2357 792 173 98 evige
2547 792 213 84 Mørk

1220 899 136 105 hos
1396 900 374 88 Diævlene.

1350 1028 142 88 43.
1560 1001 456 113 Discipelen
2060 1011 220 98 sagde:
2328 1008 212 102 Hvad
2572 1034 66 60 er
2670 1022 90 74 da

1226 1146 78 60 en
1334 1124 214 96 Engel
1584 1130 142 74 eller
1766 1141 54 62 et
1855 1122 382 96 Menneskes
2266 1122 228 98 Siæl,
2540 1122 222 98 efterdi

1226 1230 229 88 Guds
1508 1232 400 99 Kjærlighed
1958 1253 82 76 og
2092 1231 240 88 Vrede
2388 1234 200 82 kunde
2644 1236 118 94 saa

1227 1346 378 84 aabenbare
1651 1348 92 94 sig
1777 1347 20 76 i
1825 1347 176 78 den?

1357 1450 398 100 Mesteren
1789 1455 298 90 svarede:
2127 1449 292 99 Englene
2453 1472 82 76 og
2563 1450 202 84 Men»

1231 1564 238 96 neffets
1505 1564 190 86 Siæl
1731 1585 100 60 ere
1863 1561 78 98 af
1961 1573 152 72 erns
2145 1562 410 100 Oprindelse,
2597 1582 172 61 nem»

1231 1680 136 92 lig:
1435 1674 92 88 Et
1561 1675 266 97 Stykke
1877 1673 174 100 udaf
2083 1683 118 72 den
2251 1676 520 92 guddommelige

1229 1785 265 90 Vilies
1547 1783 441 102 Videnffab,
2055 1785 417 96 udsprungne
2533 1780 81 94 af
2667 1792 107 70 det

1236 1900 520 94 guddommelige
1800 1893 202 98 Ord,
2050 1915 80 74 og
2170 1892 274 92 indførte
2476 1896 18 74 i
2526 1908 58 62 et
2614 1900 130 86 gud-

1240 2008 382 92 dommeligt
1684 2003 450 96 Kiærligheds
2196 2003 386 95 Formaal:
2646 1998 132 85 De

1238 2137 102 59 ere
1396 2112 78 90 af
1524 2124 120 70 den
1694 2115 172 94 evige
1926 2109 292 98 Grund,
2284 2108 186 92 deraf
2522 2108 126 94 Lys
2694 2130 82 75 og

1238 2226 222 80 Mørk
1494 2226 416 95 udspringer;
1974 2219 130 100 Thi
2136 2216 612 100 Egen-Begrærlig-

1243 2337 242 97 hedens
1520 2330 401 97 Tildragelse
1973 2353 66 60 er
2070 2330 309 96 Mørket,
2431 2350 144 58 men
2610 2328 167 96 Lyset

1243 2468 68 58 er
1369 2450 22 74 i
1449 2454 120 72 den
1623 2444 218 94 hellige
1886 2434 217 89 Vilie
2173 2443 132 90 som
2363 2438 206 82 virker
2635 2448 144 70 med

1241 2553 226 87 GUd:
1529 2552 212 82 Naar
1771 2552 342 83 Sjælens’
2159 2566 152 65 rette
2357 2548 390 92 ejendomme-

1245 2668 124 94 lige
1433 2664 218 80 Villie
1703 2682 66 60 er
1822 2656 189 86 Gud
2075 2660 404 92 underdanig
2547 2680 82 72 og
2683 2659 94 79 vil

1291 2784 135 70 vad
1459 2770 185 84 GUd
1677 2775 127 92 vil,
1841 2773 111 88 saa
1979 2771 205 80 virker
2217 2767 225 83 GUds
2471 2766 281 93 Kiærlig-

1246 2885 120 95 hed
1398 2890 22 74 i
1452 2892 140 72 den.
1658 2878 344 87 Derimod
2030 2879 206 82 virker
2279 2873 236 84 Guds
2536 2874 242 86 Vrede

1246 2992 366 98 ZEngstelse
1658 3012 80 76 og
1786 2987 202 100 Piine
2038 2991 20 78 i
2088 3001 120 68 den
2256 2984 236 98 siæliffe
2521 2982 259 86 Vilies

1248 3124 156 76 egne
1450 3100 434 98 Tildragelse,
1954 3123 80 74 og
2090 3109 162 72 dette
2298 3118 66 60 er
2416 3114 58 62 er
2526 3094 252 99 Mørk,

1254 3236 138 76 paa
1436 3222 102 72 der
1602 3230 70 62 at
1736 3211 172 94 Lyset
1974 3231 162 60 maa
2200 3218 198 74 vorde
2464 3206 312 82 erkiændt.

1503 3344 64 62 re
1601 3344 64 60 er
1697 3344 78 58 en
1806 3319 213 98 Engel
2052 3323 167 92 samt
2261 3342 82 74 og
2367 3316 414 93 Menneskets

1261 3434 192 88 Siæl
1483 3436 155 84 intet
1665 3443 192 76 andet
1885 3443 120 74 end
2037 3435 134 98 som
2197 3455 74 64 en
2301 3428 484 102 guddommelig

2489 3534 174 90 Vil-
