2865 4665
1745 594 114 82 -27

784 565 455 114 dZrB*

157 790 117 80 ved
323 781 141 93 disse
493 777 537 85 Naade-Midler
1077 780 145 77 med
1267 794 107 65 een
1411 795 81 76 og
1537 774 123 84 den
1701 775 135 92 sam-

160 908 102 58 me
322 881 516 98 guddommelige
902 873 254 100 Kraft;
1248 892 82 74 og
1389 873 205 89 altsaa
1654 874 206 88 falder

160 983 273 89 Haabet
470 982 119 94 hen
631 999 106 58 om
777 996 206 74 nogen
1012 973 311 92 formeenr
1360 973 201 94 større
1587 970 248 81 Raade-

163 1075 344 97 Virkning
567 1080 20 74 i
629 1074 416 95 Evigheden;
1135 1094 78 72 og
1275 1076 86 74 da
1425 1071 66 82 vi
1555 1070 122 80 bor
1733 1091 134 62 troe

166 1184 120 76 den
342 1183 196 72 allene
594 1173 142 92 visse
780 1173 176 81 Gud
1010 1173 106 90 til,
1182 1186 72 62 at
1314 1170 132 91 han
1506 1174 154 74 øder
1714 1171 154 80 imer

164 1278 149 79 bort
352 1277 69 80 til
458 1276 265 92 Unytte,
758 1269 110 94 saa
912 1270 122 78 kan
1062 1266 370 101 Fornuften
1468 1266 122 81 ikke
1628 1266 239 97 fordre,

163 1396 72 62 at
295 1375 132 90 han
485 1374 126 94 stal
667 1393 162 74 gane
885 1368 320 96 forgæves
1271 1371 142 75 med
1471 1369 96 92 sin
1623 1366 250 83 Naade

163 1470 157 100 efter
375 1481 75 76 de
491 1474 365 96 Fordømte
897 1474 21 74 i
961 1466 417 99 Evigheden,
1441 1465 133 92 som
1633 1472 73 72 de
1763 1467 109 90 her

170 1581 148 74 med
382 1574 252 78 mindre
702 1569 412 102 Hindringer
1182 1588 80 72 og
1320 1564 556 96 Vanskeligheder

172 1676 165 96 have
404 1671 315 96 forkastet.
892 1664 193 95 Efter
1146 1664 145 96 disse
1352 1663 525 96 Betragtninger

167 1776 130 88 fees
359 1777 124 85 da,
543 1786 70 64 at
669 1775 102 74 det
827 1788 66 62 er
933 1772 104 74 det
1079 1763 174 86 Gud
1299 1768 368 92 værdigste,
1731 1769 146 74 med

175 1874 181 90 hans
397 1871 163 83 Ord
613 1869 188 91 mees
848 1867 722 93 overeensstemmende,
1629 1866 254 91 paa-de
1807 1867 75 78 de

174 1972 254 93 Usalige
470 1972 95 96 sig
618 1968 185 91 mees
848 1964 334 96 passende,
1242 1986 80 72 og
1366 1957 104 96 for
1512 1959 370 99 Fornuften

173 2078 108 74 det
317 2070 330 94 rimeligste
683 2085 72 62 at
795 2083 134 61 troe
964 2058 437 100 Straffernes
1429 2061 452 94 Uendelighed,

176 2169 279 98 saa-den
335 2175 121 72 den
497 2168 167 80 Lære
703 2165 122 78 ikke
865 2162 224 78 rokkes
1133 2168 161 82 ved,
1343 2177 76 62 at
1459 2163 174 92 giøre
1675 2162 91 93 sig
1805 2179 78 59 en

182 2268 406 100 Forestilling
644 2267 18 76 i
722 2265 128 96 sine
892 2258 298 94 Tanker,
1256 2258 176 79 kalde
1490 2267 120 71 den
1658 2260 222 92 Gud,

176 2390 91 72 og
326 2363 331 96 foreskrive
708 2367 105 72 det
852 2359 319 91 Materie,
1238 2358 337 92 hvorledes
1618 2362 101 75 det
1764 2357 123 92 stal

187 2466 162 79 bære
411 2467 92 91 sig
563 2468 86 72 ad
705 2464 144 73 med
909 2464 72 72 de
1023 2455 378 96 Fordømte.
1557 2454 160 88 Det
1761 2455 124 80 kan

185 2582 161 76 gage
383 2583 89 59 an
527 2562 21 78 i
589 2582 75 58 en
705 2556 226 96 poetisk
973 2554 269 91 Drøm.
1397 2555 173 82 Men
1613 2577 169 58 naar
1821 2561 67 79 vi

192 2664 230 88 handle
478 2682 108 60 om
626 2656 468 96 Menneskenes
1150 2658 172 90 evige
1368 2653 150 88 Vel
1576 2676 78 74 og
1700 2654 182 98 Vee,

159 2781 219 59 smaae
417 2762 64 78 vi
524 2778 145 77 tage
712 2759 217 93 Gud,
978 2754 135 91 som
1156 2755 131 95 han
1334 2756 119 85 har
1494 2754 395 82 aabenbaret

193 2864 118 91 sig,
341 2860 442 94 Menneskene,
827 2854 134 92 som
991 2861 72 72 de
1091 2861 108 74 der
1225 2854 332 94 beskrives,
1603 2876 80 74 og
1711 2853 178 88 hans

194 2960 198 95 Ord,
435 2959 131 93 som
608 2966 72 73 de
721 2956 395 97 forefindes;
1173 2954 281 90 saaledes
1500 2976 118 58 ære
1660 2955 66 79 vi
1766 2971 94 64 ret-

194 3064 115 89 test
368 3081 73 58 en
484 3058 283 97 Regent,
834 3076 166 58 naar
1060 3059 64 74 vi
1180 3052 122 80 ikke
1352 3055 332 79 bedømme
1728 3055 156 96 ham

195 3158 154 91 efter
391 3181 74 57 en
507 3166 140 72 eller
689 3165 210 73 anden
941 3153 194 82 enkelt
1175 3152 390 96 Handling,
1631 3176 78 71 og
1753 3159 132 76 deri

199 3256 327 97 foressrive
567 3258 181 97 ham,
793 3261 175 87 hvad
1013 3265 81 68 os
1137 3258 159 90 godt
1333 3250 223 100 synes;
1611 3252 173 79 Men
1825 3257 67 75 vi

157 3367 234 70 smaae
434 3357 80 89 see
558 3362 68 76 til
676 3363 100 76 det
820 3356 204 98 Hele,
1084 3371 144 77 tage
1276 3354 172 94 hans
1492 3355 126 89 hele
1658 3352 202 95 Regie-

198 3466 185 89 rings
402 3459 341 96 -Maade,
808 3478 81 76 og
930 3453 487 96 Subjecterne,
1460 3453 131 92 han
1632 3453 261 92 regierer

1713 3565 174 81 over,
