2988 4670
1237 675 129 93 oste
1429 669 213 94 flaner
1693 669 21 78 i
1763 662 241 97 Anges
2143 663 21 78 i
2209 666 101 74 det
2365 674 69 66 at
2477 656 289 99 Helved«

1237 801 278 78 trænger
1554 782 109 75 ind
1695 800 134 75 paa
1862 789 123 64 den
2036 795 81 74 og
2148 776 87 76 vil
2266 774 369 79 aabenbare
2672 776 91 91 sig

1239 903 25 76 i
1295 905 157 88 den;
1495 889 173 79 Men
1697 901 125 68 den
1851 886 217 93 synker
2097 887 107 79 ind
2233 886 19 76 i
2283 895 101 70 Vet
2413 878 355 85 Guddom»

1241 1008 226 93 melige
1500 1001 295 83 Naades
1826 996 249 97 Haab,
2141 1016 80 74 og
2260 1000 207 89 staaer
2508 995 133 94 som
2691 1013 76 56 en

1238 1120 212 94 deylig
1479 1114 183 92 Rose
1702 1112 160 76 midt
1893 1113 251 74 iblandt
2175 1102 335 97 Tornene,
2577 1105 193 79 indtil

1239 1241 204 72 denne
1494 1223 331 83 Verdens
1866 1215 179 97 Rige
2088 1215 203 94 falder
2332 1215 107 96 fra
2479 1226 118 67 den
2645 1221 122 73 ved

1242 1343 326 91 Legemets
1604 1332 206 85 Dod.
1901 1327 141 85 Da
2076 1329 200 78 bliver
2312 1325 212 81 Guds
2556 1323 183 81 Kjær-

1245 1449 212 97 lighed
1245 1450 214 96 lighed
1503 1445 160 94 først
1703 1460 94 61 ret
1845 1438 398 82 aabenbarec
2295 1441 20 74 i
2361 1445 158 86 den,
2599 1455 172 60 naar

1244 1567 198 91 ingen
1476 1555 179 94 Ting
1686 1551 362 97 forhindrer
2088 1561 146 68 dem
2276 1568 220 59 meere.
2574 1541 148 99 Her
2752 1545 20 78 i

1245 1683 204 72 denne
1477 1667 328 83 Verdens
1835 1660 154 89 Tiid
2021 1681 158 57 maa
2205 1666 118 72 den
2355 1664 242 72 vandre
2631 1667 144 68 med

1248 1783 265 95 Christo
1558 1798 81 74 og
1686 1773 308 93 Christus
2040 1768 266 96 forløser
2348 1777 118 72 den
2514 1763 81 98 af
2614 1775 162 73 dens

1249 1912 137 77 eget
1419 1890 327 97 Helvede,
1809 1888 20 74 i
1867 1897 100 63 der
2015 1882 132 94 han
2183 1882 594 92 igiennemtrænger

1250 2013 127 72 den
1404 2009 149 70 med
1584 2002 91 88 sin
1714 1992 395 92 Kiærlighed
2153 2011 81 72 og
2264 1994 207 89 staaer
2500 1987 127 98 hos
2658 1996 123 70 den

1257 2134 175 61 naar
1447 2119 123 70 den
1589 2107 267 89 ængstes
1883 2099 399 97 afHelvede,
2307 2099 69 92 ja
2405 2096 379 90 forvandler

1254 2232 169 73 dens
1454 2217 289 100 Helvede
1788 2216 71 78 til
1904 2211 395 97 Himmerig.
2392 2206 173 82 Men
2600 2222 69 62 at
2696 2216 91 71 du

1259 2337 295 92 spurgte,
1621 2326 163 95 hvor
1793 2322 133 94 fore
1971 2332 73 70 de
2071 2319 351 96 Ugudelige
2465 2318 123 79 ikke
2621 2316 107 94 her
2763 2319 23 78 i

1256 2443 239 90 Tiideu
1534 2437 129 97 fole
1694 2435 341 97 Helvede?
2110 2429 303 98 Derpaa
2446 2430 217 94 svarer
2690 2428 101 95 jeg

1261 2559 149 91 dig,
1475 2567 103 64 at:
1643 2544 131 87 De
1823 2542 127 96 føle
2003 2554 103 68 det
2161 2548 99 72 vel
2317 2545 19 72 i
2379 2549 185 71 deres
2607 2538 183 94 falsse

1264 2657 561 98 Samvittighed,
1890 2675 149 59 men
2072 2666 71 67 de
2173 2648 279 96 forsaae
2494 2660 101 67 det
2624 2650 169 97 ikke;

1263 2773 137 97 Thi
1429 2788 73 65 de
1531 2771 165 95 have
1727 2782 213 64 endnu
1983 2774 119 72 den
2133 2761 255 96 jordisse
2421 2756 346 100 Forfænge-

1267 2883 248 97 lighed,
1268 2884 249 96 lighed,
1600 2889 143 70 med
1792 2877 249 99 hvilken
2080 2885 75 70 de
2200 2870 257 96 forlyste
2506 2873 129 92 sig,
2714 2891 81 74 og

1265 2996 137 81 deri
1429 3004 75 69 de
1535 2991 163 95 have
1727 2997 185 73 deres
1945 2983 187 99 Fryd
2167 3006 81 74 og
2269 2982 297 95 Vellyst:
2605 2979 165 85 Des-

1264 3117 173 70 uden
1458 3107 111 88 saa
1594 3102 123 94 har
1736 3122 83 74 og
1838 3112 99 65 det
1954 3106 317 72 udvortes
2288 3094 133 96 Liv,
2436 3094 359 81 Naturens

1268 3225 316 73 udvortes
1629 3214 127 93 Lys
1803 3210 109 96 her
1959 3211 23 75 i
2025 3206 273 89 Tiiden,
2365 3212 131 72 deri
2530 3204 266 81 Sjælen

1270 3325 297 98 forlyster
1602 3328 115 92 sig,
1750 3320 215 95 derfor
1996 3320 173 80 kand
2198 3316 125 82 ikke
2356 3317 249 97 Piinen
2634 3316 167 77 blive

1266 3435 409 110 aabenbarer
1733 3437 21 78 i
1805 3442 159 83 den;
2063 3430 179 81 Men
2300 3449 172 60 naar
2525 3425 279 95 Legemet

1275 3555 200 96 doer/
1543 3551 112 95 saa
1686 3545 171 86 kand
1902 3541 129 85 ikke
2060 3544 273 85 Siælen
2361 3548 162 92 nyde
2556 3539 251 96 saadan
