2944 4670
1101 612 101 106 36

1112 822 125 72 den
1260 828 75 75 ey
1358 806 89 80 vil
1474 806 139 77 lade
1633 797 407 88 Forstanden
2084 787 229 103 oplyse,
2355 784 261 84 Villien
2645 784 153 94 boye

1115 932 87 75 og
1243 909 229 96 regiere
1513 898 81 96 af
1629 899 219 83 Guds
1873 894 249 97 Aand;
2179 888 135 92 Thi
2355 886 131 85 som
2529 883 171 79 Gud
2741 906 57 56 er

1126 1020 162 86 den,
1338 1013 111 76 der
1492 1005 127 94 hos
1660 1005 77 73 de
1774 995 301 87 Troende
2112 992 281 78 udretter
2430 1000 73 64 at
2540 982 141 79 ville
2724 1003 73 73 og

1124 1117 249 74 udrette
1412 1102 153 91 ester
1606 1104 95 87 sin
1725 1091 524 97 Behagelighed,
2290 1108 81 73 og
2397 1085 177 83 Gud
2614 1100 184 76 gaaer

1121 1214 191 91 ingen
1353 1208 211 74 anden
1601 1197 172 90 Ven
1819 1199 143 73 med
2003 1198 73 70 de
2119 1189 341 91 Troende,
2503 1187 119 74 end
2665 1181 111 88 hiet-

1121 1329 118 78 per
1278 1310 145 75 dem
1466 1303 69 78 til
1580 1304 119 73 den
1734 1294 325 94 Tilstand,
2106 1289 185 93 hvori
2332 1292 73 73 de
2448 1276 151 95 ester
2622 1280 159 81 Ska-

1124 1407 203 91 belsen
1362 1403 203 93 ffulde
1602 1400 164 85 have
1802 1408 231 76 værer;
2071 1389 111 90 faa
2219 1385 125 92 sees
2380 1403 70 58 ac
2471 1380 334 92 Vantroe,

1125 1510 139 92 som
1325 1523 65 56 er
1455 1496 481 85 Comrarium,
1995 1489 278 93 besaae-e-
2333 1486 19 76 i
2413 1503 73 71 ey
2543 1498 71 62 ar
2673 1484 131 74 lade

1128 1612 163 87 ham
1342 1606 247 74 udrette
1642 1601 103 74 det
1802 1595 127 82 hos
1992 1592 127 91 sig,
2180 1607 145 56 men
2382 1581 121 92 selv
2546 1578 263 93 arbeydr

1112 1724 152 75 Paa
1326 1717 71 61 at
1460 1699 143 76 ville
1670 1714 81 72 og
1814 1694 248 74 udrette
2121 1683 293 97 Tingene
2484 1677 150 96 efter
2698 1694 110 62 vor

1135 1797 519 99 Behagelighed.
1757 1790 203 80 Som
2001 1806 91 58 nu
2136 1789 93 73 alt
2271 1789 103 75 der
2413 1800 65 58 er
2519 1801 75 57 en
2641 1776 175 99 Feyl,

1134 1902 139 91 som
1312 1900 151 93 ffeer
1504 1898 153 72 mod
1700 1890 221 81 Guds
1954 1885 451 97 Indretning,
2452 1878 110 92 faa
2606 1895 95 61 ere
2740 1896 79 71 og

1136 2007 123 72 alle
1314 2015 61 60 er
1423 1989 381 89 Menneskes
1857 1984 419 99 Handlinger
2329 1974 493 92 Overtrædelser

1139 2102 159 77 mod
1355 2093 219 83 Guds
1629 2085 253 93 Villie,
1937 2083 309 91 saalænge
2287 2079 175 81 Gud
2517 2099 73 70 ey
2647 2076 175 93 faaer

1142 2200 131 81 Lov
1328 2196 123 76 ved
1502 2191 97 91 sin
1638 2185 201 81 Aand
1894 2199 73 60 at
2004 2185 231 86 regiere
2284 2173 365 94 Mennesket
2744 2194 81 71 og

1146 2297 178 80 drive
1379 2297 103 73 det
1521 2291 19 74 i
1581 2292 143 74 dets
1769 2282 440 89 Gieruiuger,
2276 2276 92 92 thi
2423 2283 75 71 de
2533 2271 293 89 Troende

1149 2399 223 76 drives
1429 2383 79 92 af
1541 2387 219 79 Guds
1813 2379 239 91 Aand;
2131 2375 171 97 Hvo
2363 2372 133 93 som
2551 2370 121 79 ikke
2715 2373 105 91 har

1152 2491 245 92 Christi
1440 2484 245 93 Aand,
1732 2488 121 73 den
1892 2499 65 57 er
1996 2476 121 78 ikke
2164 2480 193 86 hans.
2482 2469 337 86 Betænkes

1150 2599 218 74 endnu
1422 2604 205 71 mere,
1682 2598 70 62 ar
1801 2576 314 97 faa-længe
2155 2570 368 95 Mennesket
2561 2569 261 93 saaledes

1153 2712 65 57 er
1257 2686 245 96 afviger
1541 2679 113 95 fra
1693 2681 207 93 Gud,
1941 2697 85 73 og
2065 2677 91 76 vil
2193 2694 165 73 gaae
2399 2669 157 93 efter
2595 2671 77 93 sir
2707 2688 115 74 eger

1156 2790 249 90 Sind,
1474 2790 197 88 lrgger
1734 2786 131 88 han
1926 2782 205 74 under
2186 2796 75 56 en
2320 2779 213 72 anden
2594 2769 227 93 Magt,

1154 2887 158 98 efter
1353 2879 361 95 Skriftens
1757 2878 169 79 klare
1957 2875 186 92 Ord,
2186 2880 231 85 nemlig
2455 2875 203 76 under
2695 2875 101 74 den-

1167 3009 79 58 ne
1283 2984 333 85 Verdens
1657 2979 219 91 Gud,
1919 2970 371 99 Dievelen,
2333 2972 133 88 som
2505 2966 325 97 forblinder

1162 3094 77 75 de
1270 3083 370 101 Vantre
1680 3084 133 88 (det
1854 3098 65 58 er
1960 3080 119 72 alle
2120 3081 167 86 dem,
2326 3070 135 94 som
2502 3089 73 74 ey
2612 3073 111 75 ved
2762 3088 63 56 en

1161 3186 159 93 sand
1361 3178 433 92 Omvendelse
1850 3197 85 74 og
1969 3170 441 100 Jgienfødelse
2467 3170 163 96 have
2677 3157 151 104 faaer

1167 3284 251 92 Troen)
1461 3280 245 88 Sind,
1763 3274 109 95 saa
1917 3274 123 80 kan
2083 3270 273 91 saadant
2399 3289 59 63 et
2495 3258 333 103 Menneske-,

1168 3391 205 88 endog
1426 3387 147 73 med
1626 3386 75 73 de
1760 3375 263 94 ærligste
2062 3372 389 99 Hensigter,
2506 3390 75 73 ey
2616 3371 211 86 andet,

1170 3489 122 75 end
1331 3491 237 85 degaae
1607 3477 291 98 Feyltrin
1944 3493 81 75 og
2067 3474 268 92 Synd,
2370 3489 108 61 om
2522 3473 118 75 end
2681 3461 153 98 hans

1177 3582 419 93 Handlinger
1639 3577 187 100 synes
1863 3580 317 78 udvortes
2223 3578 179 89 gode.
2523 3568 133 98 Thi
2689 3574 147 69 Naar

2744 3667 91 75 der
