2865 4665
125 771 78 76 de
239 778 190 82 noget
489 760 182 100 stade
709 761 184 100 dem,
947 781 244 64 maatte
1231 768 102 76 det
1371 764 244 92 snarere
1657 782 166 63 være

127 873 124 74 den
303 864 162 84 Lære
529 870 124 72 om'
697 859 434 102 Straffernes
1189 862 336 98 Evighed;
1579 864 94 94 thi
1715 881 112 64 om

127 971 78 76 de
259 968 208 76 troede
523 968 160 88 den,
743 963 208 80 kunde
1007 969 76 76 de
1125 969 80 75 let
1243 964 22 78 i
1301 964 162 92 store
1505 963 320 99 Fristelser

131 1085 85 73 og
257 1062 421 98 Farligheder
715 1065 23 76 i
777 1059 287 86 Verden
1105 1059 277 98 forledes
1421 1064 71 76 til
1527 1078 59 62 et
1619 1060 207 99 Fald,

126 1185 82 71 og
252 1164 192 96 trøste
482 1164 94 92 sig
622 1165 170 90 med,
836 1177 72 64 at
950 1167 184 74 deres
1174 1161 180 93 Sag
1400 1160 142 80 blev
1580 1166 128 89 dog
1744 1159 58 80 ik-

126 1263 66 80 ke
244 1260 110 94 saa
426 1258 192 98 farlig
678 1264 22 73 i
760 1257 416 98 Evigheden,
1232 1260 92 94 thi
1382 1264 74 74 de
1510 1260 146 78 kom
1698 1265 128 86 dog

128 1380 254 76 engang
422 1368 92 72 ud
554 1356 82 96 af
672 1357 346 100 Straffen.
1118 1359 220 85 Dette
1380 1356 206 84 kunde
1624 1375 204 76 meget

126 1465 82 74 let
262 1458 380 96 formindske
700 1479 82 74 og
840 1459 230 92 svække
1110 1465 120 74 den
1272 1456 554 96 Aarvaagenhed,

122 1559 223 97 Bøn,
406 1556 245 86 Smid
714 1579 83 74 og
858 1553 363 99 Troestab,
1282 1564 113 74 der
1448 1556 123 96 stal
1610 1558 221 94 findes

123 1659 124 98 hos
291 1680 74 58 en
409 1658 338 97 Christen,
791 1657 134 92 som
969 1661 90 76 vil
1099 1676 168 61 være
1309 1658 108 78 vis
1457 1676 134 74 paa
1615 1656 216 82 Livers

121 1755 274 95 Krone,
451 1758 92 84 thi
587 1762 104 74 det
737 1759 218 90 heder:
1023 1753 190 86 Vær
1255 1772 132 64 troe
1431 1756 188 78 indtil
1655 1754 146 83 Dø-

119 1861 160 91 den;
331 1856 162 96 Og:
547 1854 292 84 Strider
881 1851 106 96 for
1029 1861 122 76 den
1195 1852 202 98 Troe,
1437 1852 134 94 som
1595 1876 64 56 er
1687 1859 142 72 eder

121 1960 516 78 overanwordet.
745 1953 330 98 Betragte
1127 1963 66 70 vi
1237 1958 288 76 derimod
1571 1952 258 93 Sagen

117 2053 109 96 fra
267 2060 123 74 den
429 2054 273 96 politiste
741 2053 199 82 Kam
985 2055 21 76 i
1041 2052 373 97 Henseende
1451 2054 73 76 til
1563 2058 75 74 de
1681 2051 117 78 bor-

118 2156 228 94 gerlige
428 2152 302 94 Dyders
808 2151 368 96 Udøvelse,
1256 2150 110 90 saa
1440 2150 128 78 kan
1640 2152 190 91 ingen

118 2253 260 82 Grund
406 2250 298 96 anføres,
730 2267 72 64 at
826 2257 108 76 der
959 2249 202 95 skulde
1180 2269 166 59 være
1360 2254 246 74 mindre
1624 2246 174 94 Troe-

115 2351 150 95 lkab
310 2356 154 74 mod
508 2352 98 90 sin
648 2348 300 95 Regent,
1012 2347 318 95 Lydighed
1384 2354 156 72 mod
1584 2348 242 82 Lovene

118 2469 82 74 øg
242 2446 378 96 Kærlighed
666 2450 70 78 til
780 2449 126 86 sine
946 2443 464 97 Landsmænd,
1454 2450 166 84 hvor
1664 2465 160 60 man

113 2553 217 75 troede
372 2546 333 100 Helvedes
742 2541 361 100 Straffers
1122 2543 325 99 Evighed,
1490 2550 121 74 end
1654 2546 171 85 hvor

115 2665 162 62 man
321 2644 220 84 tænkte
583 2661 164 65 tvert
783 2647 196 78 imod.
1083 2643 162 86 Det
1281 2640 230 100 falder,
1551 2644 132 90 som
1721 2665 72 56 en-

119 2747 154 96 hver
315 2744 156 94 seer,
517 2750 182 90 langt
739 2745 372 92 rimeligere,
1151 2760 72 62 at
1267 2742 216 100 Frygt
1521 2742 104 92 for
1667 2765 152 58 item

119 2848 194 92 delige
353 2840 356 100 Straffer,
753 2841 166 98 hvor
961 2849 76 74 de
1073 2843 254 93 virkelig
1367 2852 200 86 troes,
1615 2840 204 83 kunde

119 2949 192 89 lægge
375 2966 74 58 en
507 2950 186 88 langt
745 2945 200 92 større
1009 2941 344 98 Hindring
1425 2940 100 92 for
1585 2940 230 95 Laster,

119 3043 133 92 som
309 3046 189 92 ingen
555 3041 401 96 mennestelig
1009 3044 333 92 Domstol
1395 3040 125 80 kan
1577 3037 239 100 straffe,

118 3149 120 74 end
280 3148 102 74 det
416 3140 360 94 Modsatte.
896 3139 186 82 Man
1126 3156 244 64 maatte
1414 3144 98 76 vel
1550 3142 234 78 indven-

118 3249 116 89 de,
278 3238 250 98 hvoraf
558 3240 282 81 kommer
886 3245 142 90 det,
1088 3255 70 64 at
1198 3234 108 96 saa
1348 3260 266 74 mange,
1678 3236 136 91 som

114 3347 128 87 dog
282 3356 134 64 troe
456 3346 172 74 uden
672 3359 210 74 nogen
920 3337 208 88 Tvivl
1164 3336 432 98 Straffernes
1646 3340 138 77 Uen-

116 3442 308 94 delighed,
464 3444 128 88 dog
632 3458 72 69 ey
730 3437 314 96 opholdes
1080 3443 142 73 eller
1268 3438 262 88 hindres
1566 3436 20 78 i
1626 3442 186 72 deres

110 3535 249 101 Lasters
414 3536 329 97 Udøvelse.
870 3535 161 92 Der
1082 3535 285 86 kommer
1422 3538 95 94 sig
1586 3527 217 91 deraf:

1671 3630 132 85 De
