2944 4670
78 2670 122 185 $

1099 611 108 84 32

1091 788 162 98 ftekt
1291 790 22 77 i
1353 789 78 80 de
1467 784 250 98 Laster,
1783 787 76 77 de
1902 800 93 60 ere
2037 778 358 97 tilbøyelige
2437 775 108 95 tik,
2599 783 205 88 meget

1093 894 105 76 vel
1253 888 213 81 kiende
1519 908 83 74 og
1657 883 211 82 kunde
1909 879 239 92 bevise,
2203 896 73 62 at
2317 884 77 75 de
2429 876 249 94 Laster,
2725 883 75 76 de

1092 994 210 89 endog
1368 985 122 94 selv
1546 992 260 87 udøve,
1866 1002 98 60 ere
2020 985 160 74 onde
2242 998 84 76 og
2386 975 416 98 ffammelige.

1092 1087 177 83 Men
1306 1091 123 76 den
1470 1085 255 96 Synd,
1766 1089 123 74 den
1936 1082 183 93 hellig
2162 1076 205 84 Aand
2408 1094 191 63 ntaae
2628 1096 143 59 over-

1093 1188 198 90 bevise
1345 1207 148 75 om,
1549 1206 66 60 er
1675 1181 152 96 efter
1879 1180 172 98 Jesu
2113 1177 430 99 Forklaring,
2605 1192 70 60 at
2725 1183 72 74 de

1092 1307 138 64 troe
1267 1283 125 84 ikke
1434 1306 134 74 paa
1611 1284 177 95 ham.
1893 1280 297 98 Følgelig
2241 1294 65 64 er
2349 1281 199 76 denne
2589 1274 181 81 Man-

1094 1392 100 92 gel
1236 1384 83 93 af
1348 1393 120 74 den
1508 1379 519 100 Beskaffenhed,
2082 1395 72 62 at
2210 1384 120 74 den
2370 1371 80 100 af
2484 1375 316 82 Naturen

1093 1489 98 95 sig
1255 1484 124 94 selv
1447 1487 296 77 overladt
1803 1500 74 74 ey
1931 1478 126 80 kan
2113 1477 292 94 kiendes;
2475 1477 90 95 thi
2627 1474 172 83 Gud

1089 1588 149 96 giør
1279 1586 157 81 intet
1471 1578 451 98 Overflødigt.
2023 1575 253 84 Kunde
2321 1576 291 94 naturlig
2635 1574 137 99 For-

1088 1690 194 88 stand
1342 1705 84 76 og
1486 1680 588 95 Skarpsindighed
2130 1671 122 97 selv
2316 1681 250 89 opdage
2606 1680 194 75 denne

1092 1785 203 99 Feyl,
1336 1805 83 76 og
1460 1789 167 75 dens
1672 1779 171 93 Arr,
1902 1778 355 93 arbeydede
2300 1774 179 81 Gud
2520 1774 123 80 ikke
2682 1771 119 94 selv

1095 1890 122 76 ved
1261 1886 96 96 sin
1401 1881 200 86 Aand
1647 1895 72 64 at
1757 1881 178 92 giøre
1975 1882 122 73 den
2145 1874 306 93 bekiendt,
2501 1895 150 59 men
2695 1871 110 94 saa

1100 1987 424 93 opmuntrede
1563 1980 135 84 han
1735 1977 133 80 kun
1908 1978 72 78 til
2021 1973 121 92 selv
2186 1988 70 64 at
2281 1968 350 97 efter-tænke
2657 1980 149 89 den,

1102 2104 87 74 og
1250 2082 72 80 til
1382 2095 72 64 at
1506 2078 166 78 blive
1736 2097 76 60 en
1870 2073 488 93 selv-tænkende.
2482 2071 132 85 Nu
2678 2074 130 79 kan

1103 2202 160 62 man
1303 2183 206 89 endog
1549 2179 146 77 med
1741 2189 58 62 er
1835 2173 356 92 maadeligt
2229 2168 274 95 Begreb
2539 2178 80 72 let
2653 2175 150 80 vide

1097 2288 149 76 med
1289 2282 95 93 sig
1427 2277 163 94 selv,
1635 2271 203 98 hvilke
1881 2269 421 94 Sandheder
2325 2287 161 60 man
2509 2266 299 98 bifalder,

1092 2399 198 77 troer,
1334 2399 84 74 og
1464 2374 202 96 hviike
1708 2391 160 59 man
1912 2371 290 79 derimod
2240 2385 238 76 nægter
2518 2388 80 74 og
2640 2371 138 77 tviv-

1098 2489 89 74 ler
1224 2497 177 78 paa;
1458 2473 259 97 følgelig
1758 2490 193 60 maae
1994 2473 125 76 den
2158 2465 203 94 Troe,
2400 2465 215 98 Jesus
2652 2471 155 80 taler

1097 2600 150 74 om,
1313 2581 112 76 der
1479 2577 334 88 mangler,
1873 2587 168 60 være
2101 2563 82 97 af
2229 2586 76 58 en
2367 2571 184 89 langt
2597 2571 206 76 anden

1095 2679 157 95 Art,
1286 2681 120 76 end
1447 2679 103 75 det
1590 2689 156 60 man
1775 2671 21 78 i
1825 2666 517 94 Almindelighed
2369 2665 215 80 kalder
2603 2662 197 99 Troe;

1096 2800 85 76 og
1226 2776 364 93 Mangelen
1634 2765 195 95 deraf
1858 2786 168 60 være
2065 2782 193 78 noget
2302 2769 198 76 andet
2534 2786 81 76 og
2648 2770 126 89 stør-

1097 2900 106 74 re,
1243 2881 122 74 end
1409 2877 106 76 det
1551 2868 134 94 som
1725 2871 22 76 i
1783 2862 520 96 Almindelighed
2341 2863 222 82 kaldes
2603 2862 202 92 Tvivl

1093 3000 87 74 og
1221 2974 347 85 Vantroe:
1671 2965 135 84 Nu
1849 2988 65 58 er
1953 2964 223 85 Guds
2217 2962 249 84 Aands
2509 2962 293 95 Arbeyde

1092 3076 126 81 ikke
1274 3076 176 93 blot,
1506 3084 74 66 at
1636 3067 122 92 vise
1798 3076 80 68 vs
1920 3086 108 59 een
2094 3065 312 94 betydelig
2466 3063 162 99 Feyl
2682 3061 124 90 hos

1098 3173 399 93 Menneffet,
1538 3190 83 76 og
1664 3171 147 76 lade
1856 3170 75 74 de
1968 3169 207 76 andre
2210 3164 199 96 staae,
2450 3169 145 78 eller
2632 3181 143 62 over-

1093 3283 148 78 lade
1299 3278 146 73 dem
1509 3270 70 80 til
1653 3263 374 105 Mennesket
2087 3263 122 94 selv
2277 3280 72 62 at
2415 3262 388 95 undersøge;

1100 3376 98 88 thi
1260 3374 176 89 hans
1497 3366 303 91 Arbeyde
1856 3382 64 60 er
1974 3379 74 64 at
2109 3360 213 100 straffe
2375 3361 105 92 for
2539 3360 265 96 Synd;

1102 3473 263 95 følgelig
1422 3463 105 100 for
1588 3470 95 75 alt
1736 3471 105 74 det
1878 3468 112 74 der
2038 3463 193 96 hører
2272 3464 118 96 hen
2430 3466 206 77 under
2682 3467 94 72 det-

1101 3591 62 65 te
1205 3570 236 88 Navn.
1543 3561 232 100 Altsaa
1819 3582 64 66 er
1931 3560 366 100 Vamroe,
2339 3567 142 86 eller
2525 3560 280 95 Mangel

2732 3646 85 108 as
