3004 4670
792 478 499 96 •Ä
1770 486 117 94 19

178 715 313 96 Derfore
550 732 71 61 er
678 716 111 73 det
852 713 193 74 deres
1103 704 234 96 største
1395 697 494 96 Skyldighed,

179 824 138 94 som
378 818 156 94 gifte
581 818 152 88 sig,
780 827 76 62 at
901 818 75 70 de
1025 810 293 92 begynde
1367 811 207 68 denne
1633 800 263 81 Stand

181 932 147 69 med
379 939 145 57 rene
573 933 87 77 og
707 909 217 95 kydske
969 907 325 97 Hierter,
1363 922 85 73 og
1501 900 145 88 føre
1697 909 125 67 den
1871 898 25 78 i

181 1022 315 97 Herrens
528 1012 226 97 Frygt
801 1020 145 67 med
991 1016 69 70 al
1098 1005 192 93 Tugt
1327 1023 83 73 og
1448 995 450 95 ZErbarhed,

181 1130 278 89 paa-det
356 1131 105 66 det
502 1127 75 67 de
629 1131 267 76 engang
942 1108 215 78 kunne
1206 1106 263 94 beslutte
1504 1112 121 66 den
1658 1102 19 75 i
1710 1097 157 82 Vel-

184 1221 255 94 signelse
486 1223 147 71 med
668 1215 317 90 usaarede
1024 1199 645 98 Samvittigheder,
1722 1206 177 72 uden

186 1341 77 62 at
298 1326 125 74 lide
454 1318 259 82 Skade
746 1331 137 73 paa
920 1318 189 69 deres
1139 1304 252 85 Siæle.

342 1470 171 96 Hvo
534 1470 139 88 som
708 1487 93 57 nu
828 1466 329 90 begynder
1188 1464 207 71 denne
1420 1452 263 81 Stand
1704 1442 85 94 af
1814 1463 89 79 og

190 1574 157 93 efter
380 1574 305 88 utugtige
717 1559 621 101 Begjærligheder-o
1370 1574 81 73 og
1494 1570 197 60 urene
1718 1549 151 93 Hen-

189 1680 242 89 sigters
475 1665 476 94 Tilskyndelse,
1008 1680 85 73 og
1142 1677 263 67 mener,
1463 1655 247 86 samme
1745 1646 129 80 kun-

191 1782 77 71 de
301 1792 169 58 være
505 1769 157 93 ham
703 1787 75 54 en
813 1762 215 77 aaben
1052 1764 182 76 -Oør
1267 1758 75 74 til
1371 1762 173 68 uden
1575 1747 327 91 Undseelse

193 1893 75 60 at
299 1872 377 94 fuldbringe
703 1873 77 72 al
823 1866 97 89 sin
959 1861 343 92 forvendte
1328 1847 274 87 Vikles
1634 1849 146 92 Lyst
1819 1845 67 89 ef-

199 1990 95 66 ter
334 1976 80 83 sit
436 1968 240 79 Kiøds
696 1960 478 95 Tilskyndelse,
1231 1976 83 70 og
1344 1963 130 82 dog
1510 1967 75 59 at
1624 1945 257 94 besmyk-

198 2076 69 77 ke
314 2074 97 90 sin
468 2068 311 82 Vanart
840 2072 149 66 med
1034 2068 107 66 det
1202 2053 227 94 hellige
1488 2045 423 97 TEgteffabs

202 2174 271 88 Navn,
528 2179 125 65 den
684 2167 153 88 giør
874 2159 487 93 ALgtestanden
1398 2155 75 73 til
1506 2172 77 54 en
1617 2147 264 91 Synde-

207 2276 234 87 stand,
500 2289 83 73 og
645 2261 315 81 betænker
1007 2258 131 76 ikke
1188 2271 72 59 at
1305 2251 175 81 Gud
1519 2247 125 80 ikke
1695 2252 217 71 aleene

209 2374 127 91 har
369 2372 175 93 givet
567 2366 239 93 ledige,
857 2379 145 57 men
1023 2376 81 73 og
1135 2351 159 97 gifte
1307 2350 337 96 Personer
1659 2343 227 89 Kybsk-

211 2474 163 93 heds
423 2488 85 73 og
543 2461 361 97 Reenheds
940 2456 206 82 Bud.
1248 2451 152 82 Om
1448 2449 246 91 deslige
1740 2440 172 98 Folk

209 2592 167 60 maa
419 2586 162 59 man
631 2570 100 71 vel
786 2566 143 75 lade
958 2556 341 89 Engelens
1340 2549 369 93 Raphaels
1742 2543 169 82 Ord

210 2675 237 94 gielde:
500 2663 179 89 Tob.
718 2670 71 70 6.
894 2657 97 83 At
1036 2654 363 85 Diævelen
1448 2651 205 90 haver
1690 2643 225 93 Magt

212 2792 153 55 over
400 2779 185 77 dem,
642 2760 291 94 eftersom
976 2769 75 66 de
1083 2757 260 89 foragte
1365 2753 216 82 Gud,
1636 2766 83 71 og
1750 2744 135 81 alee-

214 2871 166 91 neste
410 2864 77 99 af
503 2869 213 91 Utugt
745 2877 151 82 tage
925 2858 430 99 Huustroer,
1391 2852 135 92 som
1559 2853 361 76 umælende

211 2970 175 99 Fæe.

369 3121 130 96 Og
547 3124 92 70 da
683 3122 112 67 der
834 3107 81 93 af
965 3107 335 90 saadanne
1339 3097 339 101 Personer
1727 3096 199 94 gives

219 3245 79 58 en
331 3226 131 93 stor
497 3219 365 86 Mængde,
919 3208 115 92 saa
1071 3227 67 56 er
1173 3214 105 68 det
1311 3203 129 76 ikke
1473 3199 193 87 heller
1697 3213 75 60 at
1799 3215 93 56 un-

223 3336 113 69 dre
371 3341 195 69 over,
621 3332 75 61 at
725 3325 111 66 der
873 3310 79 88 af
985 3311 337 86 saadanne
1357 3298 267 93 ukydffe
1659 3317 87 70 og
1781 3313 121 58 ure-

229 3447 75 56 ne
350 3416 434 97 DEgteskaber
848 3410 190 90 fødes
1096 3409 115 84 saa
1257 3400 352 93 ulykkelige
1654 3394 268 88 Born,

224 3528 137 85 som
392 3544 95 56 ere
520 3534 99 64 ret
664 3538 75 52 en
780 3511 475 84 Samleplads
1300 3501 79 92 af
1442 3505 123 72 alle
1618 3489 279 94 Ondska-

232 3626 151 89 ber,
438 3642 81 71 og
554 3618 309 94 saasnart
896 3621 73 69 de
1018 3612 151 72 lidet
1206 3606 257 77 komme
1508 3600 75 75 til
1617 3591 312 89 Aarene,

1031 3704 92 87 B
1174 3730 44 49 2
1761 3688 173 98 have
