2944 4670
1063 603 101 64 10

1063 780 233 90 tænke,
1375 786 257 72 attraae
1689 786 85 77 og
1844 780 172 63 være
2064 758 26 80 i
2142 774 77 60 en
2274 745 488 97 Virksomhed,

1064 884 133 89 som
1240 896 189 62 maae
1488 868 177 94 svare
1704 868 71 78 til
1818 869 185 77 deres
2042 855 307 102 Hierters
2389 840 344 101 Beskaffen-

1069 982 156 93 hed,
1274 982 103 74 der
1416 993 95 63 er:
1564 969 135 95 som
1740 966 219 83 Guds
1980 960 297 99 Fiender,
2326 973 81 75 og
2450 947 309 94 saalænge

1068 1086 73 75 de
1186 1101 95 54 ere
1322 1081 147 86 der,
1510 1070 209 82 kunne
1760 1072 75 78 de
1872 1063 125 80 ikke
2036 1063 235 90 ander,
2332 1056 121 75 end
2498 1045 123 88 vise
2661 1050 100 75 de«

1074 1187 103 72 ces
1237 1171 354 105 Fiendffab
1654 1174 155 79 mod
1855 1164 156 93 ham
2054 1159 163 79 midt
2262 1157 209 78 under
2509 1139 242 95 Straf-

1071 1278 190 95 ferne,
1359 1273 180 92 Den
1591 1264 304 95 Medynk
1947 1256 256 96 derfor,
2257 1253 135 93 som
2433 1246 201 94 reyser
2673 1243 94 96 sig

1069 1399 153 58 over
1279 1371 439 97 Straffernes
1773 1363 341 97 Evighed,
2175 1354 255 97 ligesom
2499 1355 77 75 de
2613 1362 155 60 vare

1069 1480 103 93 for
1205 1480 157 93 store
1389 1476 157 80 mod
1571 1463 458 94 Menneskenes
2057 1458 425 82 nærværende
2506 1440 236 100 Opfør-

1073 1580 77 93 sel
1071 1580 114 98 see-
1249 1596 65 60 er
1371 1578 119 75 ilde
1543 1572 311 93 grunder,
1920 1559 254 95 saasom
2214 1552 222 86 Guds
2474 1549 164 89 Ord
2678 1545 66 79 in-

1071 1701 121 76 gen
1230 1675 240 81 Steds
1508 1672 162 91 siger
1713 1676 119 83 os,
1893 1681 73 63 ar
1995 1653 435 95 Menneskene
2470 1649 125 95 stal
2634 1647 140 91 evig

1070 1774 253 99 straffes
1368 1775 107 89 for
1516 1776 140 88 det,
1712 1771 75 75 de
1832 1765 109 89 her
1984 1762 125 91 har
2150 1755 303 94 hegaaer,
2516 1767 149 59 men
2688 1746 85 84 us-

1065 1885 128 78 den
1234 1875 247 89 saadan
1524 1865 365 90 Limitation
1928 1860 161 87 viser
2130 1861 75 78 de
2250 1851 367 99 Fordømte
2654 1846 119 91 hen

1078 1983 69 76 ril
1204 1997 75 61 en
1338 1976 141 89 evig
1533 1966 184 97 Ild,
1802 1982 81 74 og
1940 1965 173 77 lader
2178 1964 79 74 os
2317 1948 262 97 følgelig
2634 1948 145 80 med

1077 2078 260 85 Grund
1385 2074 189 93 Narre
1632 2066 65 77 ril
1754 2083 77 58 en
1888 2059 423 94 evigvarende
2369 2047 228 99 syndig
2637 2042 118 89 Til-

1075 2179 195 92 stand
1339 2169 127 90 hos
1525 2159 424 98 Mennejker,
2029 2155 137 91 som
2231 2171 189 65 maae
2489 2142 295 100 medføre

1081 2277 140 92 evig
1265 2261 249 100 Straf.

1500 2328 14 14 .

1311 2367 373 100 Fremdeles
1725 2376 191 65 maae
1953 2351 145 97 disse
2139 2350 175 93 evige
2352 2338 282 99 Straffe
2666 2339 122 85 ikke

1082 2474 366 92 betragtes,
1490 2463 134 91 som
1665 2473 191 78 noget
1897 2452 367 91 arbirrairr,
2304 2450 109 74 der
2456 2444 109 93 her
2608 2443 23 75 i
2674 2438 88 96 Ti-

1084 2578 124 73 den
1250 2571 207 93 særtes
1498 2559 103 97 for
1642 2581 77 60 en
1764 2551 309 102 Forseelse
2122 2545 155 97 efter
2318 2544 469 84 Dommernes

1090 2672 296 95 Behag,
1432 2682 147 61 men
1620 2658 133 92 som
1794 2654 411 93 nødvendige
2244 2667 83 75 og
2362 2640 427 96 uftaffillelige

1090 2776 243 93 Kølger
1374 2765 105 95 fra
1526 2760 347 92 Synden,
1916 2753 133 92 som
2090 2752 315 87 saalænge
2438 2763 193 70 maae
2669 2751 110 71 vee-

1052 2879 98 81 ·re
1086 2892 65 63 re
1187 2866 290 96 forenede
1515 2866 298 85 dermed,
1853 2854 138 92 som
2035 2849 232 96 Synd
2312 2866 65 58 er
2415 2842 254 90 Synd,
2710 2861 75 75 og

1093 2970 178 84 Gud
1312 2987 65 64 er
1417 2964 220 92 Gud;
1691 2961 98 91 thi
1827 2955 136 93 som
2003 2952 179 82 Gud
2223 2967 65 64 er
2327 2949 89 74 all
2453 2943 331 91 Godheds

1087 3070 238 90 Kilde,
1383 3086 84 73 og
1529 3068 103 79 det
1691 3058 251 91 hoyeste
2003 3054 241 87 Gode,
2299 3044 111 94 saa
2469 3063 189 57 maae
2697 3047 91 87 de,

1095 3170 135 93 som
1265 3169 21 79 i
1325 3172 181 76 deres
1552 3162 264 96 -Hierær
1857 3175 97 66 ere
1991 3151 295 96 afvtgede
2325 3144 105 93 fra
2475 3143 183 98 ham,
2699 3141 65 84 til-

1093 3271 119 93 lige
1251 3285 167 59 være
1454 3263 210 97 ffildte
1701 3262 123 83 ved
1867 3259 97 80 alt
2003 3260 149 85 det,
2192 3248 138 94 som
2367 3267 65 59 er
2475 3250 195 89 godt,
2715 3258 77 76 og

1088 3372 26 82 i
1150 3375 148 79 dets
1347 3362 224 92 Sted
1610 3363 168 95 have
1821 3378 83 74 og
1948 3360 124 80 lide
2114 3356 146 89 der,
2318 3344 136 93 som
2494 3365 66 63 er
2606 3347 186 87 ondt;

1092 3471 98 92 rhi
1244 3473 112 78 der
1414 3467 185 91 gives
1642 3459 121 84 ikke
1804 3461 149 89 flere
1992 3452 247 88 Slags
2282 3445 182 97 Ting
2504 3446 114 93 til,
2676 3444 113 80 end

1096 3570 201 90 Godt
1336 3585 82 75 og
1452 3562 238 97 Ondt;
1738 3556 209 101 Hvor
1990 3560 111 77 der
2142 3550 127 85 ikke
2312 3570 67 65 er
2420 3546 154 102 Lys,
2602 3555 194 105 smaae

2689 3646 102 76 der
