3004 4670
1664 435 86 68 55

221 614 108 100 fra
361 619 104 78 det
497 604 238 107 Gode,
785 612 216 94 saavel
1033 615 20 76 i
1089 606 308 100 Jordens
1427 606 324 102 Materie,

219 730 139 96 som
415 746 81 74 og
555 736 121 67 den
717 723 471 95 Menneskelige
1249 720 265 95 Legems
1577 718 175 97 Aste.

220 840 138 93 Thi
410 856 172 60 naar
622 831 184 84 GUd
856 836 286 93 bevæger
1194 839 216 72 endnu
1460 851 294 75 eengang

223 960 122 71 den
381 948 336 96 aandelige
743 943 312 92 Verden,
1095 944 112 90 saa
1247 952 236 85 drager
1519 941 236 94 enhver

223 1062 205 85 Aand
475 1062 73 86 sir
603 1060 341 90 aandelige
997 1051 257 95 Væsen
1293 1057 73 74 til
1411 1057 93 89 sig
1545 1053 213 97 iglen;

226 1170 318 98 (nemlig:
592 1167 114 86 En
744 1176 126 84 god
898 1164 200 83 Aand
1140 1184 80 74 og
1252 1164 228 94 Siæl,
1514 1170 242 87 drager

227 1288 78 93 sit
355 1283 340 92 aandelige
739 1288 162 80 gode
947 1273 254 97 Væsen
1251 1275 70 78 til
1371 1277 132 92 sig,
1569 1293 82 74 og
1683 1291 82 61 en

227 1392 173 85 Ond
435 1394 75 88 sir
541 1383 235 93 Onde)
797 1406 25 82 ;
865 1388 175 79 Men
1073 1402 379 63 manmaae
1479 1379 284 95 forsaae

230 1523 82 62 en
342 1499 286 95 Kraftes
668 1493 390 98 marerialste
1094 1492 292 97 Væsen,
1432 1490 230 98 hvilket
1694 1513 68 57 er

229 1618 128 76 idel
383 1608 250 97 Kraft,
667 1608 260 95 ligesom
959 1627 74 56 en
1071 1601 386 97 materialist
1483 1598 282 92 TinckUk

229 1730 115 73 der
370 1721 288 93 besaaer
703 1713 83 97 af
809 1722 119 74 idel
961 1710 235 98 Kraft.

360 1846 142 85 47.
572 1817 452 111 Discipelen
1054 1825 220 93 sagde:
1316 1819 234 95 Altsaa
1584 1817 184 98 stulle

231 1943 70 80 vi
341 1941 126 79 ikke
512 1941 265 94 opsaae
821 1946 144 69 med
1011 1945 74 70 de
1147 1934 236 94 synlige
1429 1932 334 98 Legemer,

233 2073 87 76 og
347 2051 51 92 ej
435 2054 19 74 i
487 2062 275 68 dennem
807 2052 131 74 leve
973 2047 313 90 evindelig
1305 2039 31 86 I

368 2154 398 98 Mesteren
798 2158 296 90 svarede:
1128 2152 208 82 Naar
1368 2159 122 76 den
1528 2150 246 95 synlige

235 2268 294 87 Verden
569 2268 344 95 forgaaer,
959 2275 90 70 da
1095 2260 308 96 forgaaer
1447 2282 82 72 og
1573 2261 194 94 tillige

235 2387 97 74 alt
379 2391 103 70 det
533 2380 135 92 som
715 2377 201 94 haver
961 2392 193 63 været
1191 2374 227 93 synligt
1465 2378 143 72 eller
1649 2379 87 72 ud-

236 2499 226 72 vortes
494 2488 414 95 begribeligt,
944 2495 144 68 med
1124 2486 94 76 akt
1246 2480 178 97 hvad
1462 2482 130 90 som
1628 2487 110 72 der-

237 2599 82 96 af
359 2623 64 58 er
459 2600 314 92 kommet;
839 2616 80 74 og
969 2597 156 76 imer
1173 2612 200 61 meere
1423 2590 204 80 bliver
1663 2589 74 78 be-

235 2715 304 93 saaende
573 2705 71 96 af
689 2717 199 70 denne
919 2702 327 96 Verden,
1293 2709 121 74 end
1461 2700 133 92 som
1643 2705 123 73 den

240 2817 434 100 crystalliniste
714 2815 130 83 Art
888 2837 80 74 og
1016 2811 254 100 Form;
1338 2807 98 101 ogj
1468 2812 298 92 ligeledes

239 2934 208 79 bliver
503 2938 122 70 den
671 2928 338 91 aandelige
1055 2921 188 95 Jord
1307 2921 371 95 besaaende
1737 2919 26 77 i

239 3036 415 101 Mennestet;
701 3034 133 98 Thi
863 3030 369 95 Mennesket
1265 3031 201 80 bliver
1497 3025 269 99 gandste

242 3153 120 94 ligt
398 3159 122 73 den
554 3148 338 96 aandelige
920 3144 326 98 Verden,
1280 3141 132 96 som
1450 3150 218 72 endnu
1700 3155 68 62 er

241 3260 200 99 ffiult.

383 3372 145 100 48.
591 3357 455 111 Discipelen
1111 3364 229 94 sagde:
1421 3358 201 84 Skal
1687 3375 85 75 og

244 3474 234 93 Mand
520 3502 87 79 og
634 3477 326 94 Qvinde,
1008 3473 220 85 Born
1256 3477 142 82 eller
1435 3466 337 95 Slægten

933 3583 100 94 D
1075 3599 64 85 4
1529 3596 116 85 S«,.
