2988 4670
2670 2 8 176 I

1173 489 36 66 3
1221 475 40 58 6

1179 651 274 98 Derfor
1481 651 168 82 kand
1685 657 122 76 den
1831 653 126 92 best
1993 653 208 94 lignes
2227 657 118 78 ved
2365 645 232 108 Intet;
2625 655 96 96 thi

1179 787 164 58 man
1379 765 128 78 kan
1545 765 124 78 ikke
1703 767 168 92 ligne
1907 779 116 62 ven
2055 773 120 68 ved
2203 763 264 98 Noget,
2501 765 218 90 efterdi

1185 885 124 70 den
1351 897 64 58 er
1461 877 234 90 dybere
1737 883 122 72 end
1909 883 102 70 det
2053 871 256 100 Noget:
2375 874 233 95 Altsaa
2655 899 66 60 er

1183 995 126 72 den
1341 993 118 72 alle
1493 983 180 98 Ting
1703 987 132 92 som
1887 1005 58 60 et
1977 983 238 98 Intet,
2261 985 168 96 fordi
2479 997 120 70 den
2655 1007 70 62 er

1183 1097 398 96 ubegribelig
1629 1119 80 70 og
1743 1093 334 102 ufattelig;
2141 1119 80 76 og
2253 1093 214 102 efterdi
2503 1107 120 70 den
2653 1117 68 62 er

1179 1209 140 92 som
1351 1225 58 62 et
1425 1203 222 100 Intet,
1681 1205 116 96 saa
1831 1229 64 58 er
1929 1215 116 72 den
2085 1205 114 92 frie
2235 1209 102 86 fra
2375 1213 116 72 alle
2511 1205 208 98 Ting,

1183 1339 84 74 og
1315 1339 66 58 er
1429 1327 104 70 det
1563 1321 226 88 eeneste
1823 1313 234 102 Gode,
2121 1317 228 98 hvilket
2383 1339 158 58 man
2593 1319 128 80 ikke

1183 1429 276 94 egentlig
1503 1427 172 80 kand
1719 1433 258 94 udsige,
2027 1427 176 100 hvad
2249 1439 102 70 det
2397 1449 84 58 er.
2545 1427 178 82 Men

1189 1557 70 62 ar
1293 1539 98 96 jeg
1423 1561 82 72 og
1525 1537 226 98 sagde:
1791 1537 166 98 Hvo
1987 1549 120 72 den
2135 1541 204 100 finder
2369 1549 118 70 den
2519 1539 206 96 finder

1185 1645 386 104 Alt;-Det
1641 1669 64 60 er
1755 1671 82 72 og
1883 1649 232 92 sandt:
2181 1647 132 100 Thi
2357 1657 118 72 den
2523 1647 204 98 haver

1181 1777 194 62 været
1443 1765 120 74 alle
1623 1755 226 100 Tings
1909 1757 464 100 Begyndelse,
2451 1779 84 76 og
2599 1767 126 72 den

1181 1871 276 92 regierer
1519 1875 120 74 alle
1703 1865 226 104 Ting;
2013 1869 302 92 Dersom
2373 1879 84 70 du
2515 1871 208 92 finder

1185 1989 164 88 Len,
1389 1981 114 90 faa
1535 1981 286 76 kommer
1859 1993 88 66 du
1993 1981 110 78 ind
2133 1985 20 74 i
2193 1991 118 70 den
2345 1977 256 86 Grund
2653 1975 82 98 af

1187 2087 258 98 hvilken
1487 2095 122 72 alle
1653 2085 180 98 Ting
1873 2111 98 58 ere
2007 2087 430 96 fremkomne,
2473 2107 82 78 og
2589 2089 138 80 deri

1189 2207 78 70 de
1325 2201 216 92 staae,
1607 2219 84 68 og
1753 2195 360 100 formedelst
2177 2209 120 70 den
2363 2203 82 94 est
2497 2209 88 70 du
2649 2219 78 58 en

1189 2307 250 96 Konge
1477 2329 154 58 over
1663 2315 118 72 alle
1810 2304 231 87 Guds
2073 2307 424 98 Gierninger.

1323 2421 136 92 28-
1525 2409 450 104 Discipelen
2021 2421 220 94 sagde:
2307 2416 221 84 Kjære
2573 2417 128 84 Me-

1189 2529 158 98 ster!
1415 2525 202 96 Hvor
1657 2529 152 78 boer
1851 2539 118 70 den
2009 2533 18 76 i
2065 2529 414 94 Menneffet?

1317 2633 396 96 Mesteren
1753 2641 288 92 svarede:
2107 2639 200 98 Hvor
2354 2636 371 95 Mennesket

1191 2747 128 82 ikke
1365 2749 152 80 boer
1547 2747 162 100 felv,
1753 2759 114 74 der
1915 2749 202 102 haver
2165 2761 120 72 den
2341 2757 76 92 sit
2445 2751 222 82 Sæde
2705 2751 24 78 i

1185 2857 403 93 Mennesket

1325 2985 136 82 29.
1527 2961 452 108 Discipelen
2027 2973 300 96 spurgte:
2391 2967 200 100 Hvor
2631 2977 100 76 det

1189 3099 70 62 er
1295 3079 132 96 fom
1466 3078 371 88 Mennesket
1879 3081 124 82 ikke
2051 3085 154 78 boer
2249 3083 20 76 i
2307 3085 90 92 sig
2431 3083 176 92 selv?

1321 3183 398 94 Mesteren
1765 3193 300 90 svarede:
2131 3189 156 88 Det
2329 3215 66 58 er
2429 3195 20 78 i
2497 3201 112 70 den
2655 3193 74 78 til

1189 3295 290 86 Grunde
1509 3295 506 104 GUdhengivne
2049 3305 230 94 Siæl,
2329 3301 244 98 hvilken
2631 3299 78 95 af-

1190 3414 156 81 doer
1381 3415 86 98 sin
1523 3431 154 80 egen
1707 3409 274 110 Villie,
2025 3439 86 78 og
2157 3415 298 100 begiærer
2501 3411 122 82 ikke
2657 3427 72 70 ar

2527 3529 80 82 le-

124 3791 3 1 -
