2944 4670
1039 579 120 88 84

1047 765 208 78 maae
1281 759 66 80 vi
1389 759 64 92 jo
1505 752 278 102 beskylde
1825 776 122 60 vor
1987 752 178 90 Gud
2207 749 104 104 for
2355 751 288 98 Mängel
2681 753 80 97 af

1049 863 386 90 Vnsdom,
1493 874 70 62 ar
1621 858 132 94 han
1813 862 226 90 glemte
2095 869 72 66 at
2223 855 176 98 giøre
2455 859 104 74 det
2621 855 130 96 her,

1053 961 142 92 som
1257 979 158 60 man
1475 974 242 62 maatte
1773 956 237 94 tænke,
2077 954 132 91 han
2261 953 210 80 kunde
2511 953 178 92 giøre
2727 957 22 76 i

1052 1059 428 95 Evigheden;
1550 1054 124 96 Og
1718 1054 112 96 saa
1872 1072 244 62 maatte
2162 1061 110 86 de,
2328 1051 134 92 som
2508 1051 108 94 her
2660 1071 94 62 ere

1052 1159 226 88 Guds
1320 1154 496 85 Naade-Kald
1862 1158 254 92 lydige,
2184 1155 184 94 heller
2408 1159 200 88 vælge
2648 1151 108 88 her

1052 1275 76 64 at
1190 1263 166 88 nyde
1408 1255 350 93 Syndens
1810 1256 270 92 timelige
2132 1249 180 98 Lyst,
2374 1253 20 76 i
2458 1247 300 88 Sræden

1052 1355 108 96 for
1228 1363 120 74 den
1416 1373 228 77 trange
1718 1374 82 74 og
1868 1350 104 94 for
2034 1352 252 82 Kiodet
2348 1351 408 94 ubehagelige

1048 1457 218 92 Vey,
1296 1475 203 73 naar
1560 1460 76 72 de
1678 1458 88 76 da
1810 1458 20 72 i
1870 1450 438 97 Straffernes
2348 1447 410 98 Begyndelse

1048 1563 144 74 eller
1236 1563 184 74 deres
1446 1552 132 86 Lob
1614 1552 208 80 kunde
1856 1572 168 58 være
2058 1554 110 76 vis
2206 1569 162 74 paa,
2404 1567 72 62 ar
2508 1547 250 82 komme

1048 1661 101 76 ud
1192 1651 201 94 deraf.
1496 1654 219 94 Hvad
1752 1648 333 96 Eftertryk
2124 1653 145 74 laae
2306 1653 111 76 der
2454 1655 91 74 da
2580 1649 63 94 i,
2686 1665 75 64 at

1047 1755 184 84 Gud
1275 1757 144 76 med
1461 1751 112 93 saa
1615 1772 222 74 megen
1861 1748 280 94 Omhue
2175 1749 20 76 i
2229 1749 82 92 sit
2333 1745 162 86 Ord
2533 1749 228 93 lokker,

1047 1853 218 80 kalder
1319 1875 84 70 og
1459 1859 232 87 drager
1733 1850 366 94 Syndere,
2139 1845 134 94 som
2329 1853 104 72 det
2491 1867 124 62 var
2655 1853 106 78 det

1049 1955 198 88 eneste
1301 1949 300 95 Arbeyde
1623 2000 24 42 ,
1713 1954 112 76 der
1883 1954 140 74 laae
2077 1946 156 97 ham
2291 1945 214 96 Magt
2559 1953 200 92 paa?

1049 2047 306 86 Videre:
1411 2055 104 74 der
1555 2054 108 76 der
1703 2048 204 92 skulde
1947 2048 248 91 bevæge
2227 2045 220 84 Guds
2489 2047 240 86 Barm-

1051 2149 356 98 hjertighed
1446 2151 165 75 midt
1651 2150 208 76 under
1899 2142 430 97 Strafferne,
2381 2163 248 64 maatte
2673 2169 86 75 og

1055 2271 150 60 røre
1251 2247 156 96 ham
1447 2250 120 76 ved
1611 2250 184 76 deres
1837 2239 430 99 Begyndelse.
2393 2243 168 80 Kan
2599 2247 165 96 han,

1054 2347 142 94 som
1242 2347 216 94 Gud,
1516 2346 180 92 giøre
1748 2348 104 76 det
1888 2344 214 94 siden,
2172 2337 110 94 saa
2340 2341 126 80 kan
2506 2343 134 88 han
2680 2365 84 73 og

1054 2453 182 90 giøre
1290 2451 100 74 der
1446 2449 126 87 da;
1644 2440 258 98 følgelig
1960 2440 170 94 faldt
2184 2437 398 100 Strafferne
2644 2443 120 96 hen

1052 2553 154 74 med
1250 2561 112 76 eet,
1406 2565 82 73 og
1530 2548 108 74 der
1664 2542 138 78 blev
1828 2542 202 80 indret
2050 2543 196 78 andet
2268 2537 96 96 af,
2390 2549 120 74 end
2536 2563 74 58 en
2633 2545 101 93 the-

1057 2644 239 92 atralsk
1342 2643 404 100 Forestilling
1786 2640 78 90 af
1900 2640 176 98 hvad
2120 2643 110 78 der
2284 2639 210 82 kunde
2552 2649 208 76 mode.

1058 2743 282 86 Skulde
1396 2765 88 58 nu
1530 2742 176 86 Gud
1762 2760 160 78 gaae
1984 2760 74 62 en
2114 2745 212 74 anden
2384 2739 174 98 Vey
2616 2749 144 76 med

1056 2843 190 96 disse,
1286 2847 122 76 end
1454 2841 132 97 han
1628 2862 196 76 gaaer
1866 2842 110 98 her
2020 2844 22 74 i
2082 2838 256 99 Tiden,
2380 2839 204 96 ffulde
2628 2845 130 88 han

1056 2953 151 72 med
1268 2965 77 58 en
1400 2941 491 100 uimodsaaelig
1936 2940 213 95 Magt
2208 2943 215 94 tvinge
2480 2963 83 74 og
2624 2963 109 62 om-

1057 3045 182 94 ffave
1279 3049 184 76 deres
1505 3044 306 96 Hierrer;
1877 3040 94 94 thi
2012 3037 258 100 Hjertet
2311 3059 188 62 maae
2541 3041 190 94 foran-

1059 3149 156 74 dres
1283 3145 70 76 til
1419 3159 70 62 at
1549 3140 206 80 kunde
1813 3140 174 98 finde
2041 3138 256 99 Behag
2361 3145 24 76 i
2439 3141 176 84 Gud
2677 3165 80 76 og

1059 3243 182 94 hans
1277 3239 382 97 Salighed;
1712 3238 136 92 saa,v
1883 3254 74 64 at
1995 3242 98 92 jeg
2135 3239 124 82 ikke
2299 3241 122 92 ffal
2461 3247 124 80 tale
2623 3265 132 76 om,

1059 3341 180 82 Gud
1285 3339 282 90 saaledes
1613 3342 338 90 ophævede
1991 3342 122 78 den
2157 3337 294 84 Naades
2493 3339 260 100 Orden,

1061 3441 136 92 han
1239 3439 106 94 her
1393 3439 122 90 har
1553 3438 332 96 etablerer,
1929 3438 346 95 modsagde
2317 3443 92 96 sig
2449 3439 162 100 selv,
2669 3463 82 74 og

1057 3539 263 106 følgelig
1357 3539 127 86 ikke
1517 3558 125 68 var
1679 3536 177 92 Gud
1895 3544 313 98 længere;
2255 3543 139 94 flød
2433 3561 83 80 og
2553 3541 201 96 deraf,

2688 3655 68 70 ar
