2944 4670
1079 824 137 83 ter,
1259 813 105 77 det
1401 801 157 99 Lys,
1599 801 137 92 søm
1777 796 243 99 oplyser
2067 795 157 97 hver
2267 795 161 90 den,
2471 791 112 75 der
2625 783 138 83 kom-

1090 929 143 64 mer
1286 910 71 82 til
1408 883 309 111 ferden.
1820 899 149 97 Her
2028 917 64 60 er
2154 900 88 75 da
2284 884 508 93 aabenbarer-en
2722 904 70 66 en

1087 1008 221 92 Magt
1347 1025 83 82 og
1483 998 378 96 Kærlighed
1907 1018 83 73 og
2033 993 289 93 Naade,
2371 988 136 93 som
2549 984 124 78 kan
2713 1004 77 73 og

1094 1110 95 81 vil
1226 1105 334 100 saliggiøre
1600 1105 143 87 alle,
1788 1099 247 90 ffiøndt
2072 1100 122 74 den
2236 1113 73 69 ey
2354 1085 258 88 virkelig
2641 1083 151 90 giør

1087 1210 111 76 det
1249 1210 123 73 ved
1433 1206 119 76 alle
1617 1197 103 98 for
1783 1201 184 79 deres
2029 1190 396 95 forhærdede
2497 1178 300 97 Hierters

1090 1300 264 99 Skyld.

1305 1396 186 87 Den
1553 1388 178 87 Gud
1793 1407 131 73 nu,
1985 1383 134 90 som
2181 1383 126 79 kan
2365 1401 82 72 og
2500 1378 88 78 Vil
2635 1378 166 91 giøre

1094 1504 126 80 ave
1284 1492 223 97 salige,
1570 1489 124 84 kan
1756 1494 129 86 dog
1924 1483 124 84 ikke
2086 1484 176 94 giøre
2312 1478 256 96 syndige
2614 1479 164 77 Men-

1099 1595 202 94 nesker
1343 1590 225 96 sillige,
1613 1589 310 93 saalænge
1967 1590 74 73 de
2089 1602 96 64 ere
2228 1577 369 95 Syndere,
2639 1578 164 76 uden

1102 1712 76 68 at
1218 1691 342 94 fornærme
1604 1691 92 94 sin
1728 1684 368 99 Hevighed.
2203 1677 219 99 Hans
2459 1672 345 102 Hellighed

1101 1816 66 62 er
1227 1793 156 96 ham
1443 1793 116 91 lige
1621 1787 106 92 saa
1791 1804 132 62 nær
1985 1803 82 74 og
2127 1782 118 91 lige
2314 1776 111 90 saa
2467 1772 338 93 væsentlig,

1108 1892 138 96 som
1290 1892 174 92 hans
1520 1888 334 91 Godhed;
1920 1882 68 94 ja
2030 1881 176 86 hans
2247 1875 297 98 Godhed
2586 1893 68 64 er
2695 1870 117 83 ikke

1107 1997 238 85 ander,
1409 1994 120 78 end
1593 1987 174 88 hans
1822 1979 387 101 Hellighed,
2252 1975 107 95 for
2400 1975 253 90 saavidt
2692 1976 119 80 den

1116 2095 278 79 udøves.
1500 2081 186 92 Efter
1731 2082 177 92 hans
1947 2079 345 98 Hellighed
2334 2079 202 75 taaler
2579 2071 135 94 han
2740 2088 70 75 ey

1113 2194 126 78 den
1295 2186 268 92 mindste
1604 2181 267 95 Synd,
1915 2197 146 62 men
2098 2176 251 94 fordrer
2389 2195 76 62 en
2496 2169 295 93 fuldkom-

1112 2308 154 63 men
1305 2284 387 99 Hellighed;
1748 2277 91 108 thi
1884 2282 170 80 uden
2095 2274 349 100 Hellighed
2487 2270 127 94 stal
2637 2271 185 91 ingen

1112 2386 89 94 see
1244 2385 301 99 Herren;
1615 2401 80 73 og
1758 2380 133 91 han
1951 2375 90 84 vil
2088 2374 165 96 have
2297 2382 82 73 os
2417 2373 170 80 uden
2627 2367 168 97 ringe-

1120 2490 88 85 ste
1261 2485 201 90 Lvde,
1518 2474 382 99 ustraffelige
1954 2493 84 76 og
2080 2493 146 65 rene
2265 2469 109 97 for
2413 2471 97 92 sin
2553 2464 209 93 Dom
2797 2465 23 78 i

1119 2592 128 78 den
1288 2582 263 106 Herres
1602 2576 171 101 Jesu
1832 2575 229 96 herlige
2100 2566 489 94 Aabenbarelse.
2688 2564 129 92 Da

1118 2688 194 103 ingen
1369 2682 249 91 saadan
1673 2674 349 100 Hellighed
2057 2673 127 85 kan
2225 2669 189 100 faaes
2456 2672 142 82 eller
2640 2670 156 80 vend-

1123 2793 106 76 tes
1283 2780 80 92 af
1402 2778 463 93 Menneskene,
1938 2772 287 102 saaledes
2282 2770 137 98 som
2478 2772 77 80 de
2590 2758 235 100 ere-as
2755 2759 70 98 af

1122 2890 152 80 dem
1315 2880 159 100 selv,
1519 2879 227 95 hvilket
1786 2881 206 90 endog
2037 2881 75 77 de
2152 2892 194 66 maae
2388 2871 270 89 tilstaae,
2699 2864 121 94 som

1123 3006 78 73 ey
1242 2983 211 85 Kende
1493 2974 515 94 Nye-Synden
2052 2975 21 78 i
2116 2978 163 76 dens
2316 2966 183 98 fulde
2534 2966 285 96 Begreb,

1125 3086 129 90 har
1299 3082 133 98 han
1471 3079 121 91 selv
1635 3077 213 84 beredt
1886 3096 76 58 en
2005 3071 443 96 fuldkommen
2489 3068 329 98 Hellighed

1130 3186 25 82 i
1196 3185 179 94 hans
1416 3179 187 89 Son
1642 3176 191 98 Jesu,
1874 3175 255 93 saadan
2167 3197 98 70 en,
2306 3174 133 88 som
2466 3168 355 96 fyldestgior

1132 3289 122 76 alle
1313 3282 177 94 hans
1541 3278 441 99 Fordringer,
2044 3294 82 74 og
2185 3275 313 96 hvormed
2556 3289 108 60 ene
2707 3266 119 96 han

1140 3382 139 93 som
1326 3386 121 80 den
1488 3380 217 97 hellige
1746 3378 179 81 Gud
1967 3395 64 60 er
2070 3373 321 95 fornøyet.
2498 3370 205 102 Hvor
2742 3384 80 64 nu-

1135 3488 203 103 denne
1135 3490 203 81 henne
1401 3481 215 94 findes
1676 3500 80 70 og
1805 3475 129 94 sees
1990 3475 82 92 af
2119 3474 227 96 Gud,
2391 3479 113 75 der
2543 3472 123 79 kan
2711 3466 117 86 han

1135 3586 232 83 uddele
1422 3577 461 103 Saligheden,
1940 3574 135 96 som
2141 3583 122 78 ved
2304 3580 121 78 den
2469 3594 106 62 ene
2613 3589 64 64 er
2714 3564 91 90 for-

2697 3668 139 86 tjent
