2944 4670
1062 573 103 88 Jo

1059 759 134 84 De
1233 773 134 64 troe
1409 748 300 98 derefter,
1753 751 74 78 de
1869 764 134 66 troe
2043 752 128 92 der,
2213 747 252 98 ligesom
2511 762 78 62 en
2635 740 132 104 Fa»

1061 859 101 78 bel
1217 861 141 74 eller
1421 852 285 95 Drøm,
1773 855 77 74 de
1903 868 135 60 troe
2081 856 143 91 det,
2283 847 123 82 ikke
2459 852 145 74 med
2649 854 117 72 den

1060 954 586 93 Overbevisning,
1688 949 136 96 som
1868 955 72 73 de
1976 954 182 76 ellers
2202 965 136 64 troe
2374 965 74 62 at
2494 968 74 56 en
2612 940 154 100 Tyv

1060 1057 126 94 stal
1230 1055 260 94 hænges
1534 1074 80 73 og
1660 1071 74 58 en
1776 1049 290 82 Morder
2110 1053 274 90 aflives;
2428 1044 94 98 thi
2554 1048 218 92 giorde

1064 1159 79 78 de
1184 1161 103 76 der
1326 1154 21 76 i
1386 1151 393 94 Sandhed,
1826 1151 211 90 havde
2078 1154 183 74 deres
2306 1145 179 90 Troe
2524 1166 83 74 og
2656 1166 109 58 am

1065 1263 112 72 dre
1229 1249 246 104 Følger
1525 1256 20 74 i
1611 1247 372 93 Udøvelsen.
2111 1248 262 83 Videre
2427 1246 90 78 vil
2557 1246 98 94 jeg
2699 1264 74 73 ey

1065 1359 202 80 denne
1325 1355 216 93 Gang
1595 1350 258 83 indlade
1909 1350 134 94 mig
2079 1350 20 76 i
2165 1356 118 73 den
2337 1347 290 80 Materie
2665 1360 104 63 om

1067 1449 443 103 Straffernes
1549 1451 447 92 Uendelighed.
2051 1446 161 86 Det
2255 1469 65 58 er
2361 1445 143 91 nok,
2547 1462 71 62 at
2661 1444 111 92 har

1064 1573 80 62 ve
1186 1555 178 94 viist,
1536 1556 202 74 denne
1780 1549 164 82 Lære
1986 1548 268 94 hverken
2300 1569 66 58 er
2404 1541 194 99 farlig
2634 1550 136 74 eller

1064 1655 322 93 urimelig,
1414 1656 138 76 eller
1580 1645 438 100 ffrift-stridig.
2122 1645 278 84 Skulde
2432 1651 102 77 det
2556 1646 216 94 giøres

1064 1751 377 96 fornødent,
1481 1772 80 74 og
1602 1745 329 98 Leylighed
1970 1742 357 99 forundes,
2382 1739 125 84 kan
2548 1750 105 74 det
2692 1758 83 79 og

1065 1873 78 58 en
1185 1857 212 74 anden
1443 1850 218 93 Gang
1703 1843 202 97 vises,
1963 1866 70 60 at
2079 1839 456 105 Forfatterens
2591 1842 186 98 Ind»

1067 1951 348 93 vendinger
1467 1956 154 72 mod
1689 1951 196 76 denne
1943 1940 292 89 Lærdom
2311 1961 70 78 ey
2453 1943 164 99 have
2657 1948 120 78 den

1068 2051 318 93 tilbørlige
1427 2045 271 97 Styrke
1738 2051 138 74 eller
1919 2042 383 99 Rigtighed.

2027 2240 132 69 -H-H-
2167 2240 60 67 -fy
2247 2240 49 52 &•
2312 2240 44 52 &
2712 2234 68 72 ^

1581 2405 240 122 2det
1867 2403 434 137 Kapitel.

1495 2610 189 110 Om
1721 2604 643 118 Arve-Synden.

1266 2853 185 80 kulde
1488 2852 147 89 den,
1680 2837 137 100 som
1856 2848 297 92 plantede
2194 2843 207 100 Øret,
2440 2840 129 88 ikke
2608 2844 173 96 høre,

1319 2953 208 93 ffulde
1569 2956 144 79 den,
1759 2945 132 90 som
1935 2950 292 74 dannede
2265 2945 210 99 Øyet,
2517 2946 124 78 ikke
2665 2942 116 94 see?

1075 3055 280 84 Skulde
1399 3048 212 92 Gud,
1671 3043 134 94 som
1863 3039 204 99 ffabte
2129 3056 80 67 os
2249 3047 416 95 Menneffer,
2709 3063 72 76 og

1077 3155 137 80 bær
1255 3161 83 70 os
1381 3154 121 74 ved
1543 3144 79 96 sit
1659 3141 291 96 Kraftes
1989 3140 191 98 Ord,
2223 3147 21 76 i
2289 3145 249 86 hvilken
2571 3144 67 80 vi
2673 3164 109 75 ere,

1080 3261 132 76 leve
1278 3271 80 73 og
1398 3256 232 83 røres,
1690 3243 136 94 som
1868 3242 352 96 randsager
2260 3243 388 98 Hierterne,
2710 3261 74 74 og

1076 3367 240 82 prøver
1384 3344 342 96 Nyrerne,
1808 3341 208 98 ffulde
2080 3342 132 98 han
2268 3343 126 82 ikke
2424 3343 245 100 kjende
2712 3349 74 71 os

1080 3457 187 90 langt
1310 3447 213 91 bedre,
1563 3449 118 73 end
1728 3443 65 78 vi
1854 3441 121 92 selv
2014 3442 213 81 kiende
2275 3447 118 76 vs?
2448 3443 125 95 Og
2608 3452 179 67 maae

1087 3549 124 80 ikke
1265 3562 120 67 vor
1425 3541 381 108 Kundskab
1867 3558 108 62 om
2033 3554 82 66 os
2157 3538 120 95 selv
2325 3543 174 93 billig
2545 3552 182 84 tages
2767 3541 18 76 i

1091 3645 228 100 Tvivl,
1359 3662 176 66 naar
1581 3648 122 79 den
1745 3639 178 86 løber
1965 3640 180 88 imod
2181 3648 120 81 den
2331 3633 460 110 Efterretning,

2661 3730 129 110 som
