2865 4665
139 769 72 68 at
261 756 106 76 det
421 765 124 63 var
601 745 126 81 ikke
771 754 76 75 de
889 744 240 94 samme
1187 740 463 98 Skabninger,
1701 735 136 94 som

138 873 158 62 vare
340 846 349 97 fordømte,
728 852 110 76 der
882 868 92 58 nu
1012 847 170 78 bleve
1222 861 190 77 tagne
1454 845 72 76 til
1552 838 290 94 Naade;

143 962 182 71 deres
381 945 232 96 forrige
677 946 240 84 Natur
977 946 138 79 blev
1173 946 232 75 derved
1461 941 380 89 annulleret,

142 1073 80 70 og
280 1069 116 74 nye
439 1045 443 96 Skabninger
941 1044 175 79 bleve
1169 1040 393 96 frembragte
1615 1034 107 93 for
1770 1050 72 64 at

137 1167 150 77 rage
334 1146 185 85 Deel
574 1149 23 74 i
648 1145 457 99 Herligheden.
1282 1137 175 83 Men
1512 1137 179 85 Gud
1753 1136 92 78 vil

141 1249 209 93 have,
412 1263 72 63 ar
537 1252 77 73 de
669 1245 243 95 samme
955 1240 483 94 Skabninger,
1495 1235 139 95 som
1679 1237 165 92 have

136 1346 265 95 synder,
462 1344 221 96 ffulle,
740 1363 171 60 naar
952 1346 75 76 de
1072 1357 173 76 troe,
1306 1334 209 98 erfare
1554 1354 83 76 og
1676 1334 169 90 nyde

141 1447 179 90 hans
357 1443 393 98 Salighed,
807 1439 263 98 følgelig
1123 1438 127 80 kan
1309 1439 135 95 han
1485 1434 125 80 ikke
1647 1435 199 76 andet

144 1553 125 75 end
324 1545 171 79 virke
546 1565 137 74 paa
738 1564 77 60 en
876 1539 419 96 modstaaelig
1350 1536 305 89 Maade,
1721 1527 123 95 faa

141 1651 111 76 det
301 1664 187 59 maae
541 1647 177 88 saae
771 1641 73 80 ril
901 1646 187 85 dem,
1142 1656 181 60 enten
1379 1642 75 74 de
1511 1634 145 80 ville
1699 1634 149 75 lade

144 1747 161 90 ham
346 1745 169 80 virke
570 1749 141 76 eller
762 1761 95 72 ey.
1000 1737 143 98 Jeg
1204 1736 201 93 fætter
1472 1753 93 61 nu
1584 1782 23 44 ,
1668 1727 179 86 Gud

143 1845 205 79 bliver
389 1850 123 76 ved
567 1863 73 60 ar
677 1840 275 93 arbeyde
993 1845 147 73 med
1181 1842 203 75 denne
1421 1834 251 81 Naade
1711 1848 139 76 paa

150 1949 189 74 deres
396 1944 315 98 Hierrer,
744 1937 144 94 e’faa
934 1953 198 63 enten
1191 1936 345 87 modsaae
1590 1936 74 72 de
1724 1935 122 71 den

141 2040 343 95 fremdeles
519 2050 144 73 eller
703 2060 94 76 ey.
947 2036 400 99 Jmodstaae
1407 2038 74 75 de
1537 2035 137 82 den,
1699 2025 151 93 ikke,

140 2136 118 98 faa
298 2163 190 60 maae
528 2148 76 74 de
646 2160 96 58 nu
788 2137 166 96 have
994 2137 250 78 mindre
1286 2131 412 99 Hindringer
1738 2121 108 95 fra

147 2259 72 62 ar
277 2242 354 92 imodstaae
681 2236 298 84 Naaden
1031 2239 142 75 eller
1227 2232 360 78 tverrimod.
1744 2221 105 83 Er

148 2345 108 74 det
308 2342 236 94 første,
616 2337 112 94 saa
782 2354 130 61 var
966 2340 104 73 det
1103 2333 107 101 jo,
1233 2327 221 84 Guds
1509 2327 343 83 Viisdom

145 2441 414 93 anstændigst
613 2455 72 62 ar
730 2434 95 81 bie
877 2438 144 73 med
1079 2434 160 89 alle,
1294 2429 187 77 indtil
1522 2431 75 75 de
1638 2424 147 77 kom
1828 2420 25 78 i

150 2557 80 60 en
273 2538 331 95 Tilstand,
649 2539 167 85 hvor
859 2537 113 77 der
1011 2527 337 98 formodes
1387 2525 249 81 mindre
1669 2521 153 98 Hin-

146 2637 305 99 dringer,
522 2641 121 75 end
710 2636 153 93 her,
928 2652 83 75 og
1066 2629 111 92 saa
1232 2633 143 74 lade
1426 2622 425 96 Menneskene

151 2735 309 98 uhindret
497 2741 167 88 nyde
705 2730 331 87 Verdens
1075 2729 205 83 Gode
1319 2729 131 87 her.
1597 2720 103 87 Er
1745 2727 107 73 der

150 2837 223 96 sidste,
436 2852 69 64 at
546 2834 489 101 Hindringerne
1082 2828 125 81 ikke
1246 2847 95 58 ere
1382 2826 217 82 blevne
1640 2822 209 93 færre,

153 2955 149 61 men
357 2943 99 74 vel
519 2956 81 73 og
655 2937 145 91 flere
857 2953 81 73 og
981 2932 243 93 større,
1267 2921 285 95 eftersom
1597 2926 97 91 de,
1741 2925 113 77 der

154 3045 175 72 uden
368 3035 177 88 Troe
582 3054 165 77 gaae
786 3035 111 74 ind
936 3030 23 78 i
1004 3028 403 96 Evigheden,
1450 3023 249 79 komme
1736 3025 115 73 der

151 3135 113 83 ind
309 3143 143 74 med
495 3154 75 60 en
611 3137 199 94 større
853 3125 521 98 Gienstridighed
1417 3127 153 75 mod
1611 3118 175 83 Gud
1831 3124 23 74 i

152 3243 187 79 deres
376 3233 289 98 Hierrer,
706 3236 119 75 end
866 3235 75 73 de
982 3230 147 77 kom
1156 3226 69 80 til
1248 3223 285 85 Verden
1558 3225 169 86 med,
1756 3223 93 75 da

157 3357 79 58 en
269 3332 285 97 forskudt
575 3332 248 81 Naade
857 3330 161 79 altid
1055 3323 282 98 forlader
1361 3320 254 99 Hierret
1655 3321 162 84 haar-

160 3441 181 89 dere,
398 3438 120 77 end
560 3438 120 73 den
722 3428 192 96 fandt
952 3434 147 87 det;
1174 3422 208 83 Naar
1426 3441 90 58 nu
1562 3418 284 92 saaledes

161 3531 448 104 Modstanden
641 3551 85 77 og
751 3528 490 103 Hindringerne
1283 3542 96 66 ere
1417 3522 216 83 blevne
1677 3519 170 88 flere,

922 3626 90 89 B
1056 3649 34 74 5
1611 3616 236 89 deels
