2944 4670
1092 788 192 75 over,
1353 771 19 79 i
1419 768 499 104 Betragtning,
1969 775 310 98 saa-kan
2155 778 125 81 kan
2338 794 234 86 mange
2621 778 175 108 Ting

1088 869 167 78 blive
1296 882 175 82 rette,
1514 871 131 90 som
1702 879 183 75 ellers
1926 878 185 91 jynes
2154 878 283 98 krogede.

1305 963 132 101 Nu
1485 989 159 76 gaae
1683 973 65 78 vi
1789 973 69 78 til
1905 994 75 59 en
2021 980 213 77 anden
2281 977 195 100 Post.
2527 982 69 96 I
2621 980 173 103 Fald

1086 1069 111 75 der
1252 1083 123 61 var
1434 1088 207 75 nogen
1698 1068 459 99 Misforstand
2214 1079 21 72 i
2298 1084 119 72 den
2478 1079 165 81 Lære
2686 1101 105 61 om

1085 1161 435 98 Straffernes
1579 1169 463 98 Uendelighed,
2109 1192 79 77 og
2249 1179 119 75 den
2451 1197 73 75 ey
2605 1178 185 97 hvilte

1078 1283 140 76 paa
1260 1263 108 92 saa
1412 1267 210 93 stærke
1664 1266 329 97 Grunde,
2066 1270 134 92 som
2246 1277 120 77 den
2408 1275 159 96 har,
2614 1282 174 78 lader

1081 1375 82 67 vs
1209 1368 88 75 da
1339 1361 124 97 see,
1513 1366 198 89 hvilke
1751 1366 422 95 ffræksomme
2215 1371 242 100 Følger
2497 1381 118 75 den
2661 1373 102 92 før-

1076 1477 62 65 te
1184 1467 144 74 med
1375 1464 93 94 sig
1509 1465 125 92 hos
1680 1470 166 92 dem,
1887 1466 133 92 som
2064 1486 238 79 antage
2343 1458 273 114 samme;
2657 1475 135 93 Thi

1084 1567 117 89 de,
1258 1559 133 92 som
1450 1562 123 81 ikke
1628 1566 197 95 bryde
1884 1570 133 95 sig,
2079 1590 108 61 om
2244 1571 393 100 Strafferne
2693 1597 96 61 ere

1079 1659 371 99 uendelige,
1511 1669 139 75 eller
1697 1686 113 75 ey,
1871 1667 280 91 tilsaaer
2193 1671 233 89 enhver
2471 1678 131 92 mig
2647 1675 143 99 nok,

1074 1761 249 78 komme
1400 1760 121 81 ikke
1592 1768 107 82 her
1776 1767 21 78 i
1884 1764 477 102 Betragtning.
2526 1774 265 84 Endreu

1075 1876 247 64 maatte
1367 1866 119 74 den
1527 1867 89 75 da
1653 1868 193 91 lægge
1891 1886 209 75 nogen
2145 1866 269 101 Hinder
2457 1875 21 76 i
2505 1877 119 77 den
2649 1875 111 92 san-

1078 1963 78 72 de
1200 1956 491 98 Christendom,
1752 1985 81 75 og
1890 1984 76 60 en
2022 1963 344 102 Christens
2422 1969 367 103 forrroelige

1079 2055 204 89 Tillid
1339 2062 70 74 til
1469 2078 84 75 og
1619 2060 328 97 Omgang
2001 2072 144 74 med
2209 2069 215 98 Gud,
2501 2078 142 75 eller
2701 2097 87 73 og

1081 2157 225 96 hindre
1351 2159 75 77 de
1477 2157 347 100 borgerlige
1867 2160 273 95 Dyder.
2241 2165 161 85 Det
2434 2167 192 99 første
2662 2173 128 79 kan

1078 2256 125 80 ikke
1248 2257 165 94 have
1460 2254 259 97 Sræd,
1762 2259 91 93 thi
1895 2280 78 59 en
2014 2259 341 101 Christens
2396 2269 363 97 Fortroelig-

1077 2357 123 94 hed
1245 2377 81 72 og
1371 2354 377 98 Kierlighed
1791 2360 73 78 til
1909 2358 203 98 Gud,
2153 2360 191 91 fødes
2389 2367 121 81 ikke
2539 2366 75 94 af
2633 2391 123 75 nog-

1076 2459 57 76 le
1170 2452 525 95 Speculationer
1732 2477 151 59 over
1926 2440 435 117 Straffernes
2386 2464 393 99 Endelighed

1075 2559 145 76 eller
1279 2555 469 97 Uendelighed,
1801 2577 145 62 men
2003 2558 237 93 udøses
2301 2568 21 76 i
2363 2564 261 101 Hierret
2661 2571 117 77 ved

1074 2659 128 74 den
1244 2653 181 100 hellig
1466 2650 202 86 Aand
1716 2655 128 96 hos
1886 2662 185 94 dem,
2128 2660 136 93 som
2306 2686 95 61 ere
2446 2663 333 100 Evangelii

1075 2751 162 85 Ord
1293 2754 254 97 lydige,
1607 2755 232 95 hvilket
1889 2756 162 87 Ord
2109 2760 254 100 bringer
2421 2773 120 74 den
2601 2769 173 93 hellig

1076 2853 246 96 Aand,
1366 2870 82 76 og
1500 2857 122 77 alle
1679 2854 177 99 hans
1896 2856 240 87 Gaver
2176 2870 146 78 med
2366 2866 92 97 sig
2500 2868 72 78 til
2610 2872 164 92 dem,

1076 2951 137 92 som
1255 2955 120 76 ved
1414 2948 223 93 Troen
1675 2976 360 65 annamme
2072 2966 123 77 det.
2328 2962 255 87 Endnu
2619 2969 128 77 min-

1075 3057 111 75 dre
1229 3052 207 80 kunde
1477 3059 101 76 det
1615 3054 275 95 Begreb
1935 3079 107 60 om
2085 3060 433 100 Straffernes
2543 3068 205 82 Uende-

1074 3150 209 98 lighed
1356 3152 275 92 opholde
1702 3161 139 76 eller
1922 3158 249 95 ffrække
2228 3169 183 94 dem,
2468 3163 135 96 som
2658 3171 113 79 ved

1075 3249 225 89 Troen
1343 3271 93 61 ere
1477 3251 219 82 blevne
1737 3251 251 103 forligte
2033 3266 143 77 med
2219 3261 175 87 Gud
2413 3317 23 44 ,
2485 3286 79 76 og
2611 3266 161 95 have

1073 3346 180 102 faaet
1290 3349 175 101 Fred
1504 3358 143 76 med
1686 3354 181 98 ham,
1908 3357 93 92 thi
2040 3365 107 75 der
2186 3383 65 60 er
2288 3366 63 88 jo
2390 3367 185 96 ingen
2610 3364 133 101 For-

1069 3450 346 90 dømmelse
1473 3447 104 98 for
1633 3458 144 77 dem
1835 3454 134 92 som
2019 3480 100 60 ere
2175 3471 24 72 i
2263 3463 262 98 Christo
2565 3464 201 100 Jesu,

1068 3567 86 81 og
1196 3546 258 106 følgelig
1498 3573 254 81 angaae
1790 3553 392 109 Strafferne
2228 3567 144 84 dem
2406 3587 92 80 ey.
2552 3565 194 90 Skul-

2689 3673 74 82 de
