2865 4665
1734 597 106 87 17

122 782 142 80 eller
302 783 112 80 der
454 775 200 100 hsres
696 777 204 83 indrer
934 778 220 86 Guds
1190 774 190 102 Ord,
1418 778 256 103 følgelig
1714 783 86 84 bli-

117 898 116 64 ver
276 882 183 93 ingen
504 885 109 72 der
658 877 195 98 salig;
927 884 184 76 ellers
1152 895 243 65 maatte
1439 885 66 78 vi
1547 881 84 94 af
1662 883 135 94 sam-

113 1000 104 60 me
253 978 254 83 Grund
553 977 270 98 forkaste
865 1000 80 76 og
993 982 196 78 tvivle
1213 998 132 74 paa
1371 978 260 87 Børns
1659 983 136 84 Sa-

115 1080 244 95 lighed,
421 1075 136 96 som
613 1083 122 76 døe
775 1073 108 100 før
949 1082 182 78 deres
1185 1076 410 100 ffiønsomme
1635 1081 190 98 Aar;

113 1176 174 82 Men
353 1179 66 78 vi
485 1177 122 84 bør
677 1173 106 96 fra
849 1175 312 89 Daaben
1241 1198 84 76 og
1393 1173 106 100 fra
1559 1185 122 74 alle
1743 1191 84 72 de

111 1274 300 99 Sprog,
453 1273 134 98 som
633 1279 234 92 handle
911 1298 110 58 om
1063 1276 220 84 Guds
1325 1276 378 99 Kierlighed
1747 1281 78 82 til

109 1382 124 74 alle
269 1375 398 97 Mennesker
771 1373 184 96 (tutte
1009 1380 70 78 ril
1125 1378 176 86 hans
1345 1374 296 85 Naades
1689 1377 102 86 Ar-

114 1474 198 94 beyde
364 1495 132 68 paa
550 1483 162 90 alle,
768 1481 170 76 uden
980 1494 74 64 ar
1098 1476 376 96 indskrænke
1518 1483 104 76 der
1664 1475 158 94 efter

110 1590 156 64 vort
312 1573 184 94 Syn
542 1581 140 74 eller
724 1595 154 61 vore
922 1576 544 98 Formodninger.
1568 1575 142 94 Thi
1750 1597 70 62 er

108 1670 214 98 Jesus
366 1673 328 86 Verdens
734 1675 168 95 Lys,
944 1676 134 92 som
1120 1678 132 92 han
1298 1674 214 83 kalder
1556 1679 130 92 sig,
1732 1697 86 78 og

108 1772 126 80 ikke
258 1793 58 60 er
342 1771 128 98 Lys
500 1769 104 94 for
628 1797 74 58 en
730 1771 190 102 Part
948 1780 140 76 eller
1114 1778 170 80 liden
1314 1774 186 86 Deel
1526 1771 80 98 af
1622 1773 164 88 Ver-

106 1876 166 92 den,
342 1871 112 94 saa
516 1893 190 60 maae
772 1871 306 87 Skinner
1138 1894 82 76 og
1274 1870 413 85 Straalerne
1744 1869 76 102 af

108 1976 165 76 dette
348 1971 127 98 Lys
558 1971 249 98 strække
896 1976 91 94 sig
1070 1994 151 60 over
1300 1974 131 96 hele
1496 1971 321 98 Verden,

99 2064 256 102 ligesom
437 2069 236 86 Solen
747 2072 242 96 oplyser
1075 2080 122 74 den
1287 2072 130 92 hele
1493 2071 292 100 Overfla-

99 2174 84 78 de
209 2166 80 97 af
305 2171 294 96 Jorden,
641 2171 136 92 som
817 2177 122 75 den
985 2178 122 76 ved
1145 2174 80 94 sit
1244 2169 198 109 Skin
1481 2171 122 80 kan
1629 2169 186 96 fatte,

109 2286 86 78 og
239 2268 264 94 hindres
545 2289 74 72 ey
677 2265 106 98 fra
823 2286 72 64 ar
935 2268 164 96 lyse,
1161 2266 170 96 fordi
1371 2288 106 61 een
1521 2275 140 76 eller
1713 2273 102 76 vel

101 2372 124 72 alle
285 2367 168 80 lukte
511 2373 180 76 deres
749 2365 248 97 Øyne,
1053 2388 80 74 og
1179 2386 72 74 ey
1299 2370 166 78 vilde
1501 2385 146 78 agte
1685 2373 124 76 det.

97 2462 222 97 Lægge
375 2467 64 76 vi
497 2469 216 74 endnu
771 2467 108 93 til,
959 2482 72 62 ar
1085 2464 340 100 Apostelen
1479 2467 162 98 siger
1699 2487 112 60 om

95 2560 491 98 -Hedningerne,
629 2577 71 66 at
741 2561 177 85 Gud
961 2566 123 96 har
1121 2564 125 82 ikke
1291 2570 169 82 ladet
1501 2569 91 92 sig
1631 2573 175 72 uden

98 2660 96 86 V
220 2661 332 94 dnesbyrd
594 2657 104 94 for
740 2667 168 89 dem,
950 2670 88 74 da
1084 2664 134 98 han
1254 2680 136 80 gav
1434 2671 142 74 dem
1602 2665 204 96 Regn

92 2783 88 72 og
222 2758 334 98 frugtbare
582 2759 224 96 Tider,
846 2761 166 99 samt
1048 2780 72 64 at
1158 2764 132 94 han
1330 2768 198 92 haver
1562 2767 246 94 giordt,

96 2878 78 62 ar
228 2866 66 77 al
336 2859 430 96 Menneffens
810 2867 240 91 Slægt
1110 2862 148 80 boer
1316 2884 136 76 paa
1490 2861 316 100 Jordens

94 2960 234 83 Kreds
384 2959 80 96 af
512 2975 86 64 eet
648 2957 244 101 Blod,
958 2982 82 74 og
1102 2962 200 96 haver
1360 2962 258 95 bestemt
1670 2959 104 96 for-

92 3063 282 78 ordnede
434 3055 202 90 Tider
706 3081 82 74 og
858 3068 184 74 deres
1100 3060 296 98 Boeligs
1464 3063 340 96 beskikkede

88 3155 373 98 Grendser,
526 3173 73 64 at
654 3163 75 76 de
774 3157 209 96 ffulde
1030 3158 141 98 søge
1210 3160 301 99 Herren,
1572 3187 109 58 om
1724 3173 81 74 de

91 3262 128 92 dog
259 3256 208 83 kunde
501 3253 126 96 føle
665 3277 84 74 og
783 3257 174 96 finde
1003 3260 196 96 ham;
1253 3260 134 92 som
1429 3282 84 75 og
1549 3283 70 64 at
1657 3267 142 96 han

89 3361 248 76 overalt
379 3357 22 78 i
445 3355 78 94 sit
547 3353 162 84 Ord
757 3357 120 94 har
917 3364 192 90 lovet,
1151 3374 74 68 at
1263 3360 132 88 hvo
1443 3359 134 92 som
1617 3365 180 96 søger

91 3456 160 90 ham
289 3449 82 98 af
403 3455 274 94 gandffe
715 3453 270 103 Hierte,
1038 3456 128 93 skal
1211 3460 176 94 finde
1429 3462 200 93 ham;
1683 3465 118 84 saa

87 3554 154 96 sees,
285 3567 70 66 at
397 3551 178 86 Gud
617 3571 152 64 over
815 3553 128 96 hele
985 3554 324 88 Naturen
1351 3558 122 94 har
1517 3563 280 80 udbredt

83 3682 88 78 og
229 3651 268 100 tilbyder
541 3657 122 82 den
708 3648 268 201 Naa
1019 3674 72 68 at
1133 3656 144 100 søge
1317 3658 200 100 ham,
1575 3661 104 98 for
1719 3677 74 66 at

885 3754 91 96 B
1667 3761 125 100 fin-
