2865 4665
1690 599 106 89 37

98 781 108 76 der
274 779 162 76 tales
500 794 108 58 om
666 782 164 88 gode
892 778 398 97 Gierninger
1356 801 80 76 og
1500 781 296 101 Dyder,

98 897 188 58 mane
328 879 70 72 de
438 874 347 98 betragtes,
824 898 69 72 ey
940 876 132 92 som
1118 885 74 74 de
1236 881 122 76 kan
1400 881 250 94 besaae
1690 881 106 96 for

99 972 424 94 menneskelige
559 974 230 96 Øyne,
837 996 144 58 men
1023 978 322 95 betragtes
1389 977 152 94 efter
1577 981 222 82 Guds

97 1073 184 90 Ord,
325 1071 162 96 hvor
539 1078 108 74 der
687 1070 363 98 udfordres
1087 1093 58 62 et
1187 1081 156 88 godt
1387 1081 412 92 krincipium

97 1175 70 74 til
211 1191 74 58 en
321 1173 126 92 god
491 1170 354 100 Gierning,
885 1194 80 74 og
1005 1174 220 82 Guds
1269 1197 148 72 egen
1447 1175 348 99 Virkning

99 1289 186 64 mane
335 1287 168 61 være
545 1272 20 74 i
605 1272 70 78 til
715 1288 70 60 at
829 1268 408 99 ©terningen
1277 1273 122 78 kan
1439 1293 166 62 være
1645 1275 152 94 god.

309 1365 170 100 Paa
521 1374 102 72 det
663 1366 330 92 saadanne
1035 1392 72 73 ey
1147 1371 178 94 ffulle
1363 1373 232 94 tænke,
1635 1393 160 60 man

93 1471 150 92 giør
289 1471 142 74 dem
471 1470 192 92 Uret,
713 1490 82 70 og
833 1484 72 62 at
951 1474 104 74 det
1095 1471 124 78 kan
1263 1459 290 106 Kendes,
1603 1471 198 96 hvilke

103 1567 394 93 Gierninger
539 1570 108 74 der
693 1588 96 56 ere
833 1572 164 74 onde
1037 1588 79 75 og
1159 1575 183 90 gode,
1393 1567 150 92 efter
1579 1571 222 84 Guds

98 1663 186 94 Ord,
332 1665 122 94 har
498 1664 176 86 Gud
717 1665 393 98 aabenbarer
1152 1679 80 68 vs
1278 1671 94 90 sin
1414 1669 154 94 Lov,
1614 1670 188 87 hvori

102 1765 132 98 han
288 1761 200 99 viser,
548 1782 72 62 at
678 1768 74 76 de
792 1766 440 95 Gierninger,
1288 1765 134 80 som
1480 1789 94 58 ere
1614 1773 186 90 gode,

102 1883 160 76 gane
352 1859 82 95 af
500 1862 378 94 Kierlighed
950 1866 72 78 til
1086 1864 176 83 Gud
1334 1887 80 72 og
1482 1865 316 93 Næsten;

106 1985 80 70 og
228 1961 122 82 ikke
390 1959 134 83 blot
566 1958 80 94 af
680 1946 522 112 Égenkierlighed
1242 1969 140 74 eller
1428 1963 376 96 Harmonie

100 2065 144 78 med
286 2067 246 91 andre,
574 2060 134 92 som
754 2060 220 84 Amor
1014 2059 308 98 anfører;
1384 2065 94 90 thi
1518 2061 112 94 faa
1674 2061 100 94 for-

100 2179 126 60 øve
266 2159 604 86 Srraren-Røvere
930 2158 196 96 ogsaa
1166 2167 158 86 gode
1364 2159 440 100 Gjerningee

116 2261 95 86 thi
252 2265 73 72 de
364 2259 379 96 harmonere
788 2278 79 72 og
912 2264 141 74 med
1098 2261 89 92 sig
1232 2257 121 94 selv
1396 2259 355 94 indbyrdes
1786 2262 21 76 i

109 2377 74 64 at
225 2363 270 88 plyndre
541 2378 80 74 og
669 2362 222 84 myrde
931 2356 180 98 Folk.

337 2455 210 85 Naar
603 2476 92 56 nu
753 2474 72 58 en
872 2453 348 100 Gjerning
1260 2453 124 95 skal
1435 2475 166 62 være
1641 2461 166 93 god,

111 2555 120 96 stal
287 2559 122 77 den
461 2554 124 78 ikke
641 2554 134 78 blot
831 2556 256 86 stemme
1147 2565 304 72 overeens
1509 2561 144 76 med
1716 2577 89 69 eet

109 2653 182 88 Bud
331 2649 80 97 af
441 2652 218 84 Guds
699 2650 238 100 Villie,
979 2660 140 75 eller
1159 2673 82 76 og
1283 2659 144 74 med
1473 2661 120 74 den
1635 2659 172 78 2den

115 2751 216 90 Tavle
385 2760 234 86 allene,
685 2772 146 60 men
889 2774 82 74 og
1029 2761 144 74 med
1229 2759 120 76 den
1407 2749 232 104 første;
1715 2755 94 97 thi

111 2853 158 92 hvo,
313 2849 132 94 som
485 2852 216 92 holder
745 2856 120 76 den
907 2855 268 94 gandffe
1221 2851 154 96 Lov,
1419 2873 144 58 men
1601 2857 212 90 støder

115 2971 91 60 an
259 2953 21 76 i
343 2967 85 65 eet
471 2950 221 96 Bud,
751 2972 65 58 er
873 2950 203 82 blevet
1133 2953 229 96 ffyldig
1421 2955 19 74 i
1485 2957 143 74 dem
1673 2957 137 77 alle.

114 3049 176 86 Den
328 3047 192 98 første
560 3050 212 88 Tavle
818 3048 366 99 forlanger,
1242 3049 152 98 efter
1430 3049 172 96 Jesu
1646 3049 140 102 For-

114 3149 272 96 klaring,
424 3150 376 98 Kierlighed
842 3150 70 80 til
938 3150 174 88 Gud
1150 3147 82 94 af
1262 3151 268 94 gandffe
1550 3143 260 107 Hierte,

116 3247 80 94 af
230 3250 264 96 gandffe
518 3248 170 86 Siel
734 3270 80 76 og
854 3246 78 96 af
968 3251 266 94 gandffe
1256 3249 224 82 Sind.
1588 3247 224 98 Tager

120 3367 156 62 man
334 3355 88 76 da
480 3346 106 96 fra
638 3352 22 76 i
722 3354 76 76 de
850 3352 160 90 store
1052 3348 346 93 Actioner,
1464 3347 134 92 som
1648 3343 166 100 have

124 3451 208 90 givrdt
374 3468 80 76 og
498 3450 176 94 giøre
692 3446 252 98 Opsigt
978 3448 22 76 i
1026 3448 304 93 Vetden,
1376 3445 178 98 hvad
1600 3453 108 72 der
1748 3466 66 58 er

121 3545 211 104 giv-Tids
394 3543 132 87 blot
592 3544 82 102 af
734 3544 422 103 Egennytte,
1240 3545 132 96 som
1444 3569 64 60 er
1574 3564 240 74 mange

898 3634 65 96 C
1012 3668 33 71 3
1544 3635 273 102 Slags,
