2988 4670
1691 679 503 145 Indgang.

1434 903 89 74 sex
1573 887 227 76 Guos
1857 879 273 102 Villie,
2201 895 189 74 eders
2439 889 373 101 HelNggis,

1368 979 192 91 reife,
1616 1002 86 72 og
1742 997 74 64 at
1850 977 68 99 I
1950 982 178 90 stulle
2162 989 122 92 flye
2322 988 336 96 Hvrerie,
2727 993 81 96 og

1102 1076 241 88 enhver
1376 1075 75 88 af
1490 1077 179 85 Eder
1704 1077 127 94 stal
1868 1084 189 100 vide,
2116 1103 71 60 at
2230 1089 233 80 bevare
2516 1092 77 89 sit
2650 1089 161 81 Kar

1099 1178 24 82 i
1159 1174 504 100 Heiliggiøreste
1697 1186 97 86 og
1814 1180 175 87 Ære
2077 1184 126 81 ikke
2233 1189 20 78 i
2285 1183 528 105 Begierligheds

1101 1288 169 70 onde
1303 1275 253 96 Lyster,
1597 1280 133 88 som
1769 1277 473 101 Hedningene,
2285 1297 109 67 der
2429 1288 125 78 ikke
2593 1288 222 79 kjende

1102 1378 200 84 Gud.
1408 1375 208 97 Diste
1670 1376 162 89 Ord
1886 1379 218 95 findes
2160 1409 28 46 i
2226 1383 212 97 Thest.
2496 1386 188 91 Kap.
2742 1414 72 66 4.

1102 1500 67 60 v.
1222 1504 61 70 3.
1320 1501 69 72 4.
1436 1501 53 66 5.
1546 1486 121 72 ved
1706 1477 207 98 hvilke
1946 1480 349 94 Apostelen
2338 1482 293 98 Paulus
2680 1483 105 92 for-

1101 1597 242 62 maner
1399 1587 74 72 de
1515 1576 352 95 Troende,
1949 1584 76 76 til
2081 1578 208 95 hvilke
2351 1584 134 92 han
2549 1583 264 97 striver,

1111 1680 79 96 i)
1225 1692 71 67 at
1333 1685 73 72 de
1441 1681 17 78 i
1495 1673 535 101 Almindelighed
2067 1678 183 95 stulle
2285 1692 145 70 med
2469 1689 67 74 al
2573 1681 209 81 Alvvr-

1104 1781 348 90 vorlighed
1486 1774 315 102 efter-lege
1834 1777 578 99 Helliggjørelsen.
2522 1779 126 94 Og
2684 1788 68 88 2)
2794 1786 20 78 i

1108 1874 579 99 Besynderlighed
1736 1876 144 97 se
1916 1892 121 68 den
2094 1878 291 97 hedenste
2436 1880 181 89 Last,
2670 1886 115 89 sye-

1105 1979 186 77 rerie.
1401 1975 176 96 Han
1633 1978 212 92 havde
1891 1988 146 74 med
2091 1982 338 91 faaøanne
2483 1978 330 105 Personer

1109 2094 77 60 at
1217 2080 227 89 giore,
1499 2096 137 70 paa
1689 2076 157 91 hvis
1883 2077 221 91 Troes
2161 2081 387 93 Gierning,
2623 2079 189 82 Kier«

1110 2178 264 92 ligheds
1426 2173 308 93 Arbeyde
1788 2197 84 72 og
1926 2178 298 96 Haabes
2278 2179 534 95 Taalmodighed

1108 2274 137 94 han
1290 2283 143 70 med
1466 2275 241 83 Glæde
1748 2275 203 83 kunde
1996 2281 243 90 tænke,
2309 2298 82 80 og
2452 2300 107 59 om
2616 2279 195 96 hvilke

1109 2378 134 90 han
1283 2385 146 68 med
1471 2382 66 72 al
1573 2374 354 97 Sandhed
1961 2378 208 83 kunde
2207 2381 168 90 sige,
2431 2398 74 64 at
2537 2389 114 82 de,
2687 2383 126 88 som

1106 2470 553 107 Næree
1329 2471 329 97 Brødre,
1695 2476 177 79 bleve
1912 2475 226 105 elskede
2173 2479 85 90 af
2289 2479 221 94 Gud,
2549 2501 79 74 vg
2659 2500 153 58 vare

1108 2576 122 82 ved
1264 2572 178 93 hans
1476 2571 256 84 Naade
1762 2577 228 82 blevne
2024 2587 318 86 udvalgte
2380 2584 74 78 til
2490 2590 104 73 det
2623 2583 193 107 Evige

1108 2674 135 84 Liv.
1302 2673 187 88 Kap.
1554 2698 75 68 1,
1688 2700 67 69 3.
1794 2701 67 68 4.

1261 2772 174 81 Men
1487 2773 132 87 som
1667 2780 106 75 det
1827 2773 128 82 ikke
2017 2794 66 60 er
2119 2777 166 94 nok,
2337 2796 74 62 at
2446 2775 367 97 Sædev
2709 2796 76 76 op-

1101 2872 255 82 vækkes
1403 2891 83 74 og
1545 2883 359 70 omvendes
1949 2884 127 70 ved
2135 2895 137 66 troe
2329 2876 285 88 Læreres
2669 2877 117 89 Tie-

1108 2976 204 97 neste;
1368 2991 148 62 men
1572 2980 188 75 deres
1818 2973 330 94 Troelkab
2212 2999 82 72 og
2354 2978 454 95 Forsigtighed

1101 3074 211 93 Ogsaa
1360 3071 415 90 udfordrer,
1860 3092 73 60 at
1984 3084 71 68 de
2114 3090 331 81 omgaaes
2502 3082 307 88 moderlig

1111 3182 146 72 med
1297 3187 74 64 de
1409 3183 142 66 dem
1597 3182 76 76 af
1703 3173 176 84 Gud
1913 3176 288 94 ffiænkte
2235 3177 274 94 Børn,
2581 3181 232 79 bevare

1109 3282 150 68 dem
1299 3275 102 90 for
1439 3279 100 72 det
1573 3270 255 91 Onde,
1887 3296 79 72 og
1999 3286 120 70 ved
2157 3277 186 82 Bon
2395 3300 81 72 og
2533 3279 252 96 Forma-

1110 3376 162 92 ning
1314 3373 258 92 ligesom
1612 3383 368 83 mddryppe
2022 3388 142 67 dem
2206 3375 364 97 Evangelii
2606 3378 204 92 Melk,

1108 3496 140 72 paa
1278 3482 104 71 det
1412 3483 74 68 de
1522 3492 192 59 maae
1764 3477 230 95 tiltage
2042 3480 16 72 i
2104 3485 104 72 det
2246 3479 243 89 Gode,
2544 3503 77 70 vg
2658 3491 123 77 dag-

1111 3578 92 94 lig
1229 3591 152 78 voxe
1413 3575 18 74 i
1467 3583 102 67 det
1601 3576 346 79 indvortes
1981 3576 370 93 Menneste.
2411 3596 182 72 Daa
2635 3581 172 94 hold-
