2865 4665
1724 602 103 97 35

144 755 411 104 sammenfat;
614 764 323 99 Dernæst
974 772 85 94 fik
1098 777 65 78 vi
1204 781 85 75 da
1328 777 121 81 ikke
1476 780 243 87 Kilden
1756 789 73 80 til

143 861 469 99 Fordervelsen,
651 886 145 59 men
835 887 201 79 antog
1065 872 447 99 Fordervelsen
1555 883 119 90 selv
1721 882 105 92 for

144 961 277 91 Kilden,
466 962 176 95 hvad
684 985 179 61 enten
906 977 119 72 den
1066 992 61 59 er
1172 971 151 97 efter
1364 977 257 82 Amors
1666 976 125 91 Me-

139 1062 151 93 ning
329 1065 18 72 i
389 1060 429 98 Forstanden,
865 1072 138 79 eller
1043 1074 18 74 i
1087 1068 425 102 Forstanden,
1559 1077 265 86 Villien

136 1181 79 73 og
258 1158 622 100 Begierlighederne.
984 1167 224 92 Altsaa
1250 1192 186 59 maae
1482 1178 64 76 vi
1586 1196 238 81 antage

135 1276 56 62 et
221 1260 404 97 krincipium
667 1264 20 76 i
731 1261 242 84 Sielen
1015 1272 170 78 uden
1233 1268 98 96 for
1375 1274 138 96 disse
1535 1274 288 85 Sielens

133 1353 315 85 bekendte
477 1353 247 104 Evner,
769 1361 133 93 som
947 1365 119 94 har
1106 1368 96 95 sin
1244 1368 406 100 Indflydelse
1687 1396 134 79 paa-

128 1460 120 74 alle
129 1462 120 72 alle
306 1458 139 96 disse
490 1453 261 100 Evner,
811 1486 82 74 og
956 1457 253 103 følgelig
1266 1470 269 95 bestyrer
1587 1479 120 73 alle
1761 1493 60 64 et

130 1554 384 98 Menneskes
557 1553 435 106 Handlinger.
1133 1565 67 94 I
1245 1574 117 73 den
1407 1573 245 91 daglige
1691 1570 99 86 Er-

134 1645 303 104 farenhed
478 1657 249 82 kendes
768 1660 123 80 ikke
936 1665 65 76 til
1048 1681 187 76 noget
1280 1685 163 62 mere
1488 1672 17 72 i
1546 1669 271 100 Sielen,

123 1758 121 74 end
291 1753 287 98 Fornuft
623 1778 83 77 og
732 1757 234 85 Vilie
1007 1768 141 73 med
1193 1771 73 73 de
1304 1764 330 97 sandselige
1668 1769 123 83 Be-

121 1849 446 100 gierligbederz
646 1876 145 61 men
838 1854 317 98 Skriften
1222 1868 159 77 taler
1436 1872 213 75 endnu
1678 1888 136 60 om

127 1971 187 75 noget
351 1958 193 75 andet
583 1956 19 78 i
647 1960 179 76 deres
867 1956 241 96 Siele,
1167 1959 133 92 som
1345 1985 97 57 ere
1481 1964 223 82 komne
1747 1971 71 78 til

124 2045 267 101 Troen,
452 2050 131 91 som
638 2050 217 87 Guds
896 2056 159 83 Ord
1100 2058 211 82 kalder
1354 2061 315 97 Aanden,
1730 2086 83 75 og

133 2145 137 95 som
317 2151 389 96 udtrykkelig
747 2153 195 95 stilles
983 2153 105 95 fra
1127 2151 361 100 foranførte
1527 2160 223 87 Evner
1787 2167 23 76 i

124 2253 105 73 det
292 2248 311 81 bekiendte
658 2254 257 93 Sprog
982 2274 107 62 om
1152 2253 201 100 Siel,
1414 2257 251 95 Legeme
1728 2282 83 75 og

121 2341 222 87 Aand.
485 2345 202 85 Som
729 2369 90 60 nu
865 2356 200 75 denne
1109 2350 241 95 Aand,
1393 2359 110 77 der
1547 2357 262 94 stienkes

124 2450 122 76 ved
284 2439 516 103 Igienfødelsen,
862 2452 261 93 egentlig
1168 2473 64 59 er
1266 2450 272 89 Troens
1578 2451 228 90 Sæde

123 2541 126 89 hos
315 2547 72 74 de
422 2538 333 101 Troende;
821 2546 96 96 thi
967 2552 142 76 med
1167 2555 120 75 den
1341 2549 328 96 forvendte
1725 2562 76 77 de

119 2637 335 97 Troende,
518 2639 148 97 efter
713 2643 379 95 Apostelens
1137 2647 201 98 Ord,
1394 2655 122 75 den
1558 2653 214 82 tilkom-

121 2747 220 74 mende
388 2742 397 96 Herlighed;
844 2745 243 93 hvilken
1128 2743 199 86 Aand
1374 2745 247 101 hersker
1645 2774 152 59 over

121 2845 77 75 de
238 2845 196 77 andre
475 2839 285 84 Sielens
785 2835 245 103 Evner,
1072 2868 80 73 og
1197 2848 168 94 giør-,
1404 2866 70 60 at
1511 2854 119 77 den
1674 2857 124 76 ved

122 2935 219 91 Troen
396 2938 121 81 kan
576 2942 169 94 flane
786 2963 21 57 t
848 2940 371 96 Samfund
1262 2951 143 76 med
1446 2946 213 98 Gud,
1714 2972 85 75 og

117 3057 167 61 være
329 3056 101 60 een
469 3037 199 82 Aand
711 3046 141 74 med
895 3041 293 98 Herren:
1259 3042 179 87 Saa
1483 3066 63 61 er
1583 3047 181 83 Man-

116 3142 177 90 gelen
330 3132 77 100 af
444 3142 193 77 denne
676 3136 221 97 Aand,
942 3137 131 96 som
1120 3165 63 58 er
1236 3148 125 88 hos
1402 3150 117 74 alle
1542 3149 221 95 Uigien-

123 3233 211 98 fødte,
375 3241 287 92 negative
703 3241 345 95 betragtet,
1091 3240 409 87 Vantroens
1541 3245 251 100 Sæde,

122 3339 111 75 der
272 3337 211 88 holder
524 3337 91 95 sig
656 3332 105 97 fra
796 3336 201 98 Gud,
1038 3342 89 79 vil
1168 3363 71 75 ey
1280 3347 139 74 lade
1464 3346 153 94 ham
1660 3348 99 79 vir-

125 3431 63 79 ke
227 3454 75 73 og
347 3441 193 74 rande
581 3430 103 100 for
725 3433 133 99 sig,
903 3459 77 72 og
1021 3442 117 79 alle
1177 3443 127 95 sine
1345 3439 439 100 Handlinger,

126 3527 183 97 hvori
346 3535 259 101 egentlig
646 3526 411 97 Vantroens
1102 3540 211 89 Acms
1356 3538 432 188 besaaer-dat
1714 3557 75 64 at

867 3632 148 87 Es
1663 3644 122 84 den
