3004 4670
1686 524 76 70 51

227 689 264 89 VMes
519 688 514 103 Aabenbaring,
1075 711 180 66 enten
1301 696 20 80 i
1359 702 122 76 den
1525 703 212 77 aande-

228 807 120 88 lige
385 804 186 96 Lyses
603 810 144 76 eller
783 806 374 101 Morkheds
1191 805 328 87 Veroens
1553 808 212 98 Egen«

229 913 166 96 ffab.

359 1040 140 88 44.
567 1018 456 111 Discipelen
1055 1031 222 96 sagde:
1331 1028 214 100 Hvad
1577 1052 66 60 er
1677 1038 90 75 da

233 1133 415 93 Menneskets
679 1138 297 97 Legeme?

358 1242 400 102 Mesteren
824 1253 302 92 svarede:
1206 1248 411 109 Menneskets
1662 1250 74 84 Le-

234 1375 146 78 gem
400 1410 20 42 ,
470 1380 64 56 er
564 1372 122 66 den
722 1360 238 97 synlige
990 1359 322 86 Verden:
1376 1362 92 86 Et
1500 1360 270 86 Billede

236 1489 86 73 vg
362 1466 252 92 Væsen
660 1469 174 94 udaf
870 1481 94 70 alt
1010 1485 100 66 det
1160 1475 132 92 som
1338 1470 286 86 Verden
1668 1472 70 77 be-

238 1580 212 89 saaer
484 1574 103 100 af;
654 1600 83 76 og
782 1592 117 69 den
944 1585 237 94 synlige
1208 1581 323 97 Verden,
1584 1604 65 58 er
1690 1602 81 59 en

235 1683 158 84 Aab
429 1690 286 90 ubaring
781 1691 78 82 af
915 1701 120 68 den
1093 1700 338 88 aandelige
1477 1690 294 86 Verden

237 1798 276 91 (hvilken
549 1806 16 70 i
595 1806 160 74 dette
785 1805 286 92 dødelige
1085 1801 110 82 Liv
1229 1823 64 61 er
1326 1813 79 68 os
1437 1798 338 103 usynlig);

239 1907 94 86 Et
379 1908 326 96 Formaal
751 1911 76 90 af
867 1925 102 68 det
1019 1915 170 92 evige
1235 1915 126 93 Lys
1411 1934 80 74 og
1547 1912 72 92 af
1665 1926 106 67 vet

241 2024 173 90 evige
449 2020 215 80 Mørk
709 2018 451 100 (frembragt)
1199 2023 73 93 af
1299 2036 101 66 det
1433 2024 339 90 aandelige

238 2126 358 86 Virkend:
679 2128 230 90 Altsaa
958 2155 64 56 er
1066 2145 118 66 den
1220 2133 234 95 synlige
1480 2128 292 84 Verden

232 2237 430 95 Evighedens
684 2240 236 95 Udkast
958 2247 138 72 eller
1132 2243 300 93 Modell,
1464 2252 118 68 ved
1612 2240 132 92 hvil-

242 2349 116 79 ken
392 2346 376 96 Evigheden
802 2353 200 90 haver
1028 2359 172 86 givrt
1234 2357 88 90 sig
1352 2354 200 90 synlig
1590 2350 156 98 (der-

242 2472 120 66 ved
394 2458 168 80 kand
592 2457 430 102 fornemmes)
1056 2483 68 56 at
1152 2483 150 74 egen
1332 2460 442 88 Tildragmde

242 2565 261 95 Villie,
571 2590 80 72 og
699 2572 294 94 ligeledes
1039 2595 70 54 en
1163 2582 344 70 overladen
1550 2568 225 84 Villie

243 2679 200 94 haver
473 2678 198 80 virket
703 2691 144 70 med
877 2681 398 98 hverandre,
1321 2704 82 72 og
1435 2680 232 98 enhver
1703 2679 80 96 af

241 2797 148 71 dem
431 2788 208 78 virker
691 2788 150 94 ester
889 2797 94 90 sin
1037 2791 332 92 Egenskab
1419 2806 158 82 godt
1627 2796 148 75 eller

245 2908 176 70 ondt.
485 2896 90 84 Et
607 2900 276 86 saadant
911 2903 254 84 Væsen
1201 2925 62 56 er
1297 2924 80 74 og
1405 2912 102 70 det
1537 2910 214 72 udvor-

243 3025 97 66 ter
385 3008 399 98 Menneske;
851 3009 131 98 Thi
1025 3009 185 82 Gud
1248 3010 207 90 skabte
1519 3026 101 66 det
1663 3020 87 71 ud-

242 3128 228 72 vortes
496 3118 340 94 Menneske
872 3121 170 92 udaf
1080 3133 118 68 den
1238 3132 312 72 udvortes
1586 3118 164 86 Ver-

242 3237 160 81 den,
470 3250 82 72 og
596 3230 318 97 indblæste
964 3233 154 94 ham
1162 3243 118 69 den
1330 3236 336 88 aandelige
1710 3250 46 61 u-

244 3341 238 94 synlige
518 3338 288 84 Verden
842 3345 70 76 til
946 3365 76 58 en
1054 3343 192 82 Siæl
1300 3366 82 72 og
1416 3360 56 60 et
1514 3340 244 96 forstan-

246 3453 139 99 digt
430 3450 145 88 Liv:
642 3448 273 105 Derfor
962 3455 169 78 kand
1178 3453 273 87 Siælen
1502 3460 287 85 andtage

981 3561 196 90 Dr
1578 3580 86 78 og
