2944 4670
2559 965 172 80 Gud

2011 1063 371 95 Afvendelse
2409 1084 83 74 og
2531 1062 81 85 G
2637 1083 71 56 en-

1044 1179 344 97 stridighed
1416 1180 170 74 deels
1610 1173 186 92 skiller
1824 1168 156 100 ham
2010 1166 78 94 af
2120 1169 144 75 med
2304 1169 96 74 alt
2444 1168 112 76 det
2586 1161 120 82 Go-

1047 1283 118 91 de,
1201 1276 134 93 som
1375 1294 62 60 er
1481 1280 22 74 i
1545 1274 200 88 Gud,
1789 1290 80 76 og
1900 1267 135 94 som
2083 1270 74 76 de
2197 1271 190 85 nyde,
2432 1268 109 76 der
2585 1283 94 62 ere
2712 1264 23 78 i

1045 1377 337 97 Forening
1441 1376 143 76 med
1657 1369 207 96 ham,
1939 1366 233 94 nemlig
2243 1361 159 90 sand
2477 1360 233 95 Oplys-

1080 1480 126 90 iing
1260 1479 22 76 i
1334 1473 448 103 Forstanden;
1848 1468 94 97 thi
1984 1473 114 85 de,
2148 1462 138 96 som
2330 1482 96 60 ere
2482 1464 22 76 i
2560 1458 155 99 Hers-

1048 1595 113 60 ren
1472 1572 129 93 Lys
1640 1569 19 78 i
1710 1571 191 95 ham:
1952 1565 71 100 I
2048 1586 95 58 ere
2166 1584 59 59 er
2250 1563 129 92 Lys
2406 1564 21 78 i
2452 1560 287 100 Herren,

1287 1679 102 74 det
1427 1672 70 78 til
1541 1674 74 75 de
1671 1671 340 78 omvendte
2067 1661 318 97 Epheser,
2447 1682 80 76 og
2585 1659 154 92 sand

1598 1769 68 78 til
1708 1773 104 73 det
1852 1766 204 83 Gode
2094 1764 22 78 i
2156 1762 304 94 Villien;
2514 1761 92 100 thi
2644 1765 96 89 de,

1242 1887 121 66 ved
1420 1866 225 92 Troen
1686 1870 71 77 til
1798 1863 245 99 Jesum
2108 1883 107 62 ere4
2256 1859 289 98 forenede
2600 1866 143 76 med

1251 2021 22 38 ,
1329 1973 164 94 have
1549 1968 172 83 Livet
1775 1986 80 74 og
1913 1967 164 86 have
2141 1968 102 74 det
2321 1961 422 95 overflødigt:

1235 2073 165 76 mod
1439 2086 101 72 er,
1583 2067 165 92 hvor
1785 2066 197 76 denne
1997 2061 297 97 Hiertets
2313 2061 403 95 Gienstridig-

1060 2169 120 91 hed
1218 2171 178 76 imod
1436 2162 176 86 Gud
1652 2162 270 97 hersker,
1966 2159 408 102 Forstanden
2414 2159 324 94 overgiver

1055 2270 76 80 til
1175 2272 102 75 det
1313 2260 380 95 Modsatte,
1755 2259 232 94 nemlig
2045 2260 70 76 til
2169 2256 370 94 Mørkhed,
2593 2260 130 79 Uvi-

1051 2366 249 98 denhed
1347 2385 81 73 og
1469 2357 553 98 Vankundighed
2045 2358 23 76 i
2095 2362 73 78 de
2193 2356 331 94 aandelige
2547 2351 201 101 Ting;

1054 2464 94 98 thi
1188 2470 104 75 det
1330 2461 322 92 naturlige
1676 2457 344 94 Menneske
2062 2452 192 98 fatter
2296 2455 124 80 ikke
2446 2458 72 76 de
2546 2451 200 101 Ting,

1050 2563 141 93 som
1234 2561 155 100 hore
1430 2558 221 88 Guds
1696 2557 201 83 Aand
1938 2559 109 91 ril,
2088 2554 93 94 thi
2224 2559 75 78 de
2338 2576 99 58 ere
2482 2554 155 100 ham
2676 2575 73 57 en

1055 2661 475 99 Daarlighed,
1601 2677 83 76 og
1745 2656 136 94 han
1939 2655 130 81 kan
2123 2654 124 84 ikke
2299 2652 214 82 kjende
2567 2657 179 91 dem,

1054 2762 100 96 thi
1198 2768 74 73 de
1316 2765 306 91 dømiyes
1662 2759 338 92 aandelig;
2054 2776 82 76 og
2178 2776 160 57 man
2382 2774 158 62 maa
2588 2755 160 96 have

1054 2861 225 85 Guds
1318 2859 205 84 Aand
1539 2910 24 41 ,
1604 2877 83 74 og
1724 2856 145 82 lade
1910 2857 93 94 sig
2038 2854 229 96 regiere
2296 2851 79 95 af
2406 2852 181 88 ham,
2646 2851 99 92 for

1057 2976 74 64 at
1169 2962 144 79 vide
1355 2980 82 76 og
1476 2955 291 99 forsaae
1793 2960 74 76 de
1893 2951 218 99 Ting,
2153 2952 134 90 som
2315 2965 78 67 os
2417 2972 96 60 ere
2543 2953 182 90 ffienk-

1056 3075 62 65 te
1158 3056 78 95 af
1271 3059 199 82 Gud.
1571 3055 313 98 Ligeledes
1926 3073 64 60 er
2028 3075 74 59 en
2143 3052 371 87 Vantroes
2543 3049 207 90 Villie

1060 3159 323 93 henvendt
1422 3158 71 82 til
1526 3164 105 75 det
1654 3153 367 96 Modsatte,
2064 3170 74 64 ar
2162 3158 120 78 den
2312 3153 266 98 hverken
2606 3151 141 93 kan,

1059 3254 154 94 efter
1253 3257 220 84 Guds
1529 3254 422 95 udtrykkelige
2005 3258 168 92 ord,
2237 3259 140 74 eller
2437 3254 92 80 vil
2589 3269 160 62 være

1055 3355 225 85 Guds
1323 3355 131 86 Lov
1493 3356 449 93 underdanig;
1995 3353 95 89 thi
2121 3370 59 64 et
2221 3351 313 84 Medium
2571 3353 177 94 gives

1058 3456 146 94 ikke,
1244 3455 166 96 hvor
1434 3457 318 91 naturlige
1772 3450 258 99 Dyder
2056 3472 82 76 og
2180 3454 352 81 buldrende
2552 3469 170 78 præg-

1057 3556 124 100 tige
1218 3556 421 103 Handlinger
1660 3553 207 83 kunne
1890 3549 153 102 faae
2070 3550 237 101 Sted;
2360 3551 175 85 Men
2578 3549 171 104 hvad

2647 3653 105 83 der
