3094 4613
1311 582 273 95 Monsr.
1635 583 249 103 Tagop
1909 587 99 80 vil
2053 585 219 98 gierne
2311 584 193 78 laane
2547 575 173 102 hvor
2755 598 87 80 og
2879 578 85 99 af

1098 685 208 100 hvem
1334 686 136 100 han
1494 687 124 82 kan
1644 687 154 93 faae
1822 705 222 78 noget/
2118 689 90 76 da
2242 680 136 98 han
2412 697 186 80 agter
2640 686 150 76 med
2816 676 140 102 før»

1096 793 98 95 ste
1218 806 76 64 ar
1318 787 172 96 reyse
1520 791 150 80 borr
1700 810 82 76 og
1816 791 220 92 aldrig
2064 803 72 62 at
2162 785 256 79 komme
2460 783 192 94 iglen.

1301 940 524 90 Oldermanden
1865 940 104 98 for
1991 941 316 100 Joderne
2337 938 66 70 &
2435 934 228 95 Sohn
2699 936 124 94 har
2850 934 74 82 be-

1093 1044 259 100 sluttet;
1093 1045 250 100 flutter,
1403 1043 128 82 ikke
1557 1067 72 60 ar
1679 1052 196 74 laane
1923 1047 256 94 ringere
2231 1046 94 74 ud
2375 1043 122 76 end
2536 1061 94 48 10
2657 1035 186 85 Rdlr
2875 1036 84 99 af

1094 1166 294 81 gangen-
1421 1143 239 96 Altsaa
1682 1163 193 62 maae
1901 1142 271 101 Pantet
2196 1160 170 62 være
2393 1135 305 98 derefter.
2726 1176 98 20 --

1298 1296 76 102 I
1402 1306 106 77 det
1532 1303 186 96 sidste
1742 1298 216 100 stærke
1986 1294 426 98 Torden,har
2438 1316 80 59 en
2558 1292 394 103 Frietænker

1087 1402 156 83 tabt
1286 1406 101 96 sin
1416 1399 341 97 Courage,
1777 1422 150 58 men
1972 1399 135 98 han
2160 1399 201 95 fandt
2408 1402 131 75 den
2586 1399 197 93 strax,
2836 1394 113 94 saa

1085 1503 194 91 snart
1303 1500 284 97 Veyrer
1611 1521 128 60 var
1769 1522 176 58 over.
2051 1499 164 84 Der
2255 1518 68 60 er
2359 1505 158 87 godt
2561 1513 72 62 ar
2659 1501 184 91 legge
2869 1516 78 60 en

1085 1601 201 101 Ting
1329 1602 337 99 saaledes,
1719 1620 163 60 man
1913 1600 129 81 kan
2077 1601 179 94 finde
2289 1602 125 76 den
2439 1599 318 94 iglen-—

1304 1758 72 102 I
1402 1764 170 75 dette
1596 1755 302 93 Øyeblik
1922 1753 248 96 erfarer
2194 1754 90 88 vi,
2298 1768 72 64 at
2394 1750 188 99 Herr
2598 1749 356 91 Skumler

1092 1859 135 102 har
1244 1862 155 80 tabt
1414 1862 99 95 sin
1540 1855 827 99 heleVirrighedssomvar
2392 1853 307 92 indsvøbt
2726 1849 201 93 Titel-

1092 1963 209 80 blade
1093 1965 208 79 blade
1331 1980 84 78 og
1445 1959 310 98 Fortaler
1781 2000 100 12 —
1901 1958 228 95 Imod
2161 1963 122 71 den
2311 1950 372 99 Douceur,
2701 1970 74 62 at
2799 1952 152 94 faae

1089 2069 70 74 al
1189 2062 188 98 hans
1419 2059 294 84 Lærdom
1753 2080 72 60 ar
1869 2060 156 94 høre
2067 2053 76 96 af
2169 2055 156 95 ham
2369 2054 154 95 selv,
2595 2053 192 83 beder
2815 2052 134 100 han

1083 2163 355 100 Finderen
1464 2177 74 64 ar
1561 2167 207 75 levere
1801 2158 159 98 ham
1999 2165 173 74 dem.
2200 2198 102 14 —

1288 2316 74 100 I
1416 2312 434 98 ovenanførte
1900 2310 280 91 Torden
2202 2338 24 40 -
2244 2312 244 96 Weyer
2516 2331 66 60 er
2612 2305 228 98 fundet
2868 2332 76 58 en

1080 2417 549 98 Samvittighed
1687 2440 80 74 og
1805 2422 132 76 2de
1966 2413 669 94 Overbevisninger.
2666 2411 251 97 Finder-

1077 2545 86 58 ne
1189 2522 96 80 vil
1333 2523 204 92 nødig
1579 2517 86 92 af
1705 2524 146 76 med
1909 2524 194 89 den;,
2173 2523 90 75 da
2325 2520 76 78 de
2455 2511 288 98 befinder
2793 2516 148 78 dem

1077 2627 109 80 vel
1207 2626 131 78 ved
1363 2626 175 78 dem.
1577 2661 102 13 —

1284 2774 206 86 Wæv
1546 2817 100 12 —
1696 2772 306 86 Slidder
2074 2767 328 86 Sladder
2464 2809 116 14 —
2620 2765 294 107 Criti

1516 2917 102 16 —
1644 2898 81 74 og
1756 2876 243 98 opkogt
2056 2869 189 99 Tøy,
2302 2892 67 60 er
2394 2886 73 66 at
2494 2863 153 102 faae
2670 2888 137 76 paa
2840 2866 73 80 be-

1083 2979 244 100 hørige
1355 2976 312 83 Stæder.

1277 3130 217 101 Disse
1533 3153 103 60 ere
1693 3136 77 74 de
1795 3126 197 94 første
2037 3125 527 98 Efterretninger
2607 3123 111 98 fra
2759 3126 173 80 mine

1070 3231 336 101 Spioner
1448 3237 148 76 eller
1644 3229 348 101 Patroller
2024 3271 104 12 —
2152 3229 212 83 Naar
2414 3236 76 73 de
2512 3227 286 81 kommer
2836 3244 100 64 ret

1070 3337 242 100 igang
1344 3339 148 80 med
1524 3339 128 86 det,
1678 3331 122 97 stal
1830 3338 74 74 de
1930 3331 124 80 nok
2106 3331 170 82 blive
2306 3332 222 86 bedre.
2558 3371 100 16 —
