3068 4574
1029 357 93 52 22

2185 330 78 37 «\&*

2194 330 69 37 \&*

1634 348 120 66 fX?
1902 360 104 68 M
2162 365 124 54 oj

1022 531 254 80 andres
1318 521 392 99 DLrlighed,
1762 532 124 76 end
1928 524 156 96 efter
2128 525 196 82 deres
2370 541 188 80 egen:
2612 517 164 91 Det
2820 540 66 60 er

1026 645 76 64 at
1134 627 162 94 sige,
1354 625 130 92 som
1532 634 250 82 troede,
1852 646 72 60 at
1960 630 210 75 andre
2214 643 160 62 vare
2420 627 122 98 lige
2580 623 112 92 saa
2740 626 150 80 lidet

1026 729 24 82 i
1090 725 258 88 Stand
1384 727 72 80 til
1496 744 72 64 at
1602 728 280 96 bedrage
1934 734 196 85 dem,
2196 719 136 96 som
2380 727 76 78 de
2492 729 234 78 andre.

1226 825 263 90 Denne
1528 835 183 77 deres
1744 826 489 94 Tænkemaade
2266 821 297 90 udfandr
2610 829 123 77 den
2768 842 93 66 un-

1025 947 80 78 ge
1133 925 286 100 Elftere,
1475 927 176 95 som,
1703 926 282 94 foruden
2013 946 72 64 at
2119 925 136 90 han
2287 923 80 94 af
2395 925 328 88 Naturen
2765 944 130 62 var
2923 980 6 10 •

1025 1027 194 98 snue,
1271 1029 88 98 fik
1397 1034 278 78 looode
1695 1028 354 100 Indfald,
2099 1026 138 93 som
2265 1023 382 100 Kierlighed
2715 1024 174 100 hialp

1027 1127 156 100 ham
1217 1149 72 60 ar
1325 1129 286 94 opfinde.
1717 1128 174 100 Han
1945 1134 108 78 lod
2097 1123 254 96 derfore
2405 1123 134 96 som
2593 1127 136 96 han
2783 1146 80 76 op-

1023 1251 134 76 gav
1195 1237 96 76 alt
1319 1229 258 96 Haab,
1629 1226 70 96 ja
1735 1234 208 90 endog
1987 1229 328 94 anstillede
2343 1231 90 94 sig
2469 1225 106 88 for
2609 1233 122 74 den
2769 1248 90 56 un-

1021 1351 76 74 ge
1141 1327 378 102 Pigeselv,
1575 1326 138 94 som
1745 1348 110 60 om
1905 1330 134 98 han
2085 1323 80 98 af
2217 1349 78 60 en
2339 1327 386 84 brændende
2777 1326 86 84 El-

1022 1431 164 96 ftere
1218 1449 128 62 var
1404 1429 228 82 bleven
1670 1450 78 58 en
1780 1450 112 58 om
1938 1428 216 93 Ven,
2224 1433 112 76 der
2384 1439 122 70 ved
2562 1427 206 109 Hjelp
2822 1424 82 100 af

1020 1529 392 98 Kierlighed
1450 1527 210 96 havde
1692 1526 232 98 fundet
1964 1530 114 92 saa
2106 1549 236 74 mange
2370 1535 164 88 gode
2566 1528 300 97 Egenssa-

1024 1633 116 78 ber
1188 1629 128 96 hos
1380 1627 246 98 hende,
1706 1646 72 62 at
1826 1628 132 96 han
2006 1634 84 80 let
2136 1633 206 74 kunde
2391 1635 182 88 gik-re,
2628 1639 104 70 der
2774 1630 120 84 lille

1024 1729 320 92 Skridt,
1406 1733 112 74 der
1550 1748 68 62 er
1666 1728 274 82 imellem
1996 1752 74 58 en
2114 1725 260 94 Elsker
2420 1751 80 72 og
2564 1751 74 56 en
2686 1730 210 86 Ven,

1022 1827 390 98 Kortsagt:
1468 1827 422 99 Forældrene
1926 1830 256 98 dyssede
2234 1827 128 88 han
2422 1831 20 78 i
2488 1827 228 88 Søvn
2770 1834 120 78 ved

1026 1955 79 58 en
1146 1929 239 94 forstilt
1414 1929 573 97 Koldsindighed,
2042 1952 81 75 og
2182 1925 229 106 Pigen
2456 1935 123 76 ved
2620 1945 71 69 at
2748 1932 145 92 give

1025 2033 206 98 hende
1261 2037 122 74 den
1423 2029 424 97 behageligste
1905 2028 192 102 Plan
2131 2031 70 80 til
2235 2045 60 64 et
2337 2027 110 94 saa
2479 2031 218 83 kaldet
2727 2036 137 91 pla-

1022 2131 206 96 teniskl
1269 2127 350 98 Venssab.
1691 2128 172 84 Kan
1895 2130 98 96 jeg
2039 2132 126 79 ikke
2195 2129 160 96 kysse
2377 2129 240 98 Dem,
2660 2130 258 102 raaber-·-

1022 2231 166 102 hnm
1023 2231 166 102 han,
1215 2231 134 90 som
1379 2233 120 94 har
1537 2238 272 72 rovode
1830 2230 398 95 elskværdige
2711 2236 180 76 uden

1025 2351 96 64 ar:
1163 2333 166 96 have
1391 2337 200 79 ander
1653 2328 402 98 Øyemærke
2115 2335 302 92 dermed,
2475 2337 120 78 end
2651 2346 72 66 ar
2791 2330 74 84 be-

1025 2441 214 94 pryde
1287 2430 372 95 Venffabs
1707 2430 328 92 Tempel?

1063 2565 11 20 -
1227 2531 179 82 Med
1445 2533 149 97 disse
1613 2532 215 92 ffiulte
1859 2532 397 98 Hensigter,
2313 2531 233 94 bragte
2565 2531 135 86 han
2749 2524 119 100 hen-

1022 2639 84 76 de
1138 2633 386 96 uformærkt
1584 2636 72 76 til
1706 2648 74 68 at
1842 2634 436 108 vedligeholde
2344 2633 94 88 sin
2480 2631 410 99 Kærlighed,

1024 2741 176 76 uden
1220 2751 74 60 at
1328 2735 138 92 hun
1498 2736 200 92 vidste
1730 2740 202 76 ander
1950 2732 222 84 Navn
2196 2733 70 82 til
2294 2735 202 80 denne
2528 2730 334 96 Lidenskab-

1022 2842 127 85 end
1022 2843 128 74 end
1178 2851 58 62 er
1266 2851 148 64 ømt
1441 2832 352 85 Venskab
1848 2832 126 96 Og
1994 2838 208 74 under
2234 2837 208 74 denne
2484 2833 232 96 Masse
2762 2828 102 94 før-

1022 2951 78 62 re
1124 2935 132 94 han
1278 2933 202 96 hende
1498 2937 18 76 i
1536 2932 490 96 Bekienhtssab
2056 2939 146 72 med
2232 2953 78 60 en
2342 2933 376 97 Madame,
2752 2930 132 88 som

1022 3033 102 100 for
1156 3041 200 88 længe
1390 3035 174 90 siden
1596 3032 212 94 havde
1846 3040 206 74 vendt
2078 3032 276 89 Dyden
2396 3031 318 100 Ryggen.
2760 3030 128 82 Nu

1023 3139 322 78 nærmede
1390 3129 133 98 han
1562 3134 91 96 sig
1689 3136 74 78 til
1810 3136 77 86 sit
1919 3131 273 98 Ønskes
2222 3133 241 82 Maal.
2516 3133 173 98 Han
2732 3132 129 94 hav-

1025 3245 78 76 de
1135 3237 132 78 kun
1297 3235 186 94 giver,
1509 3233 204 93 hende
1755 3230 320 100 Planen,
2127 3255 82 74 og
2259 3241 76 74 de
2389 3239 242 90 yderste
2669 3231 220 89 Deele

1025 3333 166 100 afer
1245 3333 358 97 platonissj
1619 3330 360 96 Venssab;
2049 3350 150 65 men
2267 3355 92 58 nu
2397 3355 122 58 var
2569 3341 118 72 den
2731 3348 156 62 rette

1025 3435 340 102 Leyliahed
1391 3435 108 92 for
1557 3438 206 76 denne
1801 3434 260 100 Listige,
2115 3451 78 62 at
2239 3431 284 96 forklare
2575 3441 76 72 de
2699 3432 162 92 vigti-

1025 3559 150 74 gere
1191 3535 314 100 Punkter
1525 3537 18 75 i
1569 3540 164 76 dette
1753 3538 320 94 latterlige
2091 3532 326 96 Venskab
2439 3533 98 88 for
2563 3541 200 74 denne
2783 3552 76 58 en-

1023 3635 250 98 foldige
1309 3633 221 102 Pige,
1587 3632 136 96 som
1751 3634 129 98 just
1915 3638 152 80 idet
2115 3635 138 98 hun
2297 3633 248 92 stræbte
2591 3651 70 62 ar
2705 3634 180 80 drive

1024 3735 408 108 Kierlighch,
1464 3754 134 85 paa
1646 3734 338 106 Flugten,
2048 3735 432 104 underholdte
2546 3739 122 82 den
2714 3736 174 80 uden
