2989 4549
1127 530 99 76 34

1124 724 178 92 Hvis
1364 717 390 90 Tænkekraft
1814 721 24 68 i
1891 709 104 104 høi
2056 708 408 94 Henrykkelse

1124 838 352 88 Opsvinger
1540 835 86 90 sig
1690 833 176 86 langt
1930 842 150 54 over
2144 822 308 97 Tiderne,

1122 948 230 88 Indtil
1414 954 116 62 den
1586 941 120 74 ikke
1769 946 173 65 Sin-er
2004 936 256 86 Jorden
2312 951 218 68 meere,

1121 1058 166 98 Fri,
1353 1058 122 86 som
1539 1075 74 48 en
1671 1047 254 92 Engel,
1979 1048 168 88 søger
2203 1040 284 95 Englers
2549 1037 312 96 Sphære,

1123 1168 178 76 Med
1363 1170 282 86 soelvant
1695 1159 212 86 Syn,
1971 1158 128 88 som
2157 1150 288 100 Ornen,
2511 1155 172 86 farer
2729 1155 160 89 frem

1123 1280 112 96 Og
1298 1298 205 62 naaet
1551 1279 26 68 i
1631 1277 138 90 evig
1799 1271 168 91 Dag
2033 1270 72 90 sit
2167 1284 156 58 rette
2383 1261 230 98 Hiem!

2514 1375 148 83 æg
2625 1419 108 14 —

1220 1628 82 72 2.
1370 1602 196 106 Den
1612 1592 399 118 lutherske
2088 1592 628 113 Skrfftemaade
2770 1594 34 90 i

1806 1718 414 125 Holland.

1119 1898 538 148 «^mendskiønt
1745 1949 458 94 Lutheranerne
2297 1956 26 68 i
2417 1949 292 92 Holland
2807 1966 80 74 og

1119 2068 336 94 Engeland
1519 2063 182 92 holde
1765 2065 226 90 ligesaa
2061 2062 252 92 troefast
2375 2063 128 90 som
2559 2065 66 68 vi
2693 2059 164 77 Dan-

1115 2184 102 92 ske
1297 2182 116 68 ved
1491 2182 116 67 den
1681 2191 174 56 reene
1907 2173 480 93 Ausgburgiske
2467 2171 418 91 ConfeSsionS

1116 2288 436 92 Sandheder,
1618 2305 76 72 og
1766 2284 424 88 omendjkient
2238 2296 112 75 de,
2408 2283 356 94 ihenseende
2814 2288 74 70 til

1120 2414 74 68 de
1256 2404 288 84 Pligter,
1602 2397 124 88 som
1792 2403 194 68 denne
2050 2414 116 52 vor
2230 2400 194 86 fælles
2486 2395 212 78 Troes
2746 2390 140 78 Be«

1114 2512 292 86 kiendelse
1468 2509 344 86 medfører,
1874 2506 214 73 tillade
2170 2510 86 90 sig
2330 2515 244 66 mindre
2638 2504 222 93 Friehe-

1116 2630 111 68 der
1286 2628 117 66 end
1462 2630 305 61 desværre
1824 2619 129 90 skee
2010 2626 141 76 der,
2198 2618 163 88 hvor
2412 2627 117 64 den
2580 2614 307 93 lutherske

1115 2734 312 90 Religion
1489 2749 64 52 er
1617 2735 116 68 den
1787 2725 356 97 herskende,
2197 2732 104 88 saa
2351 2735 142 86 vige
2547 2735 74 66 de
2685 2737 124 83 dog
2863 2726 24 76 i

1119 2850 74 68 de
1257 2848 242 66 mindre
1575 2841 346 88 væsentlige
1991 2836 220 96 Ting,
2287 2846 24 68 i
2391 2847 120 66 den
2581 2849 306 64 udvortes

1115 2952 498 91 Gudstjeneste,
1691 2951 374 89 kiendeligen
2127 2952 100 88 fra
2293 2956 178 69 deres
2535 2953 326 76 Troesbrø-

1113 3076 111 66 dre
1283 3070 25 68 i
1371 3070 73 66 de
1505 3059 281 92 nordiske
1817 3059 209 91 Riger
2089 3084 79 68 og
2231 3062 399 93 Tydskland.
2741 3060 145 78 Een

1114 3176 80 90 af
1236 3182 74 66 de
1362 3173 486 90 merkværdigste
1894 3171 278 75 Articler
2232 3194 66 52 er
2324 3174 564 91 Skriftemaaden,

1120 3308 104 58 om
1288 3284 240 94 hvilken
1570 3287 96 88 jeg
1730 3303 134 66 nu,
1916 3288 84 66 da
2052 3300 146 58 vort
2224 3286 486 92 Fædernelands
2754 3286 106 76 Re-

1116 3394 594 96 ligionsforfatning
1744 3413 64 54 er
1856 3399 24 70 i
1934 3400 116 68 den
2098 3402 282 88 roeligste
2416 3395 356 96 Sikkerhed
2806 3420 78 74 og

1115 3520 196 68 denne
1371 3508 316 90 uskyldige
1714 3503 367 99 Fortælling
2140 3510 121 70 ikke
2318 3512 115 69 kan
2497 3507 224 93 ansees’
2758 3510 127 88 som

1115 3646 80 54 en
1257 3615 530 95 philopatreiatisk
1847 3617 664 96 Omsiøbelsesprojet,
2593 3629 92 70 vil
2745 3630 140 86 give

1115 3742 172 72 mine
1345 3728 414 80 Landsmænd
1825 3749 76 54 en
1945 3728 196 90 Idee.

2657 3853 226 97 Efter-
