3107 4662
1911 401 101 78 r?

759 396 81 30 «A*
1289 392 82 29 «Aj

152 621 139 83 gen.
416 592 197 89 Over
654 615 95 54 10
794 587 349 92 Tilbedere
1168 586 321 96 indfandt
1522 588 97 98 sig
1658 591 123 78 ved
1810 584 163 90 Nat-

153 709 261 85 bordet,
441 701 125 78 ved
609 691 321 87 Claveret
971 730 100 17 —
1111 689 189 84 Kort
1339 687 143 96 sagt
1525 688 169 94 hvor
1719 689 105 95 jeg
1853 708 153 71 var,

152 802 366 94 omringede
562 803 78 78 de
666 796 164 95 mig.
932 790 302 102 Hvilken
1270 788 284 87 Glæde!
1618 788 72 99 I
1710 789 268 82 Særde-

151 905 216 98 leshed
394 902 233 92 indtog
665 918 78 58 en
768 890 273 101 Person
1071 893 118 80 mit
1210 890 275 100 Hierte,
1514 888 137 92 som
1674 889 179 98 siden
1875 910 130 61 var

147 1005 343 93 Aarsagen
517 1001 73 78 til
615 1006 89 74 all
733 997 139 80 min
895 993 261 99 Ulykke.
1213 994 177 100 Han
1417 994 213 92 listede
1659 1005 61 64 et
1771 986 211 95 Styk-

148 1108 66 84 ke
252 1105 108 98 fra
398 1104 133 93 mig
578 1097 156 97 efter
772 1103 104 76 der
932 1100 246 87 andet,
1232 1116 84 74 og
1360 1097 88 76 da
1472 1093 104 95 jeg
1614 1106 128 63 var
1768 1088 238 97 næsten

149 1227 238 78 nogen,
433 1198 224 98 forlod
687 1198 136 98 han
851 1198 136 96 mig
1015 1236 84 15 —
1143 1200 222 77 endnu
1395 1211 130 61 var
1571 1189 132 81 ikke
1741 1194 98 74 alt
1879 1190 127 79 mit

149 1309 213 102 Haab
389 1308 129 78 ude
542 1343 102 13 —
667 1302 145 98 Jeg
841 1295 215 100 havde
1093 1316 215 78 nogen
1335 1288 375 99 Skionhed
1757 1288 253 95 tilbage

152 1434 79 71 og
280 1407 177 98 hvad
484 1401 291 86 Alderen
804 1401 327 97 begyndte
1190 1412 75 66 at
1316 1406 152 79 tage
1512 1394 191 91 bort,
1750 1405 260 65 maarre

149 1510 286 96 Konsten
479 1507 146 94 give
651 1504 136 95 mig
815 1507 194 94 tgien.
1065 1541 102 16 —
1211 1496 114 84 En
1367 1486 438 102 Enkemand,
1867 1488 144 92 som

148 1632 122 62 var
292 1612 136 76 min
453 1606 149 99 Lige
627 1608 21 78 i
673 1604 251 94 Alder,
951 1600 253 84 lokkede
1249 1598 105 95 jeg
1377 1603 123 76 ved
1525 1596 173 78 mine
1713 1589 117 96 faa
1857 1588 127 95 yn-

148 1709 339 100 digheder;
542 1727 151 60 men
720 1704 171 98 hvor
918 1702 249 97 bedrog
1196 1700 69 80 vi
1290 1696 131 82 ikke
1478 1692 405 104 hiinanöLttk
1908 1729 102 20 —

147 1814 168 99 Han
343 1814 218 76 troede
589 1828 112 59 om
727 1807 162 92 mig,
919 1824 82 76 og
1039 1800 102 99 jeg
1181 1815 114 65 om
1343 1797 186 100 ham,
1599 1813 76 68 at
1719 1803 116 76 der
1877 1816 132 65 var

146 1916 270 79 Midler.
476 1908 244 98 Neppe
748 1926 130 61 var
905 1905 135 97 han
1069 1899 281 82 kommet
1376 1917 102 66 ret
1513 1902 117 79 ind
1659 1899 23 80 i
1730 1907 130 89 det,
1905 1898 75 97 fo-

144 2019 153 77 rend
326 2013 135 97 han
492 2009 171 96 saae,
690 2024 75 64 at
792 2007 135 98 han
954 2018 131 66 var
1108 2001 339 98 bedraget.
1474 1999 147 99 Jeg
1646 2001 173 83 vilde
1836 2003 141 78 und-

143 2119 203 91 skylde
369 2114 141 93 mig
555 2114 191 92 med,
785 2125 75 66 at
905 2115 106 71 det
1049 2101 130 82 ikke
1207 2102 104 96 gik
1339 2103 141 94 mig
1509 2118 60 62 et
1635 2099 214 116 Haar
1903 2100 76 81 be-

140 2222 140 81 dre;
320 2234 152 60 men
500 2215 106 76 det
632 2208 180 99 hialp
840 2207 166 95 ikke,
1038 2204 136 99 han
1200 2203 306 97 pryglede
1534 2204 136 93 mig
1694 2201 290 92 jammer-

140 2322 87 91 lig
249 2337 78 74 og
355 2317 268 93 prygler
648 2312 141 93 mig
810 2313 243 75 endnu.
1102 2303 167 102 Har
1284 2304 103 93 jeg
1400 2305 89 79 da
1502 2302 129 79 ikke
1648 2298 267 99 Aarsag
1932 2317 79 66 at

139 2416 181 83 kalde
343 2416 141 92 mig
511 2417 131 76 den
665 2407 503 97 misfornoyede
1189 2403 227 81 Kone.
1471 2401 179 101 Han
1701 2399 127 102 har
1859 2382 121 116 fag-

140 2536 56 62 et
244 2533 74 64 at
358 2516 150 78 vide
550 2511 148 80 min
740 2508 400 85 Levemaade
1204 2504 22 78 i
1264 2506 142 78 min
1432 2497 244 100 forrige
1718 2501 242 83 Mand-

140 2614 135 93 Tid
295 2669 22 40 ,
371 2636 82 74 og
482 2618 123 75 den
632 2608 169 84 Nar
831 2631 66 60 er
927 2612 224 76 endnu
1177 2599 114 96 saa
1319 2609 152 90 gal,
1501 2618 72 64 at
1608 2602 137 99 han
1773 2617 234 81 vogter

139 2723 171 90 mig,
337 2715 141 95 som
505 2733 113 60 om
645 2710 101 100 jeg
775 2729 129 62 var
929 2728 79 58 en
1021 2704 187 101 Pige
1233 2726 139 74 paa
1401 2725 95 73 17
1519 2700 193 97 Aar,
1759 2722 83 78 og
1869 2702 141 100 han

140 2823 148 78 veed
314 2822 222 76 endnu
564 2811 165 93 ikke,
760 2827 72 66 at
870 2806 548 94 Nødvendighed
1434 2823 68 60 er
1522 2824 76 60 en
1618 2800 194 99 Dyd-

333 2915 148 99 Jeg
509 2917 150 94 gior
683 2908 208 89 Dem
917 2916 170 76 dette
1149 2904 360 96 bekiendt,
1563 2907 144 76 min
1751 2901 252 102 Herre,

137 3018 103 98 for
269 3035 73 64 at
369 3016 311 96 erhverve
727 3010 251 89 Deres
1019 3004 341 100 Medhold
1387 3025 83 76 og
1511 2998 105 104 for
1639 3017 75 68 at
1743 3007 147 84 lade
1903 3002 77 101 he-

136 3126 55 80 le
214 3117 291 90 Verden
530 3115 183 95 vide,
764 3129 75 68 at
862 3111 99 101 jeg
980 3130 65 66 er
1080 3113 129 80 den

1255 3507 496 104 misfornoyede
1797 3504 208 90 Kone

1342 3642 302 100 Grethe
1676 3641 278 103 Lmgs.

1017 3808 140 89 CZ
1841 3799 168 90 Det
