3107 4662
1846 410 97 76 Zr

287 592 68 100 I
409 593 124 90 selv
583 589 248 96 samme
857 588 244 98 Huuse
1143 591 196 94 faaes
1367 614 110 58 om
1511 587 286 98 Aftenen
1841 590 110 98 fra

105 694 273 88 Klokken
395 719 81 70 9,
507 693 219 96 filered
765 690 463 95 Lokke-Mad,
1273 690 325 92 sminkede
1623 693 329 99 Øyekast,

108 824 72 68 og
236 793 368 98 forfalffede
660 790 560 99 Sire-Sange,
1292 794 104 78 alt
1440 790 106 96 for
1592 789 362 103 sædvanlig

106 898 212 102 Priis.

288 994 115 86 En
456 995 123 80 lille
626 992 239 82 vakker
898 990 271 101 Herre,
1244 989 115 95 saa
1406 992 244 94 skaldet
1692 989 139 94 som
1872 1014 81 60 en

103 1116 144 82 Mg
275 1093 284 90 Viibc,
609 1095 142 78 blev
793 1090 294 92 forleden
1119 1089 246 96 Aften,
1419 1094 20 74 i
1483 1114 74 58 en
1587 1089 370 97 Trængsel,

105 1194 502 96 uformodentlig
635 1190 80 96 af
737 1200 144 70 med
923 1192 96 94 sin
1059 1191 122 80 lille
1215 1197 154 91 stive
1405 1190 252 100 Pidff;
1685 1231 102 14 —
1814 1189 115 98 In-

105 1318 110 77 gen
241 1295 379 96 uberettiget
667 1312 195 60 maae
897 1288 186 81 kjøbe
1119 1301 169 79 den,
1351 1312 147 60 men
1534 1299 298 74 advares
1883 1304 75 66 at

106 1404 182 76 levere
328 1402 120 76 den
488 1401 72 74 til
594 1393 198 98 ham,
848 1400 88 72 da
978 1387 132 94 han
1166 1393 242 97 bruger
1436 1398 122 74 den
1604 1393 150 90 selv.

290 1496 152 84 Sr.
476 1493 320 100 Skyldig
836 1496 184 78 lader
1062 1491 242 94 herved
1336 1492 516 97 bekiendtgiore,
1882 1506 78 66 at

104 1596 125 92 han
270 1596 127 82 kan
432 1597 131 80 ikke
601 1610 264 80 nægte,
947 1609 72 64 at
1062 1591 133 100 han
1232 1595 67 92 jo
1347 1616 64 56 er
1442 1591 192 85 Gud
1669 1613 86 78 vg
1798 1591 163 100 hver

105 1700 220 82 Mand
359 1698 292 95 ffyldig,
709 1716 82 74 og
835 1710 74 64 at
957 1692 134 97 han
1153 1717 82 72 og
1293 1694 182 96 hans
1529 1694 202 81 Kone
1789 1699 172 74 lever

107 1802 140 98 hver
273 1798 230 95 Dag,
557 1797 140 92 som
733 1794 262 100 Hunde
1039 1815 82 74 og
1165 1795 268 82 Katte:
1521 1814 148 61 men
1707 1791 136 102 han
1869 1792 94 80 vil

106 1904 180 94 tillige
329 1898 373 94 formoede,
772 1912 72 62 at
884 1917 172 57 naar
1110 1901 122 74 den
1283 1894 133 96 han
1448 1895 245 95 skylder
1740 1910 224 78 noget,

108 2000 110 98 har
242 2008 156 88 godt
434 1997 278 102 Pandt,
766 1994 112 94 saa
910 1996 126 81 kan
1068 1993 136 100 han
1240 1996 218 96 gierne
1484 2001 148 75 lade
1650 1995 94 100 sig
1764 2013 198 75 noye,

106 2122 71 74 og
204 2122 166 58 naar
400 2097 132 98 han
562 2101 210 92 flauer
816 2098 198 94 ingen
1052 2101 176 74 uden
1262 2097 98 91 sin
1394 2094 243 97 Kone,
1692 2093 112 92 saa
1836 2093 126 97 har

107 2208 192 74 andre
329 2206 158 76 intet
519 2199 232 93 nødig,
805 2214 72 64 at
915 2201 144 76 lade
1085 2197 158 96 ham
1275 2198 146 96 fligt
1455 2196 208 96 høre,
1711 2201 88 74 da
1823 2195 138 93 han

107 2302 116 80 nok
261 2297 270 103 herefter
571 2301 126 94 ffal
749 2298 352 85 vedblive,
1183 2313 74 64 at
1307 2296 288 96 arbeyde
1643 2299 20 78 i
1715 2293 248 96 samme

107 2400 219 102 Laug,
379 2402 135 89 som
555 2423 80 54 en
685 2396 160 98 flink
897 2396 260 81 Mand.

294 2500 172 88 Der
488 2499 164 100 hvor
670 2520 160 60 man
848 2496 124 80 kan
1006 2497 172 94 sinde
1204 2515 136 76 paa
1366 2498 250 95 alting,
1644 2491 124 96 har
1798 2515 168 61 man

110 2600 304 100 opfundet
442 2609 232 74 tvende
700 2616 210 80 meget
954 2601 252 92 nyttige
1222 2596 388 96 Machiner:
1640 2593 180 88 Den
1852 2614 116 60 ene

108 2716 53 68 et
186 2702 231 93 Skib,
474 2697 137 96 som
678 2701 129 79 kan
862 2694 155 98 seyle
1068 2703 211 76 under
1336 2696 339 93 Vandet,
1732 2717 81 74 og
1842 2701 125 75 den

107 2810 202 76 anden
357 2824 78 60 en
487 2801 270 96 Vogn,
811 2797 306 99 hvorpaa
1163 2819 158 61 man
1369 2800 128 78 kan
1547 2804 172 87 flyve
1759 2799 20 74 i
1819 2794 130 94 Luf-

107 2922 134 72 ten,
295 2922 152 62 over
481 2907 232 78 loode
743 2900 180 82 Mile
963 2904 20 75 i
1027 2921 74 56 en
1145 2895 222 92 Time.
1473 2896 248 99 Begge
1777 2893 190 87 Dele

107 3002 179 100 synes
309 3006 345 95 urimelig;
719 3022 151 60 men
897 3006 105 74 det
1025 2997 223 82 beroer
1273 3000 177 78 kuns
1475 3018 135 74 paa
1639 2995 299 100 Indbild-

108 3106 266 98 ningen,
428 3125 86 74 og
544 3121 74 62 at
644 3124 164 60 man
852 3098 206 101 fæster
1090 3095 178 90 Troe
1300 3102 210 78 dertil-
1561 3094 168 87 Det
1766 3095 202 99 første

108 3226 60 60 er
194 3214 180 72 ellers
404 3205 302 96 beqvemt
768 3204 72 80 ril
882 3218 72 64 at
1006 3197 142 98 føre
1212 3198 454 82 comrabande
1706 3195 264 93 Vahre

108 3308 71 78 til
200 3304 423 92 Toldboeden
648 3322 177 80 paa;
880 3322 83 78 og
1000 3305 123 76 den
1154 3303 217 79 anden
1426 3298 425 96 uforlignelig
1894 3300 75 76 til

107 3422 68 64 at
199 3406 230 96 smutte
469 3405 150 82 bort
643 3408 182 92 med,
877 3406 126 77 ved
1029 3397 534 92 Termins-Tid.
1629 3395 222 96 Dog!
1899 3398 68 76 vi

109 3504 156 98 have
291 3514 186 91 dem,
529 3503 136 96 som
705 3521 154 68 over
899 3500 304 85 Vandet
1249 3501 128 79 kan
1417 3498 144 94 fore
1607 3505 104 74 det
1769 3481 196 111 forste

107 3606 327 97 behændig
461 3607 131 80 nok
617 3609 153 93 ind;
825 3624 83 84 og
935 3603 69 80 vi
1057 3607 265 92 mangle
1383 3598 191 100 heller
1611 3597 127 80 ikke
1791 3601 175 89 dem,

110 3704 122 94 som
260 3714 172 73 uden
458 3725 72 68 at
560 3711 174 98 flyve
762 3708 20 80 i
810 3700 276 104 Luften,
1114 3701 126 84 kan
1268 3701 210 93 smøre
1518 3698 282 101 Hælene
1830 3718 136 76 paa

106 3811 120 83 den
272 3802 168 96 Tid.
