<?xml version="1.0" encoding="utf-8"?>
<alto xmlns="http://www.loc.gov/standards/alto/ns-v3#" xmlns:xs="http://www.w3.org/2001/XMLSchema-instance" xmlns:xlink="http://www.w3.org/1999/xlink">
	<Description>
		<MeasurementUnit>pixel</MeasurementUnit>
		<sourceImageInformation>
			<fileName>130013940356_2_018_006_023.tif</fileName>
		</sourceImageInformation>
		<OCRProcessing ID="OCR1">
			<ocrProcessingStep>
				<processingDateTime>2018-09-15</processingDateTime>
				<processingAgency>Zissor AS</processingAgency>
				<processingStepSettings>Combined OCR</processingStepSettings>
				<processingSoftware>
					<softwareCreator>Zissor AS</softwareCreator>
					<softwareName>ContentOCR-11; ContentOCR-Tesseract</softwareName>
					<softwareVersion>2.0.2; 2.0.0</softwareVersion>
					<applicationDescription>OCR Component for Zissor Content System</applicationDescription>
				</processingSoftware>
			</ocrProcessingStep>
		</OCRProcessing>
	</Description>
	<Styles>
		<TextStyle ID="STYLE1" FONTFAMILY="Times New Roman" FONTSIZE="12" FONTSTYLE=""/>
		<TextStyle ID="STYLE2" FONTFAMILY="Times New Roman" FONTSIZE="14" FONTSTYLE=""/>
		<TextStyle ID="STYLE3" FONTFAMILY="Arial" FONTSIZE="11" FONTSTYLE=""/>
		<TextStyle ID="STYLE4" FONTFAMILY="Arial" FONTSIZE="12" FONTSTYLE=""/>
		<TextStyle ID="STYLE5" FONTFAMILY="Arial" FONTSIZE="13" FONTSTYLE=""/>
		<TextStyle ID="STYLE6" FONTFAMILY="Times New Roman" FONTSIZE="15" FONTSTYLE="bold"/>
	</Styles>
	<Layout>
		<Page ID="PAGE343" HEIGHT="4662" WIDTH="3107" PHYSICAL_IMG_NR="343" PROCESSING="OCR1" PC="0.72">
			<TopMargin HEIGHT="356" WIDTH="3107" HPOS="0" VPOS="0"/>
			<LeftMargin HEIGHT="3634" WIDTH="117" HPOS="0" VPOS="356"/>
			<RightMargin HEIGHT="3634" WIDTH="1076" HPOS="2031" VPOS="356"/>
			<BottomMargin HEIGHT="670" WIDTH="3107" HPOS="0" VPOS="3992"/>
			<PrintSpace ID="PRINTSPACE1" HEIGHT="3634" WIDTH="1912" HPOS="118" VPOS="357">
				<ComposedBlock xs:type="ComposedBlockType" ID="ARTICLE124280" HEIGHT="3634" WIDTH="1912" HPOS="118" VPOS="357" xlink:type="simple">
					<TextBlock xs:type="TextBlockType" ID="ZONE1279510" HEIGHT="114" WIDTH="1290" HPOS="716" VPOS="357" xlink:type="simple">
						<TextLine ID="LINE1" HEIGHT="112" WIDTH="1290" HPOS="716" VPOS="358">
							<String ID="STRING1" STYLEREFS="STYLE1" HEIGHT="86" WIDTH="134" HPOS="716" VPOS="371" CONTENT="E&gt;" WC="1" LANG="nob"/>
							<SP ID="SP1" WIDTH="154" HPOS="850" VPOS="371"/>
							<String ID="STRING2" STYLEREFS="STYLE1" HEIGHT="112" WIDTH="100" HPOS="1004" VPOS="358" CONTENT="W" WC="1" LANG="nob"/>
							<SP ID="SP2" WIDTH="118" HPOS="1104" VPOS="358"/>
							<String ID="STRING3" STYLEREFS="STYLE1" HEIGHT="88" WIDTH="160" HPOS="1222" VPOS="368" CONTENT=".Öfc" WC="0.27" LANG="deu"/>
							<SP ID="SP3" WIDTH="534" HPOS="1382" VPOS="368"/>
							<String ID="STRING4" STYLEREFS="STYLE1" HEIGHT="72" WIDTH="90" HPOS="1916" VPOS="397" CONTENT="2Z" WC="0.15" LANG="nob"/>
						</TextLine>
					</TextBlock>
					<TextBlock xs:type="TextBlockType" ID="ZONE1279511" HEIGHT="1503" WIDTH="1903" HPOS="127" VPOS="566" xlink:type="simple">
						<TextLine ID="LINE2" HEIGHT="114" WIDTH="1878" HPOS="134" VPOS="567">
							<String ID="STRING5" STYLEREFS="STYLE2" HEIGHT="92" WIDTH="116" HPOS="134" VPOS="582" CONTENT="selv" WC="0.78" LANG="dan"/>
							<SP ID="SP4" WIDTH="34" HPOS="250" VPOS="582"/>
							<String ID="STRING6" STYLEREFS="STYLE2" HEIGHT="66" WIDTH="72" HPOS="284" VPOS="594" CONTENT="at" WC="0.88" LANG="dan"/>
							<SP ID="SP5" WIDTH="38" HPOS="356" VPOS="594"/>
							<String ID="STRING7" STYLEREFS="STYLE2" HEIGHT="80" WIDTH="234" HPOS="394" VPOS="577" CONTENT="mærke" WC="0.68" LANG="dan"/>
							<SP ID="SP6" WIDTH="30" HPOS="628" VPOS="577"/>
							<String ID="STRING8" STYLEREFS="STYLE2" HEIGHT="76" WIDTH="126" HPOS="658" VPOS="575" CONTENT="der." WC="0.65" LANG="dan"/>
							<SP ID="SP7" WIDTH="58" HPOS="784" VPOS="575"/>
							<String ID="STRING9" STYLEREFS="STYLE2" HEIGHT="102" WIDTH="176" HPOS="842" VPOS="567" CONTENT="Han" WC="0.78" LANG="dan"/>
							<SP ID="SP8" WIDTH="54" HPOS="1018" VPOS="567"/>
							<String ID="STRING10" STYLEREFS="STYLE2" HEIGHT="82" WIDTH="334" HPOS="1072" VPOS="576" CONTENT="udvidede" WC="0.5" LANG="dan"/>
							<SP ID="SP9" WIDTH="54" HPOS="1406" VPOS="576"/>
							<String ID="STRING11" STYLEREFS="STYLE2" HEIGHT="98" WIDTH="130" HPOS="1460" VPOS="578" CONTENT="fine" WC="0.65" LANG="dan"/>
							<SP ID="SP10" WIDTH="58" HPOS="1590" VPOS="578"/>
							<String ID="STRING12" STYLEREFS="STYLE2" HEIGHT="104" WIDTH="364" HPOS="1648" VPOS="577" CONTENT="Begreber" WC="0.56" LANG="dan"/>
						</TextLine>
						<TextLine ID="LINE3" HEIGHT="108" WIDTH="1876" HPOS="134" VPOS="677">
							<String ID="STRING13" STYLEREFS="STYLE2" HEIGHT="72" WIDTH="74" HPOS="134" VPOS="706" CONTENT="og" WC="0.74" LANG="dan"/>
							<SP ID="SP11" WIDTH="40" HPOS="208" VPOS="706"/>
							<String ID="STRING14" STYLEREFS="STYLE2" HEIGHT="97" WIDTH="248" HPOS="248" VPOS="679" CONTENT="ligesom" WC="0.8" LANG="dan"/>
							<SP ID="SP12" WIDTH="36" HPOS="496" VPOS="679"/>
							<String ID="STRING15" STYLEREFS="STYLE2" HEIGHT="98" WIDTH="134" HPOS="532" VPOS="679" CONTENT="han" WC="0.79" LANG="dan"/>
							<SP ID="SP13" WIDTH="38" HPOS="666" VPOS="679"/>
							<String ID="STRING16" STYLEREFS="STYLE2" HEIGHT="74" WIDTH="242" HPOS="704" VPOS="677" CONTENT="meden" WC="0.82" LANG="dan"/>
							<SP ID="SP14" WIDTH="38" HPOS="946" VPOS="677"/>
							<String ID="STRING17" STYLEREFS="STYLE2" HEIGHT="96" WIDTH="268" HPOS="984" VPOS="678" CONTENT="lykkelig" WC="0.85" LANG="dan"/>
							<SP ID="SP15" WIDTH="40" HPOS="1252" VPOS="678"/>
							<String ID="STRING18" STYLEREFS="STYLE2" HEIGHT="105" WIDTH="516" HPOS="1292" VPOS="678" CONTENT="Behagelighed" WC="0.71" LANG="dan"/>
							<SP ID="SP16" WIDTH="40" HPOS="1808" VPOS="678"/>
							<String ID="STRING19" STYLEREFS="STYLE2" HEIGHT="98" WIDTH="162" HPOS="1848" VPOS="687" CONTENT="hav«" WC="0.71" LANG="nob"/>
						</TextLine>
						<TextLine ID="LINE4" HEIGHT="108" WIDTH="1877" HPOS="136" VPOS="771">
							<String ID="STRING20" STYLEREFS="STYLE2" HEIGHT="93" WIDTH="257" HPOS="136" VPOS="784" CONTENT="bevidst" WC="0.6" LANG="dan"/>
							<SP ID="SP17" WIDTH="43" HPOS="393" VPOS="784"/>
							<String ID="STRING21" STYLEREFS="STYLE2" HEIGHT="62" WIDTH="71" HPOS="436" VPOS="797" CONTENT="ar" WC="1" LANG="dan"/>
							<SP ID="SP18" WIDTH="17" HPOS="507" VPOS="797"/>
							<String ID="STRING22" STYLEREFS="STYLE2" HEIGHT="84" WIDTH="343" HPOS="524" VPOS="783" CONTENT="indprente" WC="0.65" LANG="dan"/>
							<SP ID="SP19" WIDTH="37" HPOS="867" VPOS="783"/>
							<String ID="STRING23" STYLEREFS="STYLE2" HEIGHT="96" WIDTH="203" HPOS="904" VPOS="771" CONTENT="hende" WC="0.79" LANG="nob"/>
							<SP ID="SP20" WIDTH="37" HPOS="1107" VPOS="771"/>
							<String ID="STRING24" STYLEREFS="STYLE2" HEIGHT="72" WIDTH="77" HPOS="1144" VPOS="788" CONTENT="de" WC="0.62" LANG="nob"/>
							<SP ID="SP21" WIDTH="37" HPOS="1221" VPOS="788"/>
							<String ID="STRING25" STYLEREFS="STYLE2" HEIGHT="94" WIDTH="195" HPOS="1258" VPOS="782" CONTENT="første" WC="0.68" LANG="nob"/>
							<SP ID="SP22" WIDTH="43" HPOS="1453" VPOS="782"/>
							<String ID="STRING26" STYLEREFS="STYLE2" HEIGHT="95" WIDTH="345" HPOS="1496" VPOS="782" CONTENT="Grunde," WC="0.58" LANG="nob"/>
							<SP ID="SP23" WIDTH="53" HPOS="1841" VPOS="782"/>
							<String ID="STRING27" STYLEREFS="STYLE2" HEIGHT="92" WIDTH="119" HPOS="1894" VPOS="787" CONTENT="saa" WC="0.81" LANG="nob"/>
						</TextLine>
						<TextLine ID="LINE5" HEIGHT="110" WIDTH="1852" HPOS="133" VPOS="873">
							<String ID="STRING28" STYLEREFS="STYLE2" HEIGHT="100" WIDTH="306" HPOS="133" VPOS="880" CONTENT="fuldførte" WC="0.6" LANG="dan"/>
							<SP ID="SP24" WIDTH="54" HPOS="439" VPOS="880"/>
							<String ID="STRING29" STYLEREFS="STYLE2" HEIGHT="96" WIDTH="134" HPOS="493" VPOS="881" CONTENT="han" WC="0.88" LANG="nob"/>
							<SP ID="SP25" WIDTH="38" HPOS="627" VPOS="881"/>
							<String ID="STRING30" STYLEREFS="STYLE2" HEIGHT="62" WIDTH="94" HPOS="665" VPOS="891" CONTENT="nu" WC="0.65" LANG="nob"/>
							<SP ID="SP26" WIDTH="34" HPOS="759" VPOS="891"/>
							<String ID="STRING31" STYLEREFS="STYLE2" HEIGHT="94" WIDTH="200" HPOS="793" VPOS="873" CONTENT="ogsaa" WC="0.71" LANG="nob"/>
							<SP ID="SP27" WIDTH="36" HPOS="993" VPOS="873"/>
							<String ID="STRING32" STYLEREFS="STYLE2" HEIGHT="74" WIDTH="148" HPOS="1029" VPOS="886" CONTENT="med" WC="0.76" LANG="nob"/>
							<SP ID="SP28" WIDTH="22" HPOS="1177" VPOS="886"/>
							<String ID="STRING33" STYLEREFS="STYLE2" HEIGHT="56" WIDTH="78" HPOS="1199" VPOS="902" CONTENT="en" WC="1" LANG="nob"/>
							<SP ID="SP29" WIDTH="22" HPOS="1277" VPOS="902"/>
							<String ID="STRING34" STYLEREFS="STYLE2" HEIGHT="78" WIDTH="212" HPOS="1299" VPOS="898" CONTENT="meget" WC="0.75" LANG="nob"/>
							<SP ID="SP30" WIDTH="34" HPOS="1511" VPOS="898"/>
							<String ID="STRING35" STYLEREFS="STYLE2" HEIGHT="99" WIDTH="212" HPOS="1545" VPOS="880" CONTENT="heldig" WC="0.64" LANG="nob"/>
							<SP ID="SP31" WIDTH="22" HPOS="1757" VPOS="880"/>
							<String ID="STRING36" STYLEREFS="STYLE2" HEIGHT="102" WIDTH="206" HPOS="1779" VPOS="881" CONTENT="Frem" SUBS_TYPE="HypPart1" SUBS_CONTENT="Fremgang," WC="0.55" LANG="nob"/>
							<HYP CONTENT="-"/>
						</TextLine>
						<TextLine ID="LINE6" HEIGHT="107" WIDTH="1884" HPOS="131" VPOS="971">
							<String ID="STRING37" STYLEREFS="STYLE2" HEIGHT="74" WIDTH="206" HPOS="131" VPOS="1004" CONTENT="gang," SUBS_TYPE="HypPart2" SUBS_CONTENT="Fremgang," WC="0.63" LANG="nob"/>
							<SP ID="SP32" WIDTH="56" HPOS="337" VPOS="1004"/>
							<String ID="STRING38" STYLEREFS="STYLE2" HEIGHT="92" WIDTH="76" HPOS="393" VPOS="985" CONTENT="sit" WC="0.49" LANG="dan"/>
							<SP ID="SP33" WIDTH="28" HPOS="469" VPOS="985"/>
							<String ID="STRING39" STYLEREFS="STYLE2" HEIGHT="94" WIDTH="132" HPOS="497" VPOS="981" CONTENT="hele" WC="0.95" LANG="dan"/>
							<SP ID="SP34" WIDTH="38" HPOS="629" VPOS="981"/>
							<String ID="STRING40" STYLEREFS="STYLE2" HEIGHT="100" WIDTH="270" HPOS="667" VPOS="971" CONTENT="Forsær." WC="0.54" LANG="dan"/>
							<SP ID="SP35" WIDTH="106" HPOS="937" VPOS="971"/>
							<String ID="STRING41" STYLEREFS="STYLE2" HEIGHT="98" WIDTH="146" HPOS="1043" VPOS="978" CONTENT="Jeg" WC="0.88" LANG="dan"/>
							<SP ID="SP36" WIDTH="42" HPOS="1189" VPOS="978"/>
							<String ID="STRING42" STYLEREFS="STYLE2" HEIGHT="76" WIDTH="90" HPOS="1231" VPOS="984" CONTENT="vil" WC="0.9" LANG="dan"/>
							<SP ID="SP37" WIDTH="34" HPOS="1321" VPOS="984"/>
							<String ID="STRING43" STYLEREFS="STYLE2" HEIGHT="80" WIDTH="132" HPOS="1355" VPOS="980" CONTENT="ikke" WC="0.88" LANG="dan"/>
							<SP ID="SP38" WIDTH="36" HPOS="1487" VPOS="980"/>
							<String ID="STRING44" STYLEREFS="STYLE2" HEIGHT="94" WIDTH="276" HPOS="1523" VPOS="981" CONTENT="opholde" WC="0.57" LANG="dan"/>
							<SP ID="SP39" WIDTH="38" HPOS="1799" VPOS="981"/>
							<String ID="STRING45" STYLEREFS="STYLE2" HEIGHT="76" WIDTH="178" HPOS="1837" VPOS="991" CONTENT="mine" WC="0.58" LANG="nob"/>
						</TextLine>
						<TextLine ID="LINE7" HEIGHT="99" WIDTH="1854" HPOS="131" VPOS="1078">
							<String ID="STRING46" STYLEREFS="STYLE2" HEIGHT="92" WIDTH="236" HPOS="131" VPOS="1080" CONTENT="Læsere." WC="0.69" LANG="dan"/>
							<SP ID="SP40" WIDTH="104" HPOS="367" VPOS="1080"/>
							<String ID="STRING47" STYLEREFS="STYLE2" HEIGHT="84" WIDTH="134" HPOS="471" VPOS="1081" CONTENT="De" WC="0.63" LANG="dan"/>
							<SP ID="SP41" WIDTH="38" HPOS="605" VPOS="1081"/>
							<String ID="STRING48" STYLEREFS="STYLE2" HEIGHT="90" WIDTH="138" HPOS="643" VPOS="1079" CONTENT="som" WC="0.57" LANG="dan"/>
							<SP ID="SP42" WIDTH="40" HPOS="781" VPOS="1079"/>
							<String ID="STRING49" STYLEREFS="STYLE2" HEIGHT="75" WIDTH="156" HPOS="821" VPOS="1081" CONTENT="veed" WC="0.84" LANG="dan"/>
							<SP ID="SP43" WIDTH="38" HPOS="977" VPOS="1081"/>
							<String ID="STRING50" STYLEREFS="STYLE2" HEIGHT="98" WIDTH="180" HPOS="1015" VPOS="1078" CONTENT="hvad" WC="0.71" LANG="dan"/>
							<SP ID="SP44" WIDTH="46" HPOS="1195" VPOS="1078"/>
							<String ID="STRING51" STYLEREFS="STYLE2" HEIGHT="76" WIDTH="126" HPOS="1241" VPOS="1084" CONTENT="den" WC="0.82" LANG="dan"/>
							<SP ID="SP45" WIDTH="48" HPOS="1367" VPOS="1084"/>
							<String ID="STRING52" STYLEREFS="STYLE2" HEIGHT="94" WIDTH="350" HPOS="1415" VPOS="1083" CONTENT="platoniske" WC="0.48" LANG="dan"/>
							<SP ID="SP46" WIDTH="54" HPOS="1765" VPOS="1083"/>
							<String ID="STRING53" STYLEREFS="STYLE2" HEIGHT="84" WIDTH="166" HPOS="1819" VPOS="1081" CONTENT="Kær" SUBS_TYPE="HypPart1" SUBS_CONTENT="Kærlighed" WC="0.54" LANG="dan"/>
							<HYP CONTENT="-"/>
						</TextLine>
						<TextLine ID="LINE8" HEIGHT="102" WIDTH="1858" HPOS="131" VPOS="1177">
							<String ID="STRING54" STYLEREFS="STYLE2" HEIGHT="96" WIDTH="196" HPOS="131" VPOS="1182" CONTENT="lighed" SUBS_TYPE="HypPart2" SUBS_CONTENT="Kærlighed" WC="0.54" LANG="dan"/>
							<SP ID="SP47" WIDTH="42" HPOS="327" VPOS="1182"/>
							<String ID="STRING55" STYLEREFS="STYLE2" HEIGHT="56" WIDTH="64" HPOS="369" VPOS="1203" CONTENT="er" WC="0.98" LANG="dan"/>
							<SP ID="SP48" WIDTH="30" HPOS="433" VPOS="1203"/>
							<String ID="STRING56" STYLEREFS="STYLE2" HEIGHT="96" WIDTH="104" HPOS="463" VPOS="1177" CONTENT="for" WC="0.67" LANG="dan"/>
							<SP ID="SP49" WIDTH="34" HPOS="567" VPOS="1177"/>
							<String ID="STRING57" STYLEREFS="STYLE2" HEIGHT="60" WIDTH="60" HPOS="601" VPOS="1197" CONTENT="et" WC="0.68" LANG="dan"/>
							<SP ID="SP50" WIDTH="36" HPOS="661" VPOS="1197"/>
							<String ID="STRING58" STYLEREFS="STYLE2" HEIGHT="96" WIDTH="206" HPOS="697" VPOS="1177" CONTENT="arrigt" WC="0.47" LANG="dan"/>
							<SP ID="SP51" WIDTH="44" HPOS="903" VPOS="1177"/>
							<String ID="STRING59" STYLEREFS="STYLE2" HEIGHT="83" WIDTH="354" HPOS="947" VPOS="1179" CONTENT="Lokkemad" WC="0.63" LANG="dan"/>
							<SP ID="SP52" WIDTH="40" HPOS="1301" VPOS="1179"/>
							<String ID="STRING60" STYLEREFS="STYLE2" HEIGHT="94" WIDTH="250" HPOS="1341" VPOS="1180" CONTENT="behøve" WC="0.68" LANG="dan"/>
							<SP ID="SP53" WIDTH="22" HPOS="1591" VPOS="1180"/>
							<String ID="STRING61" STYLEREFS="STYLE2" HEIGHT="92" WIDTH="196" HPOS="1613" VPOS="1187" CONTENT="ingen" WC="0.74" LANG="dan"/>
							<SP ID="SP54" WIDTH="38" HPOS="1809" VPOS="1187"/>
							<String ID="STRING62" STYLEREFS="STYLE2" HEIGHT="58" WIDTH="142" HPOS="1847" VPOS="1207" CONTENT="nær" SUBS_TYPE="HypPart1" SUBS_CONTENT="nærmere" WC="0.74" LANG="dan"/>
							<HYP CONTENT="-"/>
						</TextLine>
						<TextLine ID="LINE9" HEIGHT="107" WIDTH="1850" HPOS="133" VPOS="1276">
							<String ID="STRING63" STYLEREFS="STYLE2" HEIGHT="62" WIDTH="158" HPOS="133" VPOS="1300" CONTENT="mere" SUBS_TYPE="HypPart2" SUBS_CONTENT="nærmere" WC="0.88" LANG="dan"/>
							<SP ID="SP55" WIDTH="28" HPOS="291" VPOS="1300"/>
							<String ID="STRING64" STYLEREFS="STYLE2" HEIGHT="99" WIDTH="448" HPOS="319" VPOS="1280" CONTENT="Forklaring," WC="0.77" LANG="dan"/>
							<SP ID="SP56" WIDTH="58" HPOS="767" VPOS="1280"/>
							<String ID="STRING65" STYLEREFS="STYLE2" HEIGHT="68" WIDTH="82" HPOS="825" VPOS="1301" CONTENT="og" WC="0.38" LANG="dan"/>
							<SP ID="SP57" WIDTH="40" HPOS="907" VPOS="1301"/>
							<String ID="STRING66" STYLEREFS="STYLE2" HEIGHT="91" WIDTH="118" HPOS="947" VPOS="1285" CONTENT="de," WC="0.72" LANG="dan"/>
							<SP ID="SP58" WIDTH="32" HPOS="1065" VPOS="1285"/>
							<String ID="STRING67" STYLEREFS="STYLE2" HEIGHT="88" WIDTH="132" HPOS="1097" VPOS="1282" CONTENT="som" WC="0.43" LANG="dan"/>
							<SP ID="SP59" WIDTH="32" HPOS="1229" VPOS="1282"/>
							<String ID="STRING68" STYLEREFS="STYLE2" HEIGHT="78" WIDTH="128" HPOS="1261" VPOS="1282" CONTENT="ikke" WC="0.82" LANG="dan"/>
							<SP ID="SP60" WIDTH="20" HPOS="1389" VPOS="1282"/>
							<String ID="STRING69" STYLEREFS="STYLE2" HEIGHT="103" WIDTH="322" HPOS="1409" VPOS="1276" CONTENT="forstaaer" WC="0.75" LANG="dan"/>
							<SP ID="SP61" WIDTH="22" HPOS="1731" VPOS="1276"/>
							<String ID="STRING70" STYLEREFS="STYLE2" HEIGHT="96" WIDTH="92" HPOS="1753" VPOS="1287" CONTENT="sig" WC="0.44" LANG="dan"/>
							<SP ID="SP62" WIDTH="28" HPOS="1845" VPOS="1287"/>
							<String ID="STRING71" STYLEREFS="STYLE2" HEIGHT="76" WIDTH="110" HPOS="1873" VPOS="1291" CONTENT="der" SUBS_TYPE="HypPart1" SUBS_CONTENT="derpaa," WC="0.66" LANG="dan"/>
							<HYP CONTENT="-"/>
						</TextLine>
						<TextLine ID="LINE10" HEIGHT="106" WIDTH="1879" HPOS="133" VPOS="1377">
							<String ID="STRING72" STYLEREFS="STYLE2" HEIGHT="74" WIDTH="159" HPOS="133" VPOS="1404" CONTENT="paa," SUBS_TYPE="HypPart2" SUBS_CONTENT="derpaa," WC="0.73" LANG="dan"/>
							<SP ID="SP63" WIDTH="49" HPOS="292" VPOS="1404"/>
							<String ID="STRING73" STYLEREFS="STYLE2" HEIGHT="79" WIDTH="123" HPOS="341" VPOS="1382" CONTENT="kan" WC="1" LANG="dan"/>
							<SP ID="SP64" WIDTH="37" HPOS="464" VPOS="1382"/>
							<String ID="STRING74" STYLEREFS="STYLE2" HEIGHT="92" WIDTH="77" HPOS="501" VPOS="1379" CONTENT="af" WC="0.74" LANG="dan"/>
							<SP ID="SP65" WIDTH="33" HPOS="578" VPOS="1379"/>
							<String ID="STRING75" STYLEREFS="STYLE2" HEIGHT="72" WIDTH="205" HPOS="611" VPOS="1387" CONTENT="denne" WC="0.85" LANG="dan"/>
							<SP ID="SP66" WIDTH="27" HPOS="816" VPOS="1387"/>
							<String ID="STRING76" STYLEREFS="STYLE2" HEIGHT="106" WIDTH="299" HPOS="843" VPOS="1377" CONTENT="Historie" WC="0.58" LANG="dan"/>
							<SP ID="SP67" WIDTH="33" HPOS="1142" VPOS="1377"/>
							<String ID="STRING77" STYLEREFS="STYLE2" HEIGHT="94" WIDTH="151" HPOS="1175" VPOS="1380" CONTENT="faae" WC="1" LANG="dan"/>
							<SP ID="SP68" WIDTH="33" HPOS="1326" VPOS="1380"/>
							<String ID="STRING78" STYLEREFS="STYLE2" HEIGHT="97" WIDTH="371" HPOS="1359" VPOS="1380" CONTENT="Kundskab" WC="0.59" LANG="dan"/>
							<SP ID="SP69" WIDTH="33" HPOS="1730" VPOS="1380"/>
							<String ID="STRING79" STYLEREFS="STYLE2" HEIGHT="76" WIDTH="249" HPOS="1763" VPOS="1389" CONTENT="derom." WC="0.71" LANG="dan"/>
						</TextLine>
						<TextLine ID="LINE11" HEIGHT="109" WIDTH="1886" HPOS="128" VPOS="1473">
							<String ID="STRING80" STYLEREFS="STYLE2" HEIGHT="98" WIDTH="136" HPOS="128" VPOS="1484" CONTENT="Jeg" WC="0.86" LANG="dan"/>
							<SP ID="SP70" WIDTH="42" HPOS="264" VPOS="1484"/>
							<String ID="STRING81" STYLEREFS="STYLE2" HEIGHT="77" WIDTH="88" HPOS="306" VPOS="1484" CONTENT="vil" WC="0.8" LANG="dan"/>
							<SP ID="SP71" WIDTH="38" HPOS="394" VPOS="1484"/>
							<String ID="STRING82" STYLEREFS="STYLE2" HEIGHT="98" WIDTH="222" HPOS="432" VPOS="1473" CONTENT="derfor" WC="0.72" LANG="dan"/>
							<SP ID="SP72" WIDTH="54" HPOS="654" VPOS="1473"/>
							<String ID="STRING83" STYLEREFS="STYLE2" HEIGHT="80" WIDTH="134" HPOS="708" VPOS="1477" CONTENT="kun" WC="0.79" LANG="dan"/>
							<SP ID="SP73" WIDTH="70" HPOS="842" VPOS="1477"/>
							<String ID="STRING84" STYLEREFS="STYLE2" HEIGHT="97" WIDTH="128" HPOS="912" VPOS="1479" CONTENT="sige" WC="1" LANG="dan"/>
							<SP ID="SP74" WIDTH="54" HPOS="1040" VPOS="1479"/>
							<String ID="STRING85" STYLEREFS="STYLE2" HEIGHT="80" WIDTH="178" HPOS="1094" VPOS="1482" CONTENT="kort:" WC="0.65" LANG="dan"/>
							<SP ID="SP75" WIDTH="74" HPOS="1272" VPOS="1482"/>
							<String ID="STRING86" STYLEREFS="STYLE2" HEIGHT="84" WIDTH="94" HPOS="1346" VPOS="1480" CONTENT="At" WC="0.5" LANG="dan"/>
							<SP ID="SP76" WIDTH="34" HPOS="1440" VPOS="1480"/>
							<String ID="STRING87" STYLEREFS="STYLE2" HEIGHT="74" WIDTH="88" HPOS="1474" VPOS="1488" CONTENT="da" WC="0.8" LANG="dan"/>
							<SP ID="SP77" WIDTH="44" HPOS="1562" VPOS="1488"/>
							<String ID="STRING88" STYLEREFS="STYLE2" HEIGHT="96" WIDTH="134" HPOS="1606" VPOS="1485" CONTENT="han" WC="0.75" LANG="dan"/>
							<SP ID="SP78" WIDTH="58" HPOS="1740" VPOS="1485"/>
							<String ID="STRING89" STYLEREFS="STYLE2" HEIGHT="96" WIDTH="216" HPOS="1798" VPOS="1485" CONTENT="havde" WC="0.57" LANG="dan"/>
						</TextLine>
						<TextLine ID="LINE12" HEIGHT="102" WIDTH="1856" HPOS="130" VPOS="1578">
							<String ID="STRING90" STYLEREFS="STYLE2" HEIGHT="96" WIDTH="134" HPOS="130" VPOS="1584" CONTENT="viist" WC="0.48" LANG="dan"/>
							<SP ID="SP79" WIDTH="30" HPOS="264" VPOS="1584"/>
							<String ID="STRING91" STYLEREFS="STYLE2" HEIGHT="98" WIDTH="198" HPOS="294" VPOS="1582" CONTENT="hende" WC="0.72" LANG="dan"/>
							<SP ID="SP80" WIDTH="34" HPOS="492" VPOS="1582"/>
							<String ID="STRING92" STYLEREFS="STYLE2" HEIGHT="70" WIDTH="74" HPOS="526" VPOS="1593" CONTENT="de" WC="0.63" LANG="dan"/>
							<SP ID="SP81" WIDTH="48" HPOS="600" VPOS="1593"/>
							<String ID="STRING93" STYLEREFS="STYLE2" HEIGHT="94" WIDTH="180" HPOS="648" VPOS="1583" CONTENT="sidste" WC="0.63" LANG="dan"/>
							<SP ID="SP82" WIDTH="60" HPOS="828" VPOS="1583"/>
							<String ID="STRING94" STYLEREFS="STYLE2" HEIGHT="99" WIDTH="320" HPOS="888" VPOS="1579" CONTENT="Punkter" WC="0.77" LANG="dan"/>
							<SP ID="SP83" WIDTH="38" HPOS="1208" VPOS="1579"/>
							<String ID="STRING95" STYLEREFS="STYLE2" HEIGHT="76" WIDTH="20" HPOS="1246" VPOS="1586" CONTENT="i" WC="0.43" LANG="dan"/>
							<SP ID="SP84" WIDTH="54" HPOS="1266" VPOS="1586"/>
							<String ID="STRING96" STYLEREFS="STYLE2" HEIGHT="74" WIDTH="170" HPOS="1320" VPOS="1588" CONTENT="dette" WC="0.59" LANG="dan"/>
							<SP ID="SP85" WIDTH="38" HPOS="1490" VPOS="1588"/>
							<String ID="STRING97" STYLEREFS="STYLE2" HEIGHT="101" WIDTH="232" HPOS="1528" VPOS="1578" CONTENT="farlige" WC="0.71" LANG="dan"/>
							<SP ID="SP86" WIDTH="44" HPOS="1760" VPOS="1578"/>
							<String ID="STRING98" STYLEREFS="STYLE2" HEIGHT="84" WIDTH="182" HPOS="1804" VPOS="1585" CONTENT="Ven" SUBS_TYPE="HypPart1" SUBS_CONTENT="Venskab" WC="0.75" LANG="dan"/>
							<HYP CONTENT="-"/>
						</TextLine>
						<TextLine ID="LINE13" HEIGHT="100" WIDTH="1851" HPOS="128" VPOS="1682">
							<String ID="STRING99" STYLEREFS="STYLE2" HEIGHT="100" WIDTH="134" HPOS="128" VPOS="1682" CONTENT="skab" SUBS_TYPE="HypPart2" SUBS_CONTENT="Venskab" WC="0.28" LANG="dan"/>
							<SP ID="SP87" WIDTH="22" HPOS="262" VPOS="1682"/>
							<String ID="STRING100" STYLEREFS="STYLE2" HEIGHT="36" WIDTH="16" HPOS="284" VPOS="1738" CONTENT="," WC="0.55" LANG="dan"/>
							<SP ID="SP88" WIDTH="40" HPOS="300" VPOS="1738"/>
							<String ID="STRING101" STYLEREFS="STYLE2" HEIGHT="95" WIDTH="134" HPOS="340" VPOS="1682" CONTENT="som" WC="0.45" LANG="dan"/>
							<SP ID="SP89" WIDTH="20" HPOS="474" VPOS="1682"/>
							<String ID="STRING102" STYLEREFS="STYLE2" HEIGHT="56" WIDTH="64" HPOS="494" VPOS="1705" CONTENT="er" WC="1" LANG="dan"/>
							<SP ID="SP90" WIDTH="24" HPOS="558" VPOS="1705"/>
							<String ID="STRING103" STYLEREFS="STYLE2" HEIGHT="92" WIDTH="436" HPOS="582" VPOS="1685" CONTENT="understøttet" WC="0.64" LANG="dan"/>
							<SP ID="SP91" WIDTH="22" HPOS="1018" VPOS="1685"/>
							<String ID="STRING104" STYLEREFS="STYLE2" HEIGHT="76" WIDTH="146" HPOS="1040" VPOS="1688" CONTENT="med" WC="0.69" LANG="dan"/>
							<SP ID="SP92" WIDTH="20" HPOS="1186" VPOS="1688"/>
							<String ID="STRING105" STYLEREFS="STYLE2" HEIGHT="76" WIDTH="76" HPOS="1206" VPOS="1688" CONTENT="de" WC="0.77" LANG="dan"/>
							<SP ID="SP93" WIDTH="15" HPOS="1282" VPOS="1688"/>
							<String ID="STRING106" STYLEREFS="STYLE3" HEIGHT="95" WIDTH="188" HPOS="1297" VPOS="1683" CONTENT="mees" WC="0.87" LANG="dan"/>
							<SP ID="SP94" WIDTH="27" HPOS="1485" VPOS="1683"/>
							<String ID="STRING107" STYLEREFS="STYLE3" HEIGHT="92" WIDTH="467" HPOS="1512" VPOS="1685" CONTENT="gjennemtræn" SUBS_TYPE="HypPart1" SUBS_CONTENT="gjennemtrængende" WC="0.83" LANG="dan"/>
							<HYP CONTENT="-"/>
						</TextLine>
						<TextLine ID="LINE14" HEIGHT="105" WIDTH="1884" HPOS="130" VPOS="1778">
							<String ID="STRING108" STYLEREFS="STYLE4" HEIGHT="94" WIDTH="199" HPOS="130" VPOS="1789" CONTENT="gende" SUBS_TYPE="HypPart2" SUBS_CONTENT="gjennemtrængende" WC="0.85" LANG="dan"/>
							<SP ID="SP95" WIDTH="-195" HPOS="329" VPOS="1789"/>
							<String ID="STRING109" STYLEREFS="STYLE2" HEIGHT="92" WIDTH="196" HPOS="134" VPOS="1790" CONTENT="gende" WC="0.71" LANG="dan"/>
							<SP ID="SP96" WIDTH="40" HPOS="330" VPOS="1790"/>
							<String ID="STRING110" STYLEREFS="STYLE2" HEIGHT="94" WIDTH="448" HPOS="370" VPOS="1779" CONTENT="Tillokkelser," WC="0.71" LANG="dan"/>
							<SP ID="SP97" WIDTH="58" HPOS="818" VPOS="1779"/>
							<String ID="STRING111" STYLEREFS="STYLE2" HEIGHT="90" WIDTH="112" HPOS="876" VPOS="1781" CONTENT="saa" WC="0.82" LANG="dan"/>
							<SP ID="SP98" WIDTH="30" HPOS="988" VPOS="1781"/>
							<String ID="STRING112" STYLEREFS="STYLE2" HEIGHT="98" WIDTH="212" HPOS="1018" VPOS="1778" CONTENT="forlod" WC="0.75" LANG="dan"/>
							<SP ID="SP99" WIDTH="34" HPOS="1230" VPOS="1778"/>
							<String ID="STRING113" STYLEREFS="STYLE2" HEIGHT="86" WIDTH="134" HPOS="1264" VPOS="1782" CONTENT="han" WC="0.75" LANG="dan"/>
							<SP ID="SP100" WIDTH="52" HPOS="1398" VPOS="1782"/>
							<String ID="STRING114" STYLEREFS="STYLE2" HEIGHT="97" WIDTH="242" HPOS="1450" VPOS="1784" CONTENT="hende," WC="0.77" LANG="dan"/>
							<SP ID="SP101" WIDTH="52" HPOS="1692" VPOS="1784"/>
							<String ID="STRING115" STYLEREFS="STYLE2" HEIGHT="86" WIDTH="136" HPOS="1744" VPOS="1787" CONTENT="som" WC="0.51" LANG="dan"/>
							<SP ID="SP102" WIDTH="48" HPOS="1880" VPOS="1787"/>
							<String ID="STRING116" STYLEREFS="STYLE2" HEIGHT="60" WIDTH="86" HPOS="1928" VPOS="1807" CONTENT="eu" WC="0.92" LANG="dan"/>
						</TextLine>
						<TextLine ID="LINE15" HEIGHT="101" WIDTH="1878" HPOS="150" VPOS="1884">
							<String ID="STRING117" STYLEREFS="STYLE2" HEIGHT="99" WIDTH="426" HPOS="150" VPOS="1884" CONTENT="Læremester," WC="0.74" LANG="dan"/>
							<SP ID="SP103" WIDTH="56" HPOS="576" VPOS="1884"/>
							<String ID="STRING118" STYLEREFS="STYLE2" HEIGHT="74" WIDTH="114" HPOS="632" VPOS="1889" CONTENT="der" WC="0.63" LANG="dan"/>
							<SP ID="SP104" WIDTH="30" HPOS="746" VPOS="1889"/>
							<String ID="STRING119" STYLEREFS="STYLE2" HEIGHT="97" WIDTH="184" HPOS="776" VPOS="1885" CONTENT="veed," WC="0.78" LANG="dan"/>
							<SP ID="SP105" WIDTH="36" HPOS="960" VPOS="1885"/>
							<String ID="STRING120" STYLEREFS="STYLE2" HEIGHT="64" WIDTH="72" HPOS="996" VPOS="1900" CONTENT="at" WC="0.75" LANG="dan"/>
							<SP ID="SP106" WIDTH="34" HPOS="1068" VPOS="1900"/>
							<String ID="STRING121" STYLEREFS="STYLE2" HEIGHT="100" WIDTH="578" HPOS="1102" VPOS="1884" CONTENT="hansUuderviste" WC="0.63" LANG="dan"/>
							<SP ID="SP107" WIDTH="46" HPOS="1680" VPOS="1884"/>
							<String ID="STRING122" STYLEREFS="STYLE2" HEIGHT="100" WIDTH="124" HPOS="1726" VPOS="1885" CONTENT="har" WC="0.84" LANG="dan"/>
							<SP ID="SP108" WIDTH="44" HPOS="1850" VPOS="1885"/>
							<String ID="STRING123" STYLEREFS="STYLE2" HEIGHT="78" WIDTH="134" HPOS="1894" VPOS="1895" CONTENT="ud-^" WC="0.55" LANG="dan"/>
						</TextLine>
						<TextLine ID="LINE16" HEIGHT="74" WIDTH="151" HPOS="146" VPOS="1992">
							<String ID="STRING124" STYLEREFS="STYLE2" HEIGHT="74" WIDTH="151" HPOS="146" VPOS="1992" CONTENT="lært." WC="0.77" LANG="dan"/>
						</TextLine>
					</TextBlock>
					<TextBlock xs:type="TextBlockType" ID="ZONE1279512" HEIGHT="513" WIDTH="1886" HPOS="127" VPOS="2076" xlink:type="simple">
						<TextLine ID="LINE17" HEIGHT="107" WIDTH="1696" HPOS="313" VPOS="2077">
							<String ID="STRING125" STYLEREFS="STYLE2" HEIGHT="93" WIDTH="262" HPOS="313" VPOS="2078" CONTENT="Denne" WC="0.86" LANG="dan"/>
							<SP ID="SP109" WIDTH="48" HPOS="575" VPOS="2078"/>
							<String ID="STRING126" STYLEREFS="STYLE2" HEIGHT="102" WIDTH="272" HPOS="623" VPOS="2081" CONTENT="stakkels" WC="0.88" LANG="dan"/>
							<SP ID="SP110" WIDTH="36" HPOS="895" VPOS="2081"/>
							<String ID="STRING127" STYLEREFS="STYLE2" HEIGHT="107" WIDTH="220" HPOS="931" VPOS="2077" CONTENT="Pige," WC="0.72" LANG="dan"/>
							<SP ID="SP111" WIDTH="54" HPOS="1151" VPOS="2077"/>
							<String ID="STRING128" STYLEREFS="STYLE2" HEIGHT="98" WIDTH="138" HPOS="1205" VPOS="2080" CONTENT="som" WC="0.47" LANG="dan"/>
							<SP ID="SP112" WIDTH="48" HPOS="1343" VPOS="2080"/>
							<String ID="STRING129" STYLEREFS="STYLE2" HEIGHT="82" WIDTH="106" HPOS="1391" VPOS="2084" CONTENT="vel" WC="0.9" LANG="dan"/>
							<SP ID="SP113" WIDTH="28" HPOS="1497" VPOS="2084"/>
							<String ID="STRING130" STYLEREFS="STYLE2" HEIGHT="90" WIDTH="348" HPOS="1525" VPOS="2083" CONTENT="mærkede," WC="0.74" LANG="dan"/>
							<SP ID="SP114" WIDTH="58" HPOS="1873" VPOS="2083"/>
							<String ID="STRING131" STYLEREFS="STYLE2" HEIGHT="68" WIDTH="78" HPOS="1931" VPOS="2099" CONTENT="at" WC="0.65" LANG="dan"/>
						</TextLine>
						<TextLine ID="LINE18" HEIGHT="99" WIDTH="1856" HPOS="127" VPOS="2186">
							<String ID="STRING132" STYLEREFS="STYLE2" HEIGHT="78" WIDTH="190" HPOS="127" VPOS="2186" CONTENT="denne" WC="0.87" LANG="dan"/>
							<SP ID="SP115" WIDTH="30" HPOS="317" VPOS="2186"/>
							<String ID="STRING133" STYLEREFS="STYLE2" HEIGHT="99" WIDTH="248" HPOS="347" VPOS="2186" CONTENT="Punkt" WC="0.6" LANG="dan"/>
							<SP ID="SP116" WIDTH="52" HPOS="595" VPOS="2186"/>
							<String ID="STRING134" STYLEREFS="STYLE2" HEIGHT="60" WIDTH="128" HPOS="647" VPOS="2205" CONTENT="var" WC="0.79" LANG="dan"/>
							<SP ID="SP117" WIDTH="36" HPOS="775" VPOS="2205"/>
							<String ID="STRING135" STYLEREFS="STYLE2" HEIGHT="65" WIDTH="192" HPOS="811" VPOS="2203" CONTENT="enten" WC="0.86" LANG="dan"/>
							<SP ID="SP118" WIDTH="20" HPOS="1003" VPOS="2203"/>
							<String ID="STRING136" STYLEREFS="STYLE2" HEIGHT="82" WIDTH="130" HPOS="1023" VPOS="2186" CONTENT="ikke" WC="0.92" LANG="dan"/>
							<SP ID="SP119" WIDTH="36" HPOS="1153" VPOS="2186"/>
							<String ID="STRING137" STYLEREFS="STYLE2" HEIGHT="62" WIDTH="72" HPOS="1189" VPOS="2204" CONTENT="ar" WC="0.65" LANG="dan"/>
							<SP ID="SP120" WIDTH="46" HPOS="1261" VPOS="2204"/>
							<String ID="STRING138" STYLEREFS="STYLE2" HEIGHT="94" WIDTH="180" HPOS="1307" VPOS="2188" CONTENT="finde" WC="0.85" LANG="dan"/>
							<SP ID="SP121" WIDTH="32" HPOS="1487" VPOS="2188"/>
							<String ID="STRING139" STYLEREFS="STYLE2" HEIGHT="78" WIDTH="20" HPOS="1519" VPOS="2188" CONTENT="i" WC="1" LANG="dan"/>
							<SP ID="SP122" WIDTH="34" HPOS="1539" VPOS="2188"/>
							<String ID="STRING140" STYLEREFS="STYLE2" HEIGHT="74" WIDTH="108" HPOS="1573" VPOS="2193" CONTENT="der" WC="0.56" LANG="dan"/>
							<SP ID="SP123" WIDTH="44" HPOS="1681" VPOS="2193"/>
							<String ID="STRING141" STYLEREFS="STYLE2" HEIGHT="88" WIDTH="258" HPOS="1725" VPOS="2193" CONTENT="platoni" SUBS_TYPE="HypPart1" SUBS_CONTENT="platoniske" WC="0.61" LANG="dan"/>
							<HYP CONTENT="-"/>
						</TextLine>
						<TextLine ID="LINE19" HEIGHT="102" WIDTH="1884" HPOS="127" VPOS="2284">
							<String ID="STRING142" STYLEREFS="STYLE2" HEIGHT="94" WIDTH="82" HPOS="127" VPOS="2288" CONTENT="ske" SUBS_TYPE="HypPart2" SUBS_CONTENT="platoniske" WC="0.74" LANG="dan"/>
							<SP ID="SP124" WIDTH="38" HPOS="209" VPOS="2288"/>
							<String ID="STRING143" STYLEREFS="STYLE2" HEIGHT="99" WIDTH="366" HPOS="247" VPOS="2284" CONTENT="Venffab," WC="0.66" LANG="dan"/>
							<SP ID="SP125" WIDTH="66" HPOS="613" VPOS="2284"/>
							<String ID="STRING144" STYLEREFS="STYLE2" HEIGHT="72" WIDTH="142" HPOS="679" VPOS="2293" CONTENT="eller" WC="0.85" LANG="dan"/>
							<SP ID="SP126" WIDTH="30" HPOS="821" VPOS="2293"/>
							<String ID="STRING145" STYLEREFS="STYLE2" HEIGHT="76" WIDTH="18" HPOS="851" VPOS="2289" CONTENT="i" WC="1" LANG="dan"/>
							<SP ID="SP127" WIDTH="32" HPOS="869" VPOS="2289"/>
							<String ID="STRING146" STYLEREFS="STYLE2" HEIGHT="75" WIDTH="106" HPOS="901" VPOS="2291" CONTENT="der" WC="0.55" LANG="dan"/>
							<SP ID="SP128" WIDTH="58" HPOS="1007" VPOS="2291"/>
							<String ID="STRING147" STYLEREFS="STYLE2" HEIGHT="100" WIDTH="276" HPOS="1065" VPOS="2286" CONTENT="mindste" WC="0.68" LANG="dan"/>
							<SP ID="SP129" WIDTH="58" HPOS="1341" VPOS="2286"/>
							<String ID="STRING148" STYLEREFS="STYLE2" HEIGHT="78" WIDTH="130" HPOS="1399" VPOS="2288" CONTENT="ikke" WC="0.83" LANG="dan"/>
							<SP ID="SP130" WIDTH="62" HPOS="1529" VPOS="2288"/>
							<String ID="STRING149" STYLEREFS="STYLE2" HEIGHT="80" WIDTH="208" HPOS="1591" VPOS="2289" CONTENT="burde" WC="0.59" LANG="dan"/>
							<SP ID="SP131" WIDTH="44" HPOS="1799" VPOS="2289"/>
							<String ID="STRING150" STYLEREFS="STYLE2" HEIGHT="96" WIDTH="168" HPOS="1843" VPOS="2289" CONTENT="have" WC="0.88" LANG="dan"/>
						</TextLine>
						<TextLine ID="LINE20" HEIGHT="101" WIDTH="1848" HPOS="131" VPOS="2383">
							<String ID="STRING151" STYLEREFS="STYLE2" HEIGHT="82" WIDTH="188" HPOS="131" VPOS="2386" CONTENT="Sted" WC="0.52" LANG="dan"/>
							<SP ID="SP132" WIDTH="52" HPOS="319" VPOS="2386"/>
							<String ID="STRING152" STYLEREFS="STYLE2" HEIGHT="88" WIDTH="156" HPOS="371" VPOS="2395" CONTENT="der," WC="0.58" LANG="dan"/>
							<SP ID="SP133" WIDTH="52" HPOS="527" VPOS="2395"/>
							<String ID="STRING153" STYLEREFS="STYLE2" HEIGHT="96" WIDTH="290" HPOS="579" VPOS="2383" CONTENT="erfarede" WC="0.74" LANG="dan"/>
							<SP ID="SP134" WIDTH="62" HPOS="869" VPOS="2383"/>
							<String ID="STRING154" STYLEREFS="STYLE2" HEIGHT="94" WIDTH="320" HPOS="931" VPOS="2386" CONTENT="omsider," WC="0.67" LANG="dan"/>
							<SP ID="SP135" WIDTH="56" HPOS="1251" VPOS="2386"/>
							<String ID="STRING155" STYLEREFS="STYLE2" HEIGHT="62" WIDTH="72" HPOS="1307" VPOS="2404" CONTENT="ar" WC="0.62" LANG="dan"/>
							<SP ID="SP136" WIDTH="34" HPOS="1379" VPOS="2404"/>
							<String ID="STRING156" STYLEREFS="STYLE2" HEIGHT="96" WIDTH="244" HPOS="1413" VPOS="2388" CONTENT="hendes" WC="0.82" LANG="dan"/>
							<SP ID="SP137" WIDTH="50" HPOS="1657" VPOS="2388"/>
							<String ID="STRING157" STYLEREFS="STYLE2" HEIGHT="84" WIDTH="272" HPOS="1707" VPOS="2389" CONTENT="Læreme" SUBS_TYPE="HypPart1" SUBS_CONTENT="Læremester" WC="0.81" LANG="dan"/>
							<HYP CONTENT="-"/>
						</TextLine>
						<TextLine ID="LINE21" HEIGHT="105" WIDTH="1376" HPOS="129" VPOS="2481">
							<String ID="STRING158" STYLEREFS="STYLE2" HEIGHT="96" WIDTH="112" HPOS="129" VPOS="2490" CONTENT="ster" SUBS_TYPE="HypPart2" SUBS_CONTENT="Læremester" WC="0.85" LANG="dan"/>
							<SP ID="SP138" WIDTH="56" HPOS="241" VPOS="2490"/>
							<String ID="STRING159" STYLEREFS="STYLE2" HEIGHT="98" WIDTH="212" HPOS="297" VPOS="2486" CONTENT="havde" WC="0.74" LANG="dan"/>
							<SP ID="SP139" WIDTH="34" HPOS="509" VPOS="2486"/>
							<String ID="STRING160" STYLEREFS="STYLE2" HEIGHT="62" WIDTH="196" HPOS="543" VPOS="2503" CONTENT="værer" WC="0.72" LANG="nob"/>
							<SP ID="SP140" WIDTH="48" HPOS="739" VPOS="2503"/>
							<String ID="STRING161" STYLEREFS="STYLE2" HEIGHT="60" WIDTH="76" HPOS="787" VPOS="2503" CONTENT="en" WC="1" LANG="dan"/>
							<SP ID="SP141" WIDTH="36" HPOS="863" VPOS="2503"/>
							<String ID="STRING162" STYLEREFS="STYLE2" HEIGHT="101" WIDTH="154" HPOS="899" VPOS="2481" CONTENT="falsk" WC="0.7" LANG="dan"/>
							<SP ID="SP142" WIDTH="42" HPOS="1053" VPOS="2481"/>
							<String ID="STRING163" STYLEREFS="STYLE2" HEIGHT="104" WIDTH="410" HPOS="1095" VPOS="2482" CONTENT="Philosoph." WC="0.6" LANG="deu"/>
						</TextLine>
					</TextBlock>
					<TextBlock xs:type="TextBlockType" ID="ZONE1279513" HEIGHT="1321" WIDTH="1893" HPOS="118" VPOS="2580" xlink:type="simple">
						<TextLine ID="LINE22" HEIGHT="103" WIDTH="1639" HPOS="337" VPOS="2583">
							<String ID="STRING164" STYLEREFS="STYLE2" HEIGHT="83" WIDTH="177" HPOS="337" VPOS="2586" CONTENT="Men" WC="0.76" LANG="dan"/>
							<SP ID="SP143" WIDTH="33" HPOS="514" VPOS="2586"/>
							<String ID="STRING165" STYLEREFS="STYLE2" HEIGHT="74" WIDTH="207" HPOS="547" VPOS="2593" CONTENT="denne" WC="0.86" LANG="dan"/>
							<SP ID="SP144" WIDTH="41" HPOS="754" VPOS="2593"/>
							<String ID="STRING166" STYLEREFS="STYLE2" HEIGHT="99" WIDTH="223" HPOS="795" VPOS="2585" CONTENT="sildige" WC="0.77" LANG="dan"/>
							<SP ID="SP145" WIDTH="41" HPOS="1018" VPOS="2585"/>
							<String ID="STRING167" STYLEREFS="STYLE2" HEIGHT="100" WIDTH="419" HPOS="1059" VPOS="2586" CONTENT="Fortrydelse" WC="0.72" LANG="dan"/>
							<SP ID="SP146" WIDTH="35" HPOS="1478" VPOS="2586"/>
							<String ID="STRING168" STYLEREFS="STYLE2" HEIGHT="66" WIDTH="127" HPOS="1513" VPOS="2605" CONTENT="var" WC="0.65" LANG="dan"/>
							<SP ID="SP147" WIDTH="45" HPOS="1640" VPOS="2605"/>
							<String ID="STRING169" STYLEREFS="STYLE2" HEIGHT="98" WIDTH="207" HPOS="1685" VPOS="2583" CONTENT="hende" WC="0.7" LANG="dan"/>
							<SP ID="SP148" WIDTH="19" HPOS="1892" VPOS="2583"/>
							<String ID="STRING170" STYLEREFS="STYLE2" HEIGHT="82" WIDTH="65" HPOS="1911" VPOS="2587" CONTENT="in" SUBS_TYPE="HypPart1" SUBS_CONTENT="intet" WC="0.69" LANG="dan"/>
							<HYP CONTENT="-"/>
						</TextLine>
						<TextLine ID="LINE23" HEIGHT="105" WIDTH="1882" HPOS="128" VPOS="2682">
							<String ID="STRING171" STYLEREFS="STYLE2" HEIGHT="64" WIDTH="80" HPOS="128" VPOS="2706" CONTENT="tet" SUBS_TYPE="HypPart2" SUBS_CONTENT="intet" WC="0.59" LANG="dan"/>
							<SP ID="SP149" WIDTH="34" HPOS="208" VPOS="2706"/>
							<String ID="STRING172" STYLEREFS="STYLE2" HEIGHT="81" WIDTH="172" HPOS="242" VPOS="2688" CONTENT="uden" WC="0.75" LANG="dan"/>
							<SP ID="SP150" WIDTH="52" HPOS="414" VPOS="2688"/>
							<String ID="STRING173" STYLEREFS="STYLE2" HEIGHT="60" WIDTH="74" HPOS="466" VPOS="2707" CONTENT="en" WC="1" LANG="dan"/>
							<SP ID="SP151" WIDTH="62" HPOS="540" VPOS="2707"/>
							<String ID="STRING174" STYLEREFS="STYLE2" HEIGHT="92" WIDTH="294" HPOS="602" VPOS="2691" CONTENT="nagende" WC="0.83" LANG="dan"/>
							<SP ID="SP152" WIDTH="84" HPOS="896" VPOS="2691"/>
							<String ID="STRING175" STYLEREFS="STYLE2" HEIGHT="98" WIDTH="478" HPOS="980" VPOS="2682" CONTENT="Bebreydelse." WC="0.73" LANG="dan"/>
							<SP ID="SP153" WIDTH="128" HPOS="1458" VPOS="2682"/>
							<String ID="STRING176" STYLEREFS="STYLE2" HEIGHT="84" WIDTH="180" HPOS="1586" VPOS="2689" CONTENT="Den" WC="0.77" LANG="dan"/>
							<SP ID="SP154" WIDTH="44" HPOS="1766" VPOS="2689"/>
							<String ID="STRING177" STYLEREFS="STYLE2" HEIGHT="94" WIDTH="200" HPOS="1810" VPOS="2693" CONTENT="listige" WC="0.56" LANG="dan"/>
						</TextLine>
						<TextLine ID="LINE24" HEIGHT="104" WIDTH="1854" HPOS="124" VPOS="2787">
							<String ID="STRING178" STYLEREFS="STYLE2" HEIGHT="92" WIDTH="230" HPOS="124" VPOS="2790" CONTENT="Kone," WC="0.65" LANG="dan"/>
							<SP ID="SP155" WIDTH="54" HPOS="354" VPOS="2790"/>
							<String ID="STRING179" STYLEREFS="STYLE2" HEIGHT="90" WIDTH="134" HPOS="408" VPOS="2789" CONTENT="som" WC="0.54" LANG="dan"/>
							<SP ID="SP156" WIDTH="46" HPOS="542" VPOS="2789"/>
							<String ID="STRING180" STYLEREFS="STYLE2" HEIGHT="94" WIDTH="212" HPOS="588" VPOS="2787" CONTENT="havde" WC="0.74" LANG="dan"/>
							<SP ID="SP157" WIDTH="32" HPOS="800" VPOS="2787"/>
							<String ID="STRING181" STYLEREFS="STYLE2" HEIGHT="65" WIDTH="200" HPOS="832" VPOS="2805" CONTENT="været" WC="0.73" LANG="dan"/>
							<SP ID="SP158" WIDTH="34" HPOS="1032" VPOS="2805"/>
							<String ID="STRING182" STYLEREFS="STYLE2" HEIGHT="60" WIDTH="58" HPOS="1066" VPOS="2808" CONTENT="er" WC="0.64" LANG="dan"/>
							<SP ID="SP159" WIDTH="54" HPOS="1124" VPOS="2808"/>
							<String ID="STRING183" STYLEREFS="STYLE2" HEIGHT="80" WIDTH="274" HPOS="1178" VPOS="2790" CONTENT="Middel" WC="0.62" LANG="dan"/>
							<SP ID="SP160" WIDTH="44" HPOS="1452" VPOS="2790"/>
							<String ID="STRING184" STYLEREFS="STYLE2" HEIGHT="79" WIDTH="76" HPOS="1496" VPOS="2790" CONTENT="til" WC="0.95" LANG="dan"/>
							<SP ID="SP161" WIDTH="43" HPOS="1572" VPOS="2790"/>
							<String ID="STRING185" STYLEREFS="STYLE3" HEIGHT="88" WIDTH="172" HPOS="1615" VPOS="2796" CONTENT="dette" WC="0.82" LANG="dan"/>
							<SP ID="SP162" WIDTH="49" HPOS="1787" VPOS="2796"/>
							<String ID="STRING186" STYLEREFS="STYLE2" HEIGHT="102" WIDTH="142" HPOS="1836" VPOS="2789" CONTENT="For" SUBS_TYPE="HypPart1" SUBS_CONTENT="Forsiers" WC="0.63" LANG="dan"/>
							<HYP CONTENT="-"/>
						</TextLine>
						<TextLine ID="LINE25" HEIGHT="106" WIDTH="1882" HPOS="122" VPOS="2882">
							<String ID="STRING187" STYLEREFS="STYLE2" HEIGHT="92" WIDTH="140" HPOS="122" VPOS="2888" CONTENT="siers" SUBS_TYPE="HypPart2" SUBS_CONTENT="Forsiers" WC="0.39" LANG="dan"/>
							<SP ID="SP163" WIDTH="24" HPOS="262" VPOS="2888"/>
							<String ID="STRING188" STYLEREFS="STYLE2" HEIGHT="103" WIDTH="446" HPOS="286" VPOS="2885" CONTENT="Fuldførelse," WC="0.66" LANG="dan"/>
							<SP ID="SP164" WIDTH="54" HPOS="732" VPOS="2885"/>
							<String ID="STRING189" STYLEREFS="STYLE2" HEIGHT="78" WIDTH="180" HPOS="786" VPOS="2891" CONTENT="vilde" WC="0.72" LANG="dan"/>
							<SP ID="SP165" WIDTH="26" HPOS="966" VPOS="2891"/>
							<String ID="STRING190" STYLEREFS="STYLE2" HEIGHT="106" WIDTH="170" HPOS="992" VPOS="2882" CONTENT="vise," WC="0.56" LANG="dan"/>
							<SP ID="SP166" WIDTH="30" HPOS="1162" VPOS="2882"/>
							<String ID="STRING191" STYLEREFS="STYLE2" HEIGHT="62" WIDTH="74" HPOS="1192" VPOS="2908" CONTENT="at" WC="0.65" LANG="dan"/>
							<SP ID="SP167" WIDTH="24" HPOS="1266" VPOS="2908"/>
							<String ID="STRING192" STYLEREFS="STYLE2" HEIGHT="96" WIDTH="136" HPOS="1290" VPOS="2890" CONTENT="hun" WC="0.56" LANG="dan"/>
							<SP ID="SP168" WIDTH="18" HPOS="1426" VPOS="2890"/>
							<String ID="STRING193" STYLEREFS="STYLE2" HEIGHT="84" WIDTH="130" HPOS="1444" VPOS="2886" CONTENT="ikke" WC="0.85" LANG="dan"/>
							<SP ID="SP169" WIDTH="32" HPOS="1574" VPOS="2886"/>
							<String ID="STRING194" STYLEREFS="STYLE2" HEIGHT="64" WIDTH="128" HPOS="1606" VPOS="2907" CONTENT="var" WC="0.87" LANG="dan"/>
							<SP ID="SP170" WIDTH="18" HPOS="1734" VPOS="2907"/>
							<String ID="STRING195" STYLEREFS="STYLE2" HEIGHT="102" WIDTH="252" HPOS="1752" VPOS="2885" CONTENT="Skyld" WC="0.69" LANG="dan"/>
						</TextLine>
						<TextLine ID="LINE26" HEIGHT="110" WIDTH="1864" HPOS="122" VPOS="2983">
							<String ID="STRING196" STYLEREFS="STYLE2" HEIGHT="78" WIDTH="150" HPOS="122" VPOS="2992" CONTENT="deri." WC="0.6" LANG="dan"/>
							<SP ID="SP171" WIDTH="56" HPOS="272" VPOS="2992"/>
							<String ID="STRING197" STYLEREFS="STYLE2" HEIGHT="103" WIDTH="176" HPOS="328" VPOS="2990" CONTENT="Hun" WC="0.76" LANG="dan"/>
							<SP ID="SP172" WIDTH="34" HPOS="504" VPOS="2990"/>
							<String ID="STRING198" STYLEREFS="STYLE2" HEIGHT="80" WIDTH="208" HPOS="538" VPOS="2991" CONTENT="tilbød" WC="0.61" LANG="dan"/>
							<SP ID="SP173" WIDTH="38" HPOS="746" VPOS="2991"/>
							<String ID="STRING199" STYLEREFS="STYLE2" HEIGHT="104" WIDTH="202" HPOS="784" VPOS="2983" CONTENT="hende" WC="0.82" LANG="dan"/>
							<SP ID="SP174" WIDTH="30" HPOS="986" VPOS="2983"/>
							<String ID="STRING200" STYLEREFS="STYLE2" HEIGHT="92" WIDTH="98" HPOS="1016" VPOS="2996" CONTENT="sin" WC="0.91" LANG="dan"/>
							<SP ID="SP175" WIDTH="40" HPOS="1114" VPOS="2996"/>
							<String ID="STRING201" STYLEREFS="STYLE2" HEIGHT="102" WIDTH="210" HPOS="1154" VPOS="2990" CONTENT="Hielp" WC="0.84" LANG="dan"/>
							<SP ID="SP176" WIDTH="32" HPOS="1364" VPOS="2990"/>
							<String ID="STRING202" STYLEREFS="STYLE2" HEIGHT="72" WIDTH="80" HPOS="1396" VPOS="3014" CONTENT="og" WC="0.67" LANG="dan"/>
							<SP ID="SP177" WIDTH="52" HPOS="1476" VPOS="3014"/>
							<String ID="STRING203" STYLEREFS="STYLE2" HEIGHT="72" WIDTH="150" HPOS="1528" VPOS="2999" CONTENT="med" WC="0.7" LANG="dan"/>
							<SP ID="SP178" WIDTH="30" HPOS="1678" VPOS="2999"/>
							<String ID="STRING204" STYLEREFS="STYLE2" HEIGHT="72" WIDTH="76" HPOS="1708" VPOS="2999" CONTENT="de" WC="0.65" LANG="dan"/>
							<SP ID="SP179" WIDTH="46" HPOS="1784" VPOS="2999"/>
							<String ID="STRING205" STYLEREFS="STYLE2" HEIGHT="102" WIDTH="156" HPOS="1830" VPOS="2985" CONTENT="kraf" SUBS_TYPE="HypPart1" SUBS_CONTENT="kraftigste" WC="1" LANG="dan"/>
							<HYP CONTENT="-"/>
						</TextLine>
						<TextLine ID="LINE27" HEIGHT="106" WIDTH="1888" HPOS="120" VPOS="3085">
							<String ID="STRING206" STYLEREFS="STYLE2" HEIGHT="94" WIDTH="172" HPOS="120" VPOS="3092" CONTENT="tigste" SUBS_TYPE="HypPart2" SUBS_CONTENT="kraftigste" WC="0.69" LANG="dan"/>
							<SP ID="SP180" WIDTH="32" HPOS="292" VPOS="3092"/>
							<String ID="STRING207" STYLEREFS="STYLE2" HEIGHT="98" WIDTH="212" HPOS="324" VPOS="3089" CONTENT="Løfter" WC="0.72" LANG="dan"/>
							<SP ID="SP181" WIDTH="40" HPOS="536" VPOS="3089"/>
							<String ID="STRING208" STYLEREFS="STYLE2" HEIGHT="102" WIDTH="336" HPOS="576" VPOS="3085" CONTENT="forsikrede" WC="0.73" LANG="dan"/>
							<SP ID="SP182" WIDTH="40" HPOS="912" VPOS="3085"/>
							<String ID="STRING209" STYLEREFS="STYLE2" HEIGHT="101" WIDTH="238" HPOS="952" VPOS="3089" CONTENT="hende," WC="0.86" LANG="dan"/>
							<SP ID="SP183" WIDTH="32" HPOS="1190" VPOS="3089"/>
							<String ID="STRING210" STYLEREFS="STYLE2" HEIGHT="62" WIDTH="72" HPOS="1222" VPOS="3110" CONTENT="at" WC="0.67" LANG="dan"/>
							<SP ID="SP184" WIDTH="36" HPOS="1294" VPOS="3110"/>
							<String ID="STRING211" STYLEREFS="STYLE2" HEIGHT="98" WIDTH="138" HPOS="1330" VPOS="3092" CONTENT="hun" WC="0.61" LANG="dan"/>
							<SP ID="SP185" WIDTH="26" HPOS="1468" VPOS="3092"/>
							<String ID="STRING212" STYLEREFS="STYLE2" HEIGHT="97" WIDTH="198" HPOS="1494" VPOS="3094" CONTENT="vidste" WC="0.54" LANG="dan"/>
							<SP ID="SP186" WIDTH="40" HPOS="1692" VPOS="3094"/>
							<String ID="STRING213" STYLEREFS="STYLE2" HEIGHT="86" WIDTH="276" HPOS="1732" VPOS="3091" CONTENT="Middel" WC="0.61" LANG="dan"/>
						</TextLine>
						<TextLine ID="LINE28" HEIGHT="106" WIDTH="1887" HPOS="120" VPOS="3188">
							<String ID="STRING214" STYLEREFS="STYLE2" HEIGHT="78" WIDTH="65" HPOS="120" VPOS="3192" CONTENT="til" WC="0.83" LANG="dan"/>
							<SP ID="SP187" WIDTH="37" HPOS="185" VPOS="3192"/>
							<String ID="STRING215" STYLEREFS="STYLE2" HEIGHT="62" WIDTH="67" HPOS="222" VPOS="3208" CONTENT="ar" WC="0.62" LANG="dan"/>
							<SP ID="SP188" WIDTH="41" HPOS="289" VPOS="3208"/>
							<String ID="STRING216" STYLEREFS="STYLE2" HEIGHT="86" WIDTH="291" HPOS="330" VPOS="3190" CONTENT="fordrive" WC="0.58" LANG="dan"/>
							<SP ID="SP189" WIDTH="39" HPOS="621" VPOS="3190"/>
							<String ID="STRING217" STYLEREFS="STYLE2" HEIGHT="98" WIDTH="151" HPOS="660" VPOS="3193" CONTENT="disse" WC="0.74" LANG="dan"/>
							<SP ID="SP190" WIDTH="67" HPOS="811" VPOS="3193"/>
							<String ID="STRING218" STYLEREFS="STYLE2" HEIGHT="94" WIDTH="251" HPOS="878" VPOS="3194" CONTENT="utidige" WC="0.6" LANG="dan"/>
							<SP ID="SP191" WIDTH="45" HPOS="1129" VPOS="3194"/>
							<String ID="STRING219" STYLEREFS="STYLE2" HEIGHT="104" WIDTH="247" HPOS="1174" VPOS="3190" CONTENT="Følger" WC="0.74" LANG="dan"/>
							<SP ID="SP192" WIDTH="55" HPOS="1421" VPOS="3190"/>
							<String ID="STRING220" STYLEREFS="STYLE2" HEIGHT="99" WIDTH="79" HPOS="1476" VPOS="3188" CONTENT="af" WC="0.66" LANG="dan"/>
							<SP ID="SP193" WIDTH="33" HPOS="1555" VPOS="3188"/>
							<String ID="STRING221" STYLEREFS="STYLE2" HEIGHT="96" WIDTH="419" HPOS="1588" VPOS="3193" CONTENT="Venskabet," WC="0.85" LANG="dan"/>
						</TextLine>
						<TextLine ID="LINE29" HEIGHT="104" WIDTH="1883" HPOS="122" VPOS="3288">
							<String ID="STRING222" STYLEREFS="STYLE4" HEIGHT="95" WIDTH="294" HPOS="122" VPOS="3294" CONTENT="naar-det" WC="0.84" LANG="dan"/>
							<SP ID="SP194" WIDTH="-99" HPOS="416" VPOS="3294"/>
							<String ID="STRING223" STYLEREFS="STYLE2" HEIGHT="73" WIDTH="100" HPOS="317" VPOS="3300" CONTENT="der" WC="0.53" LANG="dan"/>
							<SP ID="SP195" WIDTH="56" HPOS="417" VPOS="3300"/>
							<String ID="STRING224" STYLEREFS="STYLE2" HEIGHT="80" WIDTH="144" HPOS="473" VPOS="3295" CONTENT="blev" WC="0.78" LANG="dan"/>
							<SP ID="SP196" WIDTH="22" HPOS="617" VPOS="3295"/>
							<String ID="STRING225" STYLEREFS="STYLE2" HEIGHT="78" WIDTH="180" HPOS="639" VPOS="3311" CONTENT="tager" WC="0.59" LANG="dan"/>
							<SP ID="SP197" WIDTH="26" HPOS="819" VPOS="3311"/>
							<String ID="STRING226" STYLEREFS="STYLE2" HEIGHT="76" WIDTH="20" HPOS="845" VPOS="3295" CONTENT="i" WC="0.77" LANG="dan"/>
							<SP ID="SP198" WIDTH="30" HPOS="865" VPOS="3295"/>
							<String ID="STRING227" STYLEREFS="STYLE2" HEIGHT="91" WIDTH="196" HPOS="895" VPOS="3289" CONTENT="Tide." WC="0.63" LANG="dan"/>
							<SP ID="SP199" WIDTH="142" HPOS="1091" VPOS="3289"/>
							<String ID="STRING228" STYLEREFS="STYLE2" HEIGHT="104" WIDTH="182" HPOS="1233" VPOS="3288" CONTENT="Hun" WC="0.64" LANG="dan"/>
							<SP ID="SP200" WIDTH="28" HPOS="1415" VPOS="3288"/>
							<String ID="STRING229" STYLEREFS="STYLE2" HEIGHT="99" WIDTH="328" HPOS="1443" VPOS="3292" CONTENT="anbragte" WC="0.71" LANG="dan"/>
							<SP ID="SP201" WIDTH="22" HPOS="1771" VPOS="3292"/>
							<String ID="STRING230" STYLEREFS="STYLE2" HEIGHT="88" WIDTH="212" HPOS="1793" VPOS="3297" CONTENT=".hende" WC="0.54" LANG="dan"/>
						</TextLine>
						<TextLine ID="LINE30" HEIGHT="108" WIDTH="1851" HPOS="122" VPOS="3386">
							<String ID="STRING231" STYLEREFS="STYLE5" HEIGHT="98" WIDTH="339" HPOS="122" VPOS="3388" CONTENT="Exempler" WC="0.85" LANG="dan"/>
							<SP ID="SP202" WIDTH="44" HPOS="461" VPOS="3388"/>
							<String ID="STRING232" STYLEREFS="STYLE2" HEIGHT="82" WIDTH="82" HPOS="505" VPOS="3409" CONTENT="og" WC="0.36" LANG="dan"/>
							<SP ID="SP203" WIDTH="32" HPOS="587" VPOS="3409"/>
							<String ID="STRING233" STYLEREFS="STYLE2" HEIGHT="74" WIDTH="264" HPOS="619" VPOS="3399" CONTENT="levende" WC="0.84" LANG="dan"/>
							<SP ID="SP204" WIDTH="42" HPOS="883" VPOS="3399"/>
							<String ID="STRING234" STYLEREFS="STYLE2" HEIGHT="98" WIDTH="290" HPOS="925" VPOS="3386" CONTENT="Beviser" WC="0.6" LANG="dan"/>
							<SP ID="SP205" WIDTH="46" HPOS="1215" VPOS="3386"/>
							<String ID="STRING235" STYLEREFS="STYLE2" HEIGHT="76" WIDTH="136" HPOS="1261" VPOS="3416" CONTENT="paa" WC="0.91" LANG="dan"/>
							<SP ID="SP206" WIDTH="46" HPOS="1397" VPOS="3416"/>
							<String ID="STRING236" STYLEREFS="STYLE2" HEIGHT="98" WIDTH="246" HPOS="1443" VPOS="3396" CONTENT="hendes" WC="0.89" LANG="dan"/>
							<SP ID="SP207" WIDTH="60" HPOS="1689" VPOS="3396"/>
							<String ID="STRING237" STYLEREFS="STYLE2" HEIGHT="100" WIDTH="224" HPOS="1749" VPOS="3387" CONTENT="Tjenst" SUBS_TYPE="HypPart1" SUBS_CONTENT="Tjenstfærdighed." WC="0.7" LANG="dan"/>
							<HYP CONTENT="-"/>
						</TextLine>
						<TextLine ID="LINE31" HEIGHT="107" WIDTH="1880" HPOS="125" VPOS="3487">
							<String ID="STRING238" STYLEREFS="STYLE2" HEIGHT="101" WIDTH="362" HPOS="125" VPOS="3488" CONTENT="færdighed." SUBS_TYPE="HypPart2" SUBS_CONTENT="Tjenstfærdighed." WC="0.61" LANG="dan"/>
							<SP ID="SP208" WIDTH="108" HPOS="487" VPOS="3488"/>
							<String ID="STRING239" STYLEREFS="STYLE2" HEIGHT="100" WIDTH="180" HPOS="595" VPOS="3493" CONTENT="Hun" WC="0.78" LANG="dan"/>
							<SP ID="SP209" WIDTH="30" HPOS="775" VPOS="3493"/>
							<String ID="STRING240" STYLEREFS="STYLE2" HEIGHT="99" WIDTH="376" HPOS="805" VPOS="3491" CONTENT="forestillede" WC="0.77" LANG="dan"/>
							<SP ID="SP210" WIDTH="26" HPOS="1181" VPOS="3491"/>
							<String ID="STRING241" STYLEREFS="STYLE2" HEIGHT="98" WIDTH="202" HPOS="1207" VPOS="3496" CONTENT="hende" WC="0.82" LANG="dan"/>
							<SP ID="SP211" WIDTH="36" HPOS="1409" VPOS="3496"/>
							<String ID="STRING242" STYLEREFS="STYLE2" HEIGHT="72" WIDTH="126" HPOS="1445" VPOS="3504" CONTENT="den" WC="0.86" LANG="dan"/>
							<SP ID="SP212" WIDTH="30" HPOS="1571" VPOS="3504"/>
							<String ID="STRING243" STYLEREFS="STYLE2" HEIGHT="88" WIDTH="246" HPOS="1601" VPOS="3489" CONTENT="Skam" WC="0.74" LANG="dan"/>
							<SP ID="SP213" WIDTH="50" HPOS="1847" VPOS="3489"/>
							<String ID="STRING244" STYLEREFS="STYLE2" HEIGHT="100" WIDTH="108" HPOS="1897" VPOS="3487" CONTENT="for" WC="0.39" LANG="dan"/>
						</TextLine>
						<TextLine ID="LINE32" HEIGHT="107" WIDTH="1878" HPOS="123" VPOS="3586">
							<String ID="STRING245" STYLEREFS="STYLE2" HEIGHT="101" WIDTH="320" HPOS="123" VPOS="3590" CONTENT="Verden;" WC="0.68" LANG="dan"/>
							<SP ID="SP214" WIDTH="60" HPOS="443" VPOS="3590"/>
							<String ID="STRING246" STYLEREFS="STYLE2" HEIGHT="76" WIDTH="122" HPOS="503" VPOS="3601" CONTENT="den" WC="0.75" LANG="dan"/>
							<SP ID="SP215" WIDTH="34" HPOS="625" VPOS="3601"/>
							<String ID="STRING247" STYLEREFS="STYLE2" HEIGHT="86" WIDTH="248" HPOS="659" VPOS="3591" CONTENT="Vrede" WC="0.59" LANG="dan"/>
							<SP ID="SP216" WIDTH="40" HPOS="907" VPOS="3591"/>
							<String ID="STRING248" STYLEREFS="STYLE2" HEIGHT="92" WIDTH="80" HPOS="947" VPOS="3592" CONTENT="af" WC="0.77" LANG="dan"/>
							<SP ID="SP217" WIDTH="34" HPOS="1027" VPOS="3592"/>
							<String ID="STRING249" STYLEREFS="STYLE2" HEIGHT="102" WIDTH="242" HPOS="1061" VPOS="3586" CONTENT="hendes" WC="0.87" LANG="dan"/>
							<SP ID="SP218" WIDTH="44" HPOS="1303" VPOS="3586"/>
							<String ID="STRING250" STYLEREFS="STYLE2" HEIGHT="90" WIDTH="216" HPOS="1347" VPOS="3602" CONTENT="gamle" WC="0.78" LANG="dan"/>
							<SP ID="SP219" WIDTH="48" HPOS="1563" VPOS="3602"/>
							<String ID="STRING251" STYLEREFS="STYLE2" HEIGHT="96" WIDTH="346" HPOS="1611" VPOS="3597" CONTENT="Forældre" WC="0.59" LANG="dan"/>
							<SP ID="SP220" WIDTH="20" HPOS="1957" VPOS="3597"/>
							<String ID="STRING252" STYLEREFS="STYLE2" HEIGHT="76" WIDTH="24" HPOS="1977" VPOS="3607" CONTENT=";" WC="0.3" LANG="dan"/>
						</TextLine>
						<TextLine ID="LINE33" HEIGHT="107" WIDTH="1848" HPOS="125" VPOS="3691">
							<String ID="STRING253" STYLEREFS="STYLE2" HEIGHT="80" WIDTH="78" HPOS="125" VPOS="3708" CONTENT="og" WC="0.61" LANG="dan"/>
							<SP ID="SP221" WIDTH="38" HPOS="203" VPOS="3708"/>
							<String ID="STRING254" STYLEREFS="STYLE2" HEIGHT="92" WIDTH="238" HPOS="241" VPOS="3699" CONTENT="endelig" WC="0.76" LANG="dan"/>
							<SP ID="SP222" WIDTH="26" HPOS="479" VPOS="3699"/>
							<String ID="STRING255" STYLEREFS="STYLE2" HEIGHT="72" WIDTH="74" HPOS="505" VPOS="3703" CONTENT="de" WC="0.66" LANG="dan"/>
							<SP ID="SP223" WIDTH="34" HPOS="579" VPOS="3703"/>
							<String ID="STRING256" STYLEREFS="STYLE2" HEIGHT="103" WIDTH="488" HPOS="613" VPOS="3691" CONTENT="forskrækkelige" WC="0.79" LANG="dan"/>
							<SP ID="SP224" WIDTH="32" HPOS="1101" VPOS="3691"/>
							<String ID="STRING257" STYLEREFS="STYLE2" HEIGHT="102" WIDTH="340" HPOS="1133" VPOS="3696" CONTENT="Piinfler," WC="0.58" LANG="dan"/>
							<SP ID="SP225" WIDTH="36" HPOS="1473" VPOS="3696"/>
							<String ID="STRING258" STYLEREFS="STYLE2" HEIGHT="98" WIDTH="134" HPOS="1509" VPOS="3696" CONTENT="som" WC="0.32" LANG="dan"/>
							<SP ID="SP226" WIDTH="42" HPOS="1643" VPOS="3696"/>
							<String ID="STRING259" STYLEREFS="STYLE2" HEIGHT="102" WIDTH="138" HPOS="1685" VPOS="3693" CONTENT="hun" WC="0.69" LANG="dan"/>
							<SP ID="SP227" WIDTH="20" HPOS="1823" VPOS="3693"/>
							<String ID="STRING260" STYLEREFS="STYLE2" HEIGHT="78" WIDTH="130" HPOS="1843" VPOS="3695" CONTENT="kun" SUBS_TYPE="HypPart1" SUBS_CONTENT="kunde" WC="0.51" LANG="dan"/>
							<HYP CONTENT="-"/>
						</TextLine>
						<TextLine ID="LINE34" HEIGHT="109" WIDTH="737" HPOS="125" VPOS="3790">
							<String ID="STRING261" STYLEREFS="STYLE6" HEIGHT="84" WIDTH="73" HPOS="125" VPOS="3790" CONTENT="de" SUBS_TYPE="HypPart2" SUBS_CONTENT="kunde" WC="0.64" LANG="dan"/>
							<SP ID="SP228" WIDTH="25" HPOS="198" VPOS="3790"/>
							<String ID="STRING262" STYLEREFS="STYLE6" HEIGHT="83" WIDTH="235" HPOS="223" VPOS="3798" CONTENT="derved" WC="0.57" LANG="dan"/>
							<SP ID="SP229" WIDTH="72" HPOS="458" VPOS="3798"/>
							<String ID="STRING263" STYLEREFS="STYLE2" HEIGHT="96" WIDTH="332" HPOS="530" VPOS="3803" CONTENT="undgaae." WC="0.69" LANG="dan"/>
						</TextLine>
					</TextBlock>
					<TextBlock xs:type="TextBlockType" ID="ZONE1279514" HEIGHT="106" WIDTH="184" HPOS="1792" VPOS="3885" xlink:type="simple">
						<TextLine ID="LINE35" HEIGHT="106" WIDTH="184" HPOS="1792" VPOS="3885">
							<String ID="STRING264" STYLEREFS="STYLE2" HEIGHT="106" WIDTH="184" HPOS="1792" VPOS="3885" CONTENT="Hun" WC="0.51" LANG="dan"/>
						</TextLine>
					</TextBlock>
				</ComposedBlock>
			</PrintSpace>
		</Page>
	</Layout>
</alto>
