3018 4662
1261 473 84 48 22

59 1307 22 74 1

1259 635 134 64 troe
1413 667 24 46 ,
1489 623 142 74 eller
1669 635 80 76 og
1799 631 72 64 at
1905 621 120 76 den
2067 635 64 58 er
2163 619 174 76 uden
2367 607 102 100 for
2499 617 76 78 de
2623 613 134 96 Hr.
2805 613 156 100 For«

1255 695 322 116 fatternes
1623 713 190 100 Fag,
1863 711 136 94 som
2037 719 126 74 den
2201 719 126 88 dog
2381 733 74 72 ey
2499 713 208 80 burde
2737 731 180 66 være.

1353 835 260 84 Denne
1657 833 224 82 Kritik
1925 853 152 58 over
2123 853 120 74 nye
2295 831 326 80 udkomne
2661 831 298 94 Skrifter

1255 933 210 80 kunde
1507 937 76 76 de
1603 931 134 98 Hr.
1775 927 368 102 Forfattere
2175 925 80 98 af
2277 927 512 96 Blandingerne
2809 935 122 92 gier-

1261 1053 76 58 ne
1367 1031 218 92 spare,
1633 1035 84 76 da
1741 1031 66 78 vi
1833 1035 266 76 allerede
2139 1029 166 90 have
2339 1033 130 74 2de
2519 1033 440 72 Recenfioner

1251 1135 308 86 derover,
1615 1127 268 96 nemlig,
1957 1131 124 76 den
2133 1123 324 98 Rritiffe
2503 1123 342 100 Journal
2885 1149 70 74 og

1247 1225 458 100 Fortegnelse
1733 1247 180 56 over
1947 1225 138 78 alle
2133 1225 368 78 udkomne
2539 1221 312 96 Gkrifer
2877 1223 74 96 si»

1253 1329 142 70 den
1421 1321 206 100 Tryk
1643 1321 426 96 »Friheder:,
2127 1345 80 74 og
2245 1323 20 76 i
2309 1331 106 76 det
2467 1321 200 86 Sted
2715 1319 240 100 opfylde

1247 1431 186 74 deres
1469 1413 232 90 Blade
1717 1427 144 76 med
1883 1425 204 76 andre
2117 1421 246 96 nyttige
2405 1419 384 100 Materier,
2831 1419 122 96 som

1247 1519 166 82 vilde
1455 1519 242 96 behage
1737 1517 272 94 Læseren
2047 1537 222 66 meere.

1705 1681 138 88 IV.
1913 1683 602 110 Dramaturgie.

1349 1831 118 86 Vi
1511 1833 226 80 tænkte
1779 1849 70 64 at
1895 1839 76 74 de
2017 1831 138 100 Hr.
2209 1829 372 102 Forfattere
2613 1831 76 98 af
2731 1831 198 88 Blan-

1247 1931 302 96 dingerne
1579 1937 294 74 allereede
1899 1933 210 86 havde
2159 1931 766 100 kriteseretKtærlghedu-

1249 2035 124 76 den
1431 2029 420 94 Strømper,
1909 2047 152 62 men
2103 2029 66 80 vi
2217 2029 280 100 feylede,
2567 2037 92 78 da
2757 2031 66 80 vi
2856 2028 97 100 skee

1245 2143 72 64 at
1359 2131 76 72 de
1465 2129 320 94 begynder
1817 2147 140 76 paa
1981 2147 122 74 nye
2147 2127 186 98 igien.

1345 2243 132 94 De
1507 2245 176 84 kalde
1705 2249 88 94 sig
1813 2247 382 96 „uværdige
2217 2247 732 100 Dramaturgistersom

1245 2345 74 82 de
1343 2363 146 74 ere„
1525 2345 162 92 hvor
1705 2345 274 94 værdige
1997 2349 74 76 de
2101 2363 122 76 ere,
2255 2351 300 76 overlade
2573 2331 78 96 vs
2671 2349 70 78 til
2759 2353 190 76 andre

1241 2457 74 70 at
1353 2449 262 74 domme
1647 2465 152 72 om,
1853 2447 106 76 det
2015 2447 200 80 allene
2249 2443 142 82 ville
2435 2445 68 78 vi
2533 2449 290 92 erindre,
2887 2461 62 64 at

1241 2545 78 76 de
1365 2539 200 94 Ord,
1619 2541 192 92 „som
1867 2545 72 78 de
1991 2557 148 78 ere„
2183 2539 210 96 gierne
2413 2559 78 64 at
2543 2545 210 78 kunde
2797 2547 152 84 have

1241 2653 196 68 været
1469 2639 338 94 udeladte,
1841 2643 86 74 da
1949 2641 106 74 det
2081 2645 204 72 allene
2305 2661 66 56 er
2399 2637 334 96 fyldekalk.
2791 2641 132 96 Lige-

1239 2739 172 84 ledes
1479 2739 156 92 siger
1729 2743 74 74 de
1863 2751 74 62 at
1995 2741 166 88 den,
2217 2737 272 96 (nemlig
2557 2737 388 98 Kiærlighed

1239 2837 172 76 uden
1455 2831 418 98 Strømper)
1913 2833 202 90 haver
2159 2831 210 84 baade
2401 2831 278 100 gefaldet
2727 2859 84 74 og
2857 2837 88 78 be»

1233 2927 204 96 faldet
1479 2937 182 88 dem,
1687 2939 82 74 da
1801 2937 104 80 det
1949 2949 140 60 eene
2105 2929 164 84 Ord
2296 2929 250 97 maaske
2613 2935 208 82 kunde
2841 2933 100 94 ha»

1233 3047 76 58 ve
1337 3045 194 62 været
1563 3029 166 96 nok,
1787 3049 146 58 men
1967 3029 66 76 vi
2063 3029 142 78 ville
2265 3029 128 80 ikke
2427 3033 274 94 opholde
2759 3043 180 70 vores

1235 3125 220 90 Læsere
1503 3129 262 94 længere
1813 3127 270 96 herved,
2141 3145 148 62 men
2347 3151 170 74 gaae
2571 3131 68 82 til
2675 3131 264 98 Sagen.

1327 3245 132 94 De
1487 3247 132 96 Hr.
1663 3245 608 100 Dramaturgister
2325 3249 174 94 roser
2553 3249 162 100 først
2735 3250 179 83 Knas-

1227 3345 200 96 ltghed
1483 3351 170 80 uden
1699 3343 426 100 Strømper,
2201 3349 214 92 (2Ere
2467 3351 126 80 nok
2629 3349 102 92 for
2785 3349 128 98 For-

1223 3441 282 98 fatteren
1557 3441 82 96 af
1667 3443 396 98 Kiærlighed
2115 3451 174 78 uden
2341 3447 462 102 Strømper,)
2871 3449 68 90 si»
