3062 4565
1195 517 136 86 Nu
1363 521 202 96 vidste
1589 517 286 104 Tiber,
1909 543 74 76 ey
2011 523 184 96 hvad
2225 523 134 92 han
2381 521 214 98 ffulde
2611 517 180 102 gribe
2813 523 94 82 til.

1043 617 114 98 Af
1175 641 76 60 en
1279 619 340 100 Hændelse
1647 627 146 76 kom
1823 619 134 102 han
2009 623 178 92 forbi
2227 619 650 104 enFleffePotenrat-

1041 723 174 78 inde.
1241 761 104 18 —
1367 719 176 98 Han
1571 739 126 64 var
1723 741 140 80 ung
1891 745 84 76 og
2005 723 130 82 ikke
2153 721 232 102 heflig,
2415 723 136 100 hun
2575 739 126 66 var
2723 732 210 86 gaa
2927 785 6 10 ^

1043 829 130 74 mel
1201 841 80 78 og
1309 821 132 82 ikke
1467 821 202 88 smuk.
1721 865 102 18 —
1859 823 406 86 Undertiden
2309 823 128 82 kan
2481 829 216 88 gamle
2739 821 166 100 Folk

1045 921 176 82 blive
1247 925 18 78 i
1295 921 220 102 Lysten
1535 967 106 12 —
1665 919 180 104 Hun
1875 929 226 92 giorde
2129 927 94 96 sig
2253 925 298 80 bekiendt
2579 927 148 76 Med
2765 921 140 90 Ti»

1043 1021 46 82 b
1107 1043 94 60 er.
1255 1021 174 98 Han
1457 1021 196 98 fandt
1681 1029 94 92 sig
1799 1029 20 74 i
1851 1019 378 104 Billighed,
2259 1047 82 74 og
2385 1023 140 96 hun
2575 1043 132 76 gav
2751 1021 152 98 ham

1039 1119 518 100 Herredemmet
1581 1141 160 62 »ver
1769 1133 124 72 alle
1923 1125 366 98 Grynene,
2347 1121 284 88 Etterne
2659 1143 82 78 og
2766 1120 166 98 Ike-,..

1289 1225 136 84 Nu
1453 1241 128 62 var
1607 1219 270 92 Tiber
1907 1227 226 80 bleven
2161 1227 186 96 klog,
2399 1221 142 96 som
2583 1221 296 100 Spekho-

1041 1323 148 98 ker,
1245 1329 90 76 da
1365 1323 134 96 han
1533 1319 228 96 tilforn
1787 1345 128 58 var
1941 1331 158 92 gal,
2151 1324 140 94 som

1037 1423 188 88 Den
1249 1423 198 98 første
1475 1419 172 92 Eed,
1675 1421 136 92 han
1829 1423 224 92 derfor
2073 1427 220 96 giorde
2313 1427 18 76 i
2345 1427 80 94 sit
2443 1441 68 64 n-
2549 1411 360 108 Embede,

1041 1539 134 66 var
1221 1529 242 76 denne:
1517 1521 50 46 "
1595 1521 98 86 At
1721 1523 180 104 hans
1939 1523 300 88 Venner
2274 1523 238 101 skulde
2535 1509 132 100 ikke
2707 1519 206 102 smøre

1038 1626 103 99 sg

1765 1825 444 112 Exempel

1617 2039 152 80 paa
1817 2039 72 62 er
1925 2019 136 100 sier
2100 2017 298 104 Gemyt

1041 2225 386 130 August
1465 2253 130 64 var
1623 2231 280 98 forlovet
1930 2237 145 77 med
2513 2229 222 100 Længe
2753 2229 128 102 hav-

1041 2315 126 76 ^
1219 2343 76 74 de
1343 2335 136 94 han
1519 2351 197 77 gaaet
1763 2353 110 60 om
1917 2331 258 88 Borde
2219 2339 148 74 med
2415 2333 240 96 hende,
2721 2335 194 80 inden

1041 2425 144 98 han
1213 2437 216 78 vandt
1455 2435 250 98 hendes
1735 2433 262 98 Hierte.
2097 2433 176 84 Kun
2305 2433 270 98 Dyden
2611 2453 128 62 var
2781 2439 130 88 det,

1039 2535 122 80 der
1189 2535 212 82 kunde
1427 2533 224 84 trække
1713 2535 418 98 Sophies
2189 2533 438 102 Høyagtelse.
2745 2531 168 84 Au«

1039 2653 50 80 g
1111 2639 110 94 ust
1279 2641 225 89 laante
1535 2643 90 72 da
1653 2657 76 60 en
1745 2635 236 94 Masse
2007 2633 104 96 for
2139 2651 78 66 at
2243 2631 292 102 forestille
2549 2655 76 60 en
2641 2631 272 100 Dydig.

1041 2737 140 82 Ru
1207 2755 130 60 var
1365 2733 212 100 Sop
1601 2735 192 98 hies
1821 2733 234 100 Hierte
2099 2735 222 98 havs;
2385 2755 150 60 men
2577 2741 164 76 dette
2789 2751 124 62 var

1041 2837 136 80 ikke
1205 2841 124 74 den
1369 2839 200 94 eneste
1609 2833 517 100 Vanskelighed
2235 2833 418 98 Sophies
2695 2833 216 100 Fader

1037 2941 282 88 varriig
1351 2949 80 84 og
1475 2935 214 98 Adel;
1763 2957 150 60 men
1963 2935 328 98 August
2331 2941 188 90 langt
2559 2939 204 78 neden
2811 2931 102 88 for

1037 3037 190 96 ham.
1299 3031 194 100 Efter
1521 3031 338 88 Verdens
1903 3035 414 102 Fordomme
2359 3055 130 62 var
2549 3041 104 76 det
2705 3033 210 90 altsaa

1037 3159 84 58 en
1151 3137 496 96 uovervindelig
1693 3134 501 98 Vanskelighed
2241 3153 74 64 at
2357 3131 152 96 faae
2551 3133 180 102 hans
2781 3133 134 98 Ja.

1037 3235 102 86 Er
1165 3241 200 76 andet
1397 3235 534 96 Middchnaatte
1949 3237 222 96 derfor
2193 3237 352 98 optænkes.
2599 3233 320 98 August

1035 3337 376 96 forestillede
1441 3335 352 100 Sophie
1833 3355 84 62 er.
1971 3337 296 100 Hendes
2309 3335 192 96 Dyd
2541 3337 192 94 streed
2765 3341 118 72 læn-

1037 3459 82 76 ge
1149 3441 334 94 derimod;
1531 3457 150 60 men
1711 3435 330 102 August
2069 3443 204 94 vidste
2301 3455 72 62 ar
2403 3437 308 80 mdklæde
2745 3439 170 74 dette

1035 3537 264 100 Forsæt
1327 3541 18 80 i
1373 3537 112 94 saa
1503 3535 488 96 overbevisende
2023 3535 424 102 Sandheder
2471 3589 24 44 ,
2525 3551 70 64 at
2623 3533 132 98 han
2775 3547 106 66 om-

1035 3641 172 98 sider
1235 3643 362 82 overvandt
1617 3639 246 100 hendes
1883 3639 352 100 Undseelse.
2289 3635 132 90 Nu
2449 3655 124 64 var
2593 3633 126 88 Au
2735 3655 40 80 g
2797 3637 118 96 ust

2795 3737 120 82 viS
