3251 4543
129 2269 56 79 i'
223 2291 41 57 r

975 683 60 66 re
1067 673 118 76 den
1217 667 420 94 beffiemmes,
1689 671 108 74 der
1841 665 76 94 af
1943 685 224 60 ureene
2195 663 294 84 Grunde
2517 665 166 76 vilde
2713 667 216 94 mestre

973 807 148 98 Hisse
1149 805 306 98 Herrens
1487 803 196 84 Veie.
1789 803 180 96 Dog
2017 805 234 94 skylder
2301 803 98 96 jeg
2429 801 220 94 Eder,
2703 803 200 98 Holst-

973 949 232 76 cerede!
1261 965 80 74 og
1389 947 282 92 oprigtig
1707 961 70 62 at
1805 943 228 96 anføre
2065 951 72 70 de
2161 941 76 96 af
2257 941 218 84 Guds
2511 939 256 98 Forsyn
2795 945 132 94 mig

972 1080 1003 97 rilskikkedeOmsændigheder-,
1333 1081 642 98 Omstændigheder,
2027 1089 112 74 der
2181 1081 254 96 ligesom
2483 1079 280 96 aftvang
2797 1083 130 96 mig

971 1223 138 76 min
1151 1219 444 98 Beflmning,
1661 1245 80 74 og
1805 1223 254 94 beholdt
2111 1221 454 94 Overvægten
2615 1239 150 58 over
2809 1225 116 74 den

969 1363 304 92 inderlige
1319 1363 140 94 Lyst
1501 1365 68 76 til
1615 1377 70 64 at
1739 1381 166 58 være
1947 1361 220 90 samlet
2231 1365 142 72 med
2435 1357 198 82 Eder.
2759 1357 164 100 Hvo

969 1501 252 78 kiender
1255 1521 74 58 en
1359 1499 528 84 Skolelæreres
1921 1497 332 96 Embede,
2311 1521 80 72 og
2443 1501 152 76 veed
2639 1497 160 96 ikke,
2853 1515 70 64 at

969 1645 106 76 det
1109 1639 74 94 af
1209 1647 118 72 alle
1355 1661 62 56 er
1469 1645 98 74 der
1621 1639 424 94 besværligste.
2149 1635 162 86 Det
2359 1657 62 58 er
2471 1643 204 90 endog
2723 1639 200 78 blevet

967 1795 62 62 er
1057 1781 400 96 almindeligt
1495 1777 194 86 Ord:
1747 1775 174 86 Den
1951 1777 278 96 Jupiter
2265 1797 62 56 er
2367 1781 186 74 vreed
2589 1797 168 74 paa,
2813 1777 80 90 set-

961 1933 98 64 ter
1103 1915 130 98 han
1297 1921 70 78 til
1417 1919 250 82 Lærere.
1771 1915 174 80 Men
1991 1915 316 94 endssiont
2349 1915 232 94 enhver
2636 1916 280 94 tilsaaer

967 2055 362 84 Embeders
1367 2055 594 98 Besværligheder,
2015 2077 64 58 er
2131 2061 102 74 det
2267 2061 124 88 dog
2441 2057 348 92 umueligr,
2843 2071 72 62 at

963 2215 212 76 nogen
1219 2197 126 78 kan
1395 2199 210 78 kiende
1645 2201 140 72 dem
1835 2211 130 78 ret,
2031 2203 138 70 eller
2237 2211 136 62 troe
2409 2199 142 74 dem
2595 2193 110 92 saa
2757 2197 158 92 store

959 2335 136 88 som
1143 2341 76 74 de
1263 2337 258 94 virkelig
1567 2355 134 76 ere,
1771 2341 170 72 uden
1989 2339 74 74 de
2111 2337 110 74 der
2279 2333 164 94 have
2505 2331 234 96 erfaret
2793 2335 120 76 det.

959 2473 364 84 Embedets
1389 2473 504 98 Forssiællighed
2009 2473 120 96 har
2209 2495 80 72 og
2347 2477 124 90 sine
2563 2471 352 98 forssiellige

955 2611 308 96 Byrder.
1365 2613 166 84 Der
1577 2633 96 58 ere
1711 2615 470 90 Underlærere,
2237 2611 198 96 hvilke
2485 2611 148 96 hver
2683 2611 100 94 for
2827 2615 90 92 sig

955 2751 122 94 har
1129 2757 74 74 de
1249 2755 90 94 sig
1385 2751 380 84 Betroedes
1809 2753 516 94 Underviisning
2369 2773 80 74 og
2501 2749 298 96 Anførsel
2843 2765 68 66 at

957 2887 292 100 besørge:
1297 2895 120 92 vist
1451 2891 162 96 have
1649 2891 142 96 disse
1809 2891 560 94 Vansseligheder
2403 2891 148 92 nok,
2605 2909 144 58 men
2783 2897 126 88 dog

950 3031 296 94 taalelige
1281 3031 176 80 imod
1485 3039 208 88 dens,
1747 3035 110 74 der
1897 3031 120 94 har
2067 3037 122 68 den
2237 3029 156 94 heele
2449 3027 340 98 Samling
2839 3045 68 62 at

947 3167 260 94 bestyre.
1309 3171 184 98 Hine
1545 3191 96 58 ere
1701 3173 262 88 roelige,
2033 3187 168 58 naar
2257 3173 74 72 de
2373 3167 188 80 ikkun
2605 3169 118 92 selv
2763 3171 138 76 med

943 3299 180 100 Fliid
1151 3305 260 92 forrette
1439 3311 182 74 deres
1651 3301 312 100 Embede,
2019 3311 198 74 denne
2247 3307 288 82 derimod
2571 3309 194 92 lider,
2819 3327 82 74 og

945 3441 158 82 lider
1135 3461 226 76 meget,
1405 3453 204 88 endog
1647 3453 118 70 ved
1795 3451 72 74 de
1895 3451 246 74 andres
2171 3443 484 98 Forsømmelse.
2759 3445 142 98 Jeg

939 3577 126 96 har
1089 3581 232 94 erfaret
1361 3583 190 94 begge
1579 3583 256 96 Deele,
1891 3605 80 74 og
2019 3583 96 94 jeg
2161 3583 120 94 har
2317 3585 150 94 folet
2499 3591 120 72 den
2647 3585 226 78 mærke-

939 3719 122 94 lige
1115 3719 292 100 Forssiel.
1511 3719 300 98 Iblandt
1875 3727 140 78 dem
2073 3725 202 94 iglen,
2331 3731 108 76 der
2485 3745 96 62 ere
2631 3721 152 90 satte
2827 3725 72 80 til

2637 3863 158 96 heele
