3313 4478
2626 560 133 76 leve
2802 557 73 81 ril
2916 546 185 92 Mor

1477 919 51 52 „
1557 873 176 81 Men
1789 889 70 61 ar
1907 874 124 94 sige
2069 875 168 75 dette
2279 871 20 74 i
2345 884 58 62 et
2443 862 268 99 Stykke
2755 861 254 93 bestemt
3059 863 70 77 ril

1474 1039 52 48 „
1566 1006 68 60 ar
1676 985 268 96 opføres
1986 1007 132 72 paa
2160 1006 74 58 en
2264 981 182 95 Tiid,
2508 985 84 72 da
2628 965 498 92 Nervd

1473 1155 50 46 „
1555 1104 272 96 udgiore
1869 1099 312 96 Styrken
2231 1095 78 96 af
2345 1103 74 73 de
2463 1092 280 96 Dansse
2789 1087 336 97 Tropper,

1474 1269 50 46 „
1560 1221 86 73 da
1703 1216 129 95 han
1880 1216 202 78 tiener
2140 1234 72 58 en
2259 1211 283 93 Konge,
2595 1205 137 93 som
2794 1211 120 73 eier
2949 1201 148 99 Pro-

1472 1328 316 101 »Vinrser
1551 1330 238 89 vimser
1850 1336 181 87 langt
2076 1325 107 93 fra
2244 1317 319 104 Norge,
2622 1319 203 97 hvilke
2870 1306 227 92 Nord-

1472 1485 60 60 „
1559 1439 343 83 manden
1941 1463 67 59 er
2031 1441 111 92 saa
2183 1445 161 93 godt
2387 1436 369 96 forbunden
2789 1435 73 78 til
2901 1450 69 60 at
3003 1429 97 92 for-

1467 1603 54 56 „
1544 1557 201 96 svare,
1812 1557 135 89 som
1988 1563 201 73 andre
2224 1552 497 89 Undersaamr;
2786 1553 105 76 det
2918 1568 65 56 er
3010 1551 117 74 den

1465 1725 51 50 „
1543 1677 163 93 store
1731 1670 585 98 Skiødesløshed,
2345 1670 67 76 vi
2441 1658 264 90 dadle."

1344 1826 143 98 For
1528 1843 69 62 at
1634 1826 255 91 besvare
1938 1830 207 88 dette,
2206 1821 279 96 behøver
2542 1817 99 92 jeg
2680 1816 129 78 kun
2876 1828 69 62 at
2990 1813 141 92 give

1343 1938 411 95 Anviismng
1795 1960 131 73 paa
1975 1941 175 92 hvad
2189 1936 99 92 jeg
2323 1937 19 76 i
2391 1940 105 74 det
2540 1925 589 101 foregaaende-har
3007 1925 123 94 har

1338 2054 139 94 sagt
1524 2077 105 55 om
1664 2044 555 91 Nordmænds
2266 2071 79 72 og
2392 2054 119 72 alle
2540 2041 353 98 fornuftige
2924 2040 173 79 Men-

1339 2170 251 93 neffers
1633 2166 275 97 Begreb
1961 2187 107 58 om
2117 2164 513 100 Fædreneland:
2707 2158 69 95 I
2833 2145 292 91 Einers

1342 2280 158 88 Did
1542 2301 124 60 var
1704 2284 128 77 kun
1878 2272 284 100 Norge
2202 2266 556 93 Nordmænds
2790 2269 306 98 Fædrene-

1343 2402 182 91 land,
1591 2417 92 59 nu
1731 2415 64 60 er
1843 2395 208 79 baade
2077 2378 434 102 Danmark
2561 2409 78 73 og
2687 2376 282 104 Norge
3001 2387 116 74 det.

1338 2509 182 85 Den
1548 2511 238 94 samme
1826 2511 212 95 Iver,
2074 2513 76 75 de
2184 2504 108 98 før
2318 2506 170 78 vilde
2508 2503 142 93 vitst
2696 2502 20 78 i
2746 2515 68 64 at
2844 2493 274 95 forsvare

1335 2631 80 71 de
1445 2624 254 96 Norsse
1735 2623 262 82 Stater
2039 2628 226 89 allene,
2309 2621 172 94 finde
2533 2623 74 72 de
2649 2618 90 94 sig
2789 2633 92 60 nu
2921 2617 196 86 endog

1333 2743 23 73 i
1385 2738 375 95 Anledning
1794 2739 78 85 af
1896 2740 122 78 mit
2045 2733 365 96 Sørgespil
2431 2732 367 90 forbundne
2814 2729 72 78 til
2900 2742 64 62 at
2982 2727 136 88 viise

1336 2851 327 96 baade-for
1696 2860 77 73 de
1810 2853 281 96 Dansse
2133 2872 78 74 og
2246 2848 269 96 Norsse.
2572 2845 165 85 Der
2784 2863 67 58 er
2880 2862 73 56 en
2982 2839 135 92 evig

1331 2967 393 97 Sandhed:
1787 2959 587 91 Nordmanden
2403 2982 67 60 er
2497 2962 283 93 tapprest
2807 2961 21 76 i
2855 2955 259 92 Norge;

1330 3083 179 81 Men
1546 3104 169 58 naar
1744 3083 129 90 han
1890 3078 155 98 efter
2062 3083 93 93 sin
2174 3078 197 97 Pligt
2398 3095 199 75 gaaer
2618 3074 119 94 hen
2756 3089 69 62 at
2842 3068 273 96 forsvare

1327 3205 81 71 de
1433 3199 223 91 dansse
1685 3196 285 94 Stater,
2009 3213 65 60 er
2107 3192 131 96 han
2257 3195 21 76 i
2297 3197 107 74 det
2427 3190 275 98 mindste
2721 3186 105 95 saa
2857 3199 257 77 tapper,

1328 3311 135 89 som
1500 3332 209 72 nogen
1738 3315 233 74 anden.
2082 3303 221 99 Hans
2350 3305 239 101 Hierte
2618 3324 79 74 og
2730 3304 168 95 hans
2946 3296 164 79 Arm

1327 3421 212 93 følger
1583 3427 154 95 ham
1779 3430 209 87 endog
2027 3425 152 83 der,
2239 3421 166 98 hvor
2455 3420 130 97 han
2627 3420 186 92 synes
2871 3413 240 93 forladt

1326 3534 80 98 af
1424 3540 78 78 de
1562 3539 324 98 naturlige
1932 3536 350 101 Fordeele,
2338 3535 134 93 som
2544 3537 22 78 i
2634 3520 284 110 Norge
2980 3543 100 60 om-

2935 3640 176 95 ringe

3276 4045 8 62 !
