3147 4546
1801 493 97 73 -5

221 686 375 98 ingenlunde
667 681 131 82 kan
851 677 261 100 lykkes,
1205 694 149 63 men
1417 676 151 100 ftyd
1625 694 81 70 os
1757 685 109 100 fra
1921 688 113 80 din

220 825 303 99 Throne,
608 848 81 75 og
728 823 143 95 send
916 821 117 80 den
1076 815 521 108 Trøstermand,
1676 826 131 96 som
1858 829 173 98 billig

212 971 216 79 kaldes
450 967 226 94 kand,
772 986 72 58 en
873 959 183 100 Ild,
1112 981 76 59 en
1219 960 243 102 Dug,
1518 983 56 64 et
1603 965 311 105 Baand,
1974 989 58 64 et

207 1107 229 101 Pant,
493 1129 76 59 en
599 1106 281 99 Brønd,
937 1126 76 58 en
1041 1100 229 102 Aand,
1329 1127 76 58 en
1439 1104 238 87 Salve
1709 1134 79 77 og
1809 1113 224 87 Guds

204 1249 271 100 Finger.

407 1391 113 98 Ja
561 1384 145 89 kom
746 1442 22 46 ,
859 1389 333 100 værdigste
1247 1386 227 107 Hellig
1529 1395 205 86 Aand
1782 1451 20 34 ,
1909 1405 123 78 ned

205 1549 158 65 over
403 1543 80 70 os
535 1533 432 99 allesammen,
1026 1532 133 94 som
1201 1556 74 58 en
1313 1537 528 102 Naade-Regn
1895 1542 106 100 her-

206 1694 170 60 oven
412 1673 133 99 fra,
592 1691 72 64 at
698 1673 280 99 forklare
992 1672 338 102 Christum
1348 1681 20 78 i
1390 1692 103 86 os,
1552 1703 79 76 og
1652 1698 70 66 at
1740 1685 176 96 giøre
1948 1695 83 72 vs

201 1818 119 74 ved
357 1810 297 85 Naaden
683 1813 259 98 skikkede
969 1818 69 78 til
1067 1831 71 64 at
1165 1835 165 64 være
1361 1821 173 94 hans
1569 1821 457 103 Bordgiester.

200 1951 177 98 Ifør
408 1967 79 68 os
506 1954 363 100 formedelst
890 1953 223 93 Troen
1134 1957 705 110 hansRetfærdighed,
1894 1968 137 96 som

200 2097 120 75 den
338 2111 156 64 rette
513 2092 859 107 Bryllups-Klædning,at
1386 2106 66 78 vi
1468 2104 124 81 kan
1614 2105 254 100 forsage
1892 2132 140 74 paa

201 2237 96 76 alt
325 2249 155 82 eget,
537 2256 79 77 og
645 2234 306 98 indsvøbe
973 2252 80 68 os
1073 2244 270 95 gandffe
1361 2245 20 80 i
1397 2243 452 99 Forsonerens
1875 2256 159 92 dyre

202 2367 526 105 Fortjeneste.—
780 2376 149 87 Du
980 2398 65 58 er
1092 2385 155 91 den,
1328 2381 135 96 som
1502 2388 357 97 randsager
1910 2398 123 75 alle

205 2507 209 100 Ting,
471 2518 199 90 ogsaa
705 2515 221 85 Guds
963 2516 401 101 Dybheder,
1411 2546 79 76 og
1523 2529 101 78 det
1654 2530 232 93 gjelder
1923 2532 107 100 her

204 2647 451 104 fornemmelig
677 2673 132 79 om,
837 2671 72 64 at
936 2655 317 85 Sielenes
1286 2658 301 104 Tilstand
1621 2674 140 77 nøle
1793 2693 78 77 og
1907 2691 122 64 ret¬

202 2792 152 94 telig
402 2792 385 102 randsages,
846 2817 108 61 om
994 2820 79 77 og
1118 2801 304 98 hvorvidt
1456 2812 74 77 de
1564 2809 214 86 kiende
1804 2815 69 81 til
1904 2822 121 76 den

203 2933 337 97 aandelige
569 2932 299 103 Armod,
925 2943 119 77 den
1077 2947 287 96 gudelige
1397 2945 447 108 Bedrøvelse,
1901 2962 123 77 den

200 3069 195 99 salige
424 3071 285 102 Hunger
738 3100 77 74 og
850 3077 201 103 Tørst
1088 3083 149 98 efter
1266 3086 545 111 Retfærdighed,
1884 3098 137 94 som

199 3208 345 101 foregaaer
586 3238 78 66 og
697 3217 199 88 følger
922 3228 142 77 med
1096 3231 120 75 den
1247 3228 193 83 sande
1473 3228 221 85 Trøe:
1796 3237 90 78 tbi
1916 3246 104 70 det
