3172 4370
1779 421 91 57 21

1779 421 91 57 21

689 403 164 114 eßß
981 463 110 54 w
1215 401 164 118 *%

105 563 124 84 ikke
275 565 272 98 inderlig
589 567 174 96 cnjkc
799 567 200 100 Fred,
1059 567 318 98 endffism
1433 569 78 76 de
1551 565 20 78 i
1613 583 72 58 en
1717 565 130 76 nød-

105 683 238 92 vendig
385 703 78 72 og
503 683 352 94 retmæssig
893 681 174 96 Krig
1101 679 136 94 føre
1261 683 280 94 seierrige
1578 675 305 85 Vaaben

107 801 156 72 mod
299 817 74 56 en
415 793 266 100 forhadt
719 795 260 98 Fiende.
1105 795 110 82 Eir
1265 819 78 72 og
1385 799 212 76 anden
1625 789 228 96 forfæn-

107 909 166 96 gelig
313 929 136 76 ung
487 909 226 98 Fyrste
779 909 120 82 kan
941 917 98 72 vel
1093 915 120 74 ved
1261 913 220 90 idelige
1526 905 327 83 Seiervin-

110 1023 228 94 diuger
377 1019 146 96 faae
561 1045 196 58 meere
809 1047 78 74 og
931 1043 202 64 meere
1175 1023 138 98 Lyst
1346 1030 75 75 tll
1461 1021 212 98 Krig,
1737 1039 152 60 men

109 1135 358 82 Soldaten
509 1159 64 58 er
617 1139 156 78 altid
813 1139 124 96 best
969 1139 154 78 tienr
1173 1145 144 74 med
1363 1139 202 98 Fred,
1633 1157 78 74 og
1753 1137 106 92 siel-

111 1257 124 74 den
279 1265 202 80 meget
519 1257 150 88 glad
715 1271 150 62 over
897 1275 74 56 en
1011 1251 236 98 Seier,
1289 1259 172 74 uden
1497 1257 122 76 den
1649 1253 238 76 vindes

111 1367 158 76 mod
313 1363 316 100 Fjender,
685 1365 130 92 som
855 1369 144 76 ville
1035 1367 262 94 angribe
1339 1367 550 100 Fædrenelandet.

113 1473 224 88 Dette
381 1495 242 64 maatte
666 1469 501 118 Nul-dinel
1219 1481 190 94 ogsaa
1451 1485 72 76 ril
1573 1487 120 72 den
1729 1475 162 90 Bid

115 1589 166 96 have
329 1589 272 94 tilfælles
661 1601 140 74 med
871 1603 120 72 alle
1059 1593 352 98 fornuftige
1471 1593 420 94 Mennesker,

111 1703 176 80 Men
335 1711 74 74 de
459 1705 162 96 have
657 1711 158 76 altid
847 1707 138 96 haft
1039 1707 268 94 fremfor
1347 1717 74 74 de
1453 1711 202 96 fleeste
1687 1707 174 78 Men-

113 1817 204 94 nester
369 1821 16 72 i
461 1815 286 84 Verden
827 1843 70 58 en
947 1823 384 96 besynderlig
1389 1821 374 98 Kierlighed
1817 1819 74 78 til

109 1933 186 78 deres
319 1929 362 98 Fødested;
739 1933 120 96 Og
877 1941 164 74 dette
1071 1957 66 58 er
1151 1953 56 62 et
1224 1934 76 97 as
1415 1933 480 96 karakteristiske

113 2041 188 90 Træk
345 2047 18 74 i
409 2045 168 78 mine
605 2045 478 86 Landsmænds
1115 2049 370 84 Skildecie.
1553 2049 144 98 Jeg
1727 2047 136 80 kien-

113 2165 112 72 der
255 2157 120 78 nok
405 2163 74 74 de
509 2161 310 94 stridbare
845 2161 200 98 Helte
1095 2163 78 94 af
1213 2169 106 76 der
1367 2181 164 62 ure
1580 2156 322 107 Aarhun-f

455 2277 112 74 der
641 2275 126 78 ikke
833 2277 212 78 kunde
1105 2295 168 62 være
1329 2279 72 78 til
1461 2283 174 74 uden
1697 2275 202 92 Krig,

121 2391 110 72 der
295 2403 156 60 vare
529 2387 20 74 i
601 2383 252 84 Stand
909 2389 72 76 til
1057 2405 70 62 at
1193 2389 216 96 besøge
1463 2399 124 72 den
1685 2391 216 76 anden

119 2497 194 84 Deel
353 2493 74 96 af
453 2495 286 86 Verden
783 2499 104 94 for
915 2519 68 60 ar
1009 2503 176 94 finde
1239 2525 98 74 en,
1381 2503 134 92 som
1551 2507 186 76 turde
1785 2519 84 58 vo-

123 2629 82 62 ve
249 2631 74 58 en
375 2609 196 98 Dyst
611 2619 142 74 med
801 2621 164 74 dem.
1089 2605 368 112 Hnrrald
1501 2637 120 60 var
1657 2615 248 92 saadan

125 2743 126 62 een.
367 2725 172 80 Men
571 2727 124 80 ikke
719 2747 120 60 var
887 2735 106 72 det
1033 2733 122 76 den
1201 2733 400 94 almindelige
1637 2729 236 90 Tænke-

125 2843 276 92 maade,
491 2861 80 74 og
641 2861 108 60 om
809 2847 106 76 det
973 2843 212 94 havde
1247 2863 216 80 været,
1545 2847 198 78 burde
1767 2843 140 78 min

123 2953 172 98 Helt
337 2951 242 98 opløfte
625 2959 90 96 sig
759 2975 152 60 over
949 2979 74 56 en
1067 2959 368 96 almindelig
1479 2959 144 100 Feil
1665 2961 22 74 i
1714 2950 163 92 Tæn-

124 3066 395 92 kemaadem
587 3091 78 74 og
695 3067 130 94 som
871 3091 74 56 en
1003 3087 152 78 ægte
1211 3071 282 100 Patriot
1551 3067 224 102 opofre
1813 3071 98 94 sin

125 3179 142 98 Lyst
315 3185 74 76 til
429 3179 176 98 Krig
641 3205 78 72 og
767 3189 122 76 den
913 3185 198 96 ZEre,
1163 3187 130 96 han
1337 3187 208 82 kunde
1597 3189 314 88 indlægge

127 3295 94 96 sig
299 3295 18 78 i
343 3291 278 102 Krigen,
663 3293 102 98 for
801 3299 574 96 Fædrenelandets
1417 3299 194 94 sande
1673 3291 238 102 Nytte.

129 3407 218 86 Dette
385 3427 126 64 var
553 3417 204 90 endog
785 3411 152 94 efter
961 3411 340 100 Historien
1325 3415 260 96 virkelig
1615 3403 296 96 Einers

127 3521 362 82 Karakter:
555 3525 170 82 Med
761 3535 64 74 al
865 3531 92 94 sin
995 3525 390 104 Tapperhed
1429 3535 304 94 unddrog
1777 3529 136 98 han

133 3637 92 102 sig
255 3633 300 112 saa.ofte,
619 3641 134 104 han
781 3643 266 94 kunde,
1109 3639 106 100 fra
1271 3645 210 102 Krig,
1563 3667 82 76 og
1695 3651 220 90 vilde,

981 3753 90 96 B
1139 3777 42 84 Z
1799 3765 118 94 saa
