3296 4517
1471 428 110 65 12

1471 428 110 65 12

1471 428 110 65 12

1471 428 110 65 12

1462 606 228 84 Snak
1728 600 192 95 sagde
1952 599 312 97 Skytten
2282 647 22 46 ,
2356 593 136 96 som
2524 594 190 98 hidtil
2728 591 388 100 chavde'sidt

1464 755 85 73 og
1602 743 323 67 caraceret
1988 730 133 92 sine
2184 721 259 82 koblede
2494 719 623 99 Skyde-Hunde;

1465 859 266 93 Sagen
1771 855 238 98 henger
2057 849 276 97 gandffe
2383 852 386 75 anderledes
2807 845 312 92 sammen.

1463 983 181 99 Han
1683 986 171 94 stoed
1896 1001 82 76 op
2022 978 80 96 af
2137 980 101 94 sin
2271 975 265 99 Stoel,
2587 980 223 76 lettede
2841 973 278 109 paa-sin
3019 974 99 90 sin

1468 1106 316 102 Caschet,
1836 1129 80 74 og
1956 1114 150 72 med
2142 1106 200 93 begge
2378 1101 610 96 Tommelfingerne
3018 1102 66 78 in-

1469 1245 124 72 den
1653 1236 106 96 for
1817 1235 416 98 Gehænget,
2301 1231 324 97 begyndte
2687 1243 74 66 at
2811 1231 130 96 sige
2989 1232 134 94 sine

1469 1363 292 89 Tanker.
1817 1359 354 86 Erlauben
2203 1362 84 93 sie
2315 1359 208 78 meine
2541 1356 299 100 Herren,
2873 1357 22 80 i
2935 1372 188 80 tager

1468 1491 148 99 Feil
1666 1487 438 92 allesammen.
2176 1484 348 101 Historien
2564 1504 64 58 er
2662 1485 138 94 mig
2842 1484 278 96 gandffe

1466 1624 103 76 vel
1610 1618 319 93 bekiendt,
1964 1614 97 98 thi
2090 1620 127 76 den
2252 1633 69 60 er
2350 1611 271 100 passeret
2652 1612 21 78 i
2707 1608 413 98 Tydskland-fk.

1467 1747 436 98 Champion
1935 1749 146 74 eller
2115 1741 434 98 Morpion,
2581 1740 178 98 hans
2789 1737 226 86 Navn
3049 1756 72 62 er

1465 1876 137 94 mig
1661 1873 389 97 ligegyldig,
2103 1888 129 62 var
2273 1887 81 60 en
2389 1867 239 97 Jæger
2679 1868 129 97 hos
2843 1868 281 94 enstoer

1468 2003 272 97 Fyrste,
1794 1999 134 92 som
1974 1999 216 95 havde
2234 2003 124 72 den
2396 1994 462 97 forrreffeligste
2884 1993 200 83 Vild-

1470 2129 221 83 Bane
1726 2128 21 78 i
1782 2135 125 70 den
1942 2125 165 98 heele
2138 2122 315 85 Werden.
2506 2120 169 88 Der
2706 2119 187 100 Herr
2912 2120 171 98 Sty-

1468 2255 257 106 gosus
1765 2257 144 74 eller
1943 2251 520 103 Gtigmosius,
2505 2249 312 81 erlauben
2847 2253 108 94 sie,
2993 2268 124 62 var

1468 2405 78 58 en
1590 2392 220 70 anden
1858 2377 276 100 Fyrstes
2162 2378 282 97 Jæger,
2496 2376 136 92 som
2678 2398 80 75 og
2792 2377 212 96 havde
3040 2396 80 58 en

1468 2506 487 99 Vild-Bane;
1992 2509 198 93 begge
2224 2503 146 98 disse
2392 2502 476 86 Vild-Baner
2890 2502 228 98 strakte

1467 2639 94 95 sig
1595 2638 72 78 til
1699 2656 76 58 en
1819 2640 288 91 gammel
2141 2632 226 98 Frues
2403 2631 470 98 Vild-Bane,
2905 2636 180 74 erlau-

1469 2765 123 80 ben
1625 2766 131 92 sig,
1809 2761 137 94 som
2001 2760 153 102 heed
2191 2761 341 96 Amasta,
2587 2760 141 96 hun
2773 2759 211 96 havde
3035 2778 79 74 og

1466 2911 80 60 en
1574 2888 286 98 Jæger,
1910 2887 180 98 hans
2126 2888 226 84 Navn
2386 2887 126 80 kan
2544 2892 100 92 jeg
2686 2885 124 82 ikke
2840 2887 274 95 erindre,

1462 3038 155 61 men
1672 3016 137 100 han
1866 3017 167 80 brød
2088 3020 93 94 sig
2236 3017 127 78 ikke
2420 3034 209 78 meget
2684 3035 109 58 om
2838 3029 73 64 at
2948 3016 163 90 jage,

1463 3145 270 97 Dette,
1773 3143 136 96 som
1953 3164 162 58 man
2147 3149 104 74 vel
2279 3143 130 80 kan
2445 3142 224 100 tænke,
2701 3161 136 76 gav
2876 3120 206 118 Rolig-

1466 3271 122 95 hed
1657 3272 117 93 til,
1827 3285 73 64 at
1943 3279 113 70 der
2113 3290 129 60 var
2293 3290 211 61 meere
2537 3268 223 86 Vildt
2793 3269 19 78 i
2843 3265 273 100 Fruens

1463 3385 445 98 Vid-Bane
1968 3406 124 70 end
2140 3398 24 80 i
2208 3408 76 71 de
2338 3405 272 74 andres.
2716 3395 132 86 Nu
2904 3393 210 99 havde

2868 3521 199 95 begge
