3264 4497
227 551 176 102 falde
431 577 334 84 paa,over
805 581 76 62 en
921 551 506 120 Dansk-Helt
1229 555 198 112 Helt
1463 585 72 64 at
1563 565 350 82 udarbeide
1959 581 60 70 et

227 671 304 102 Støkke,
591 677 376 98 værdigere,
1025 687 122 76 end
1217 687 146 76 dem
1425 681 102 98 jeg
1601 681 118 100 har
1781 681 240 86 kündet

227 787 422 102 frembringe,
711 791 232 96 hvilket
979 793 102 98 jeg
1125 803 128 90 dog
1303 799 122 96 vist
1473 797 178 94 snart
1689 795 332 98 formoder

231 925 86 76 og
381 911 238 92 glæder
657 909 130 94 mig
827 909 74 80 til
935 927 70 64 at
1045 911 124 98 ste;
1233 910 206 98 skulde
1487 935 80 74 og
1625 913 394 102 imidlertid,

229 1021 24 78 i
299 1017 290 100 Mangel
649 1019 82 96 af
791 1041 188 78 noget
1025 1027 226 96 bedre,
1349 1017 248 94 Einer
1661 1019 332 114 Tampe-

227 1121 362 112 fkielvers
603 1133 324 88 Skiæbne
949 1137 178 96 svare
1157 1147 72 76 til
1247 1147 134 76 min
1417 1143 486 98 Formodning,
1933 1151 88 76 da

229 1249 128 100 har
379 1253 102 94 jeg
519 1253 174 96 givet
725 1253 310 98 adskillige
1093 1253 360 98 fornemme
1489 1259 212 82 Lærde
1729 1261 20 78 i
1785 1249 202 98 Dan-

229 1355 228 94 mark
503 1373 106 76 det
649 1363 220 104 Løfte,
931 1385 70 66 at
1039 1371 98 98 jeg
1183 1375 168 80 vilde
1399 1375 182 94 giøre
1643 1389 60 64 et
1763 1373 256 100 Forsøg

227 1485 150 80 med
419 1501 78 64 en
525 1471 280 110 Dansk
843 1473 222 112 Helt,
1123 1509 80 74 og
1237 1485 186 94 fandt
1445 1489 102 96 jeg
1587 1493 88 74 da
1713 1489 244 98 Helten
1995 1491 24 78 i

227 1599 112 78 det
391 1613 160 66 me
599 1595 518 104 Aarhundrede,
1175 1603 210 80 kunde
1431 1609 78 74 de
1555 1601 250 98 Norske
1849 1625 172 62 være

225 1709 188 102 sikkre
449 1731 170 78 paa,
683 1727 72 64 at
795 1713 98 96 jeg
939 1733 132 76 gav
1137 1721 148 76 dem
1329 1717 126 80 ikke
1527 1733 60 64 et
1625 1725 162 88 godt
1829 1717 186 86 Ord.

225 1823 166 86 Min
431 1825 168 98 Helt
639 1825 204 96 skulde
883 1833 232 74 tordne
1153 1837 156 72 mod
1367 1835 142 76 dem
1539 1837 76 74 de
1653 1835 156 94 mest
1841 1853 146 62 mar-

221 1939 204 98 tialske
457 1935 350 106 Trudsier,
869 1961 80 74 og
989 1931 180 92 lære
1203 1939 214 102 dem,
1479 1933 164 108 som
1695 1933 140 94 boe
1879 1943 134 84 der

221 2061 204 96 oppe
465 2063 166 92 paa
673 2049 88 84 de
799 2043 338 108 skaldede
1169 2047 266 110 Fielde
1463 2077 110 64 etc.
1639 2061 176 84 Men
1845 2063 134 80 Ken-

221 2173 116 76 der
369 2167 100 98 jeg
495 2171 170 78 mine
705 2169 440 84 Landsmænd
1175 2191 140 84 ret,
1361 2171 110 96 saa
1503 2175 272 106 hverken
1835 2177 180 82 bleve

223 2289 80 78 de
343 2287 194 78 vrede
569 2289 144 76 eller
743 2283 226 98 bange.

345 2525 52 52 „
421 2471 102 90 Er
567 2477 108 80 det
731 2477 128 78 ved
919 2471 330 98 saadanne
1293 2477 526 98 Komplimenter
1859 2501 160 66 man

347 2641 54 50 „
425 2591 250 94 knytter
715 2587 270 88 Baand
1015 2593 270 80 imellem
1317 2609 66 64 to
1419 2593 374 100 Nationer,
1883 2597 136 90 som

347 2755 52 54 „
427 2705 126 80 ikke
587 2705 210 82 kunde
841 2707 164 80 blive
1039 2709 202 94 stærkt
1281 2707 124 82 nok
1433 2705 498 100 forbundne?"

223 2857 148 102 Jeg
433 2877 68 62 er
559 2855 222 99 ganske
829 2857 120 80 lidt
1007 2855 322 96 bekymret
1389 2855 102 100 for
1531 2867 106 74 det
1707 2859 312 106 Baand,

223 2975 138 96 som
427 2973 250 96 knytter
749 2977 124 76 den
935 2969 282 96 Danske
1285 2995 78 74 og
1437 2971 246 100 Norffe
1755 2975 268 88 Nation

221 3087 332 98 sammen,
613 3083 382 100 ligesaalidt
1035 3085 134 90 som
1207 3087 102 98 jeg
1351 3085 246 102 frygter
1641 3087 106 96 for
1785 3091 208 84 Klam-

223 3205 200 82 merte
491 3207 254 76 mellem
809 3203 136 78 min
1017 3199 204 98 høyre
1291 3223 80 72 og
1445 3207 250 92 venstre
1739 3205 282 100 Haand.

223 3316 124 87 Vi
393 3337 238 76 trænge
671 3317 74 78 til
777 3313 388 102 hverandre,
1213 3339 80 74 og
1321 3315 204 96 fælles
1561 3319 282 98 Fordeel
1891 3321 108 100 hol-

225 3439 120 76 der
377 3443 82 70 os
491 3429 462 98 noksammen,
1019 3437 108 74 det
1159 3429 120 100 har
1297 3433 192 94 ingen
1517 3431 220 100 Fare;
1805 3435 220 94 derfor

225 3565 178 68 troer
437 3547 104 100 jeg
583 3565 158 66 vore
779 3549 158 96 mest
979 3565 374 80 aarvaagne
1409 3543 452 90 Statsmænd
1899 3551 126 84 kan

1881 3663 152 96 sove
