3204 4415
359 653 312 97 komme-,
725 658 196 75 denne
963 656 116 80 mit
1125 654 320 84 Arbeides
1489 658 261 101 Frugt,
1805 682 93 61 ere
1931 666 120 75 ved
2081 662 221 82 Guds

362 793 260 99 Forsyn
652 795 374 94 kiendeligen
1056 794 398 102 forbedrede,
1502 799 124 81 ikke
1662 808 208 74 aleene
1912 807 120 75 ved
2066 808 72 72 de
2184 817 94 64 ret-

361 936 238 94 sindige
657 931 474 99 Indbyggeres
1193 934 374 97 foromtalte
1613 941 340 97 tiltagende
2000 939 274 96 God-gie-

360 1071 270 99 renhed,
696 1093 144 59 men
882 1083 202 87 endog
1132 1081 120 74 ved
1294 1077 402 94 ffionsomme
1744 1080 374 100 Forældres
2180 1083 130 94 rige

364 1209 279 98 Gaver,
696 1211 111 95 saa
848 1214 95 95 jeg
978 1217 183 77 indtil
1204 1221 197 75 denne
1438 1216 153 91 Did
1625 1221 76 95 af
1723 1226 118 74 mit
1880 1221 275 82 Arbeide
2189 1223 122 78 ikke

361 1358 211 73 aleene
623 1351 115 100 har
787 1351 139 99 haft
975 1351 273 87 Brødet
1295 1355 101 98 for
1441 1360 131 97 mig
1619 1383 77 73 og
1743 1368 117 72 den
1911 1364 225 92 ralrige
2179 1359 105 100 Fa-

360 1492 211 95 milie,
626 1496 141 76 med
800 1492 239 96 hvilken
1072 1493 188 116 Gud
1298 1497 119 96 har
1452 1503 295 92 velsignet
1778 1503 157 94 mig,
1988 1522 143 58 men
2168 1507 117 72 end-

363 1649 83 75 og
489 1630 139 96 Haft
679 1635 118 75 den
847 1632 188 93 sande
1081 1634 273 99 Glæde,
1433 1638 131 92 som
1619 1640 128 95 hiin
1793 1642 265 96 gierrige
2117 1640 200 97 Ruge

358 1767 244 96 fattes,
654 1783 74 63 at
760 1768 206 78 kunde
996 1773 158 79 deele
1183 1776 117 76 mit
1344 1777 212 83 Brod
1586 1786 142 72 med
1766 1786 116 72 den
1918 1779 400 98 Fattige.—

355 1901 106 87 Er
501 1904 350 102 Sundhed
885 1929 72 58 en
987 1908 78 98 af
1093 1916 76 74 de
1203 1915 214 97 største
1461 1921 270 95 timelige
1775 1918 540 99 Velgjerninger,

358 2044 136 94 især
522 2044 104 97 for
662 2051 118 75 den
822 2046 546 106 Embedsmand,
1422 2056 148 94 hvis
1614 2057 314 84 Arbeider
1972 2079 64 59 er
2074 2062 242 93 idelige,

364 2181 165 97 hvor
566 2183 365 100 uffateerlig
963 2209 74 59 en
1068 2188 443 102 Velgierning
1549 2219 62 56 er
1648 2203 99 73 det
1786 2204 83 73 da
1902 2199 165 93 ikke,
2121 2218 68 59 ar
2222 2201 95 94 jeg

357 2321 25 77 i
413 2322 117 76 mit
579 2321 159 94 heele
785 2322 457 99 Embedstiid,
1307 2330 129 89 faa
1467 2354 235 75 mange
1761 2334 189 97 Aar,
2016 2337 197 93 ikke-sm-
2253 2337 77 100 af

360 2479 81 57 en
472 2462 155 91 svag
660 2457 263 97 Legems
950 2459 507 106 Beskaffenhed,
1514 2477 213 93 aldrig
1768 2496 205 73 nogen
2020 2476 185 101 Dag
2254 2483 67 76 til

363 2593 194 85 Ende
597 2599 286 90 saaledes
921 2609 120 88 har
1081 2620 192 66 været
1305 2618 262 91 nedlagt
1601 2613 71 94 af
1707 2614 357 98 Sygdom,
2121 2636 70 61 at
2223 2619 97 98 jeg

362 2735 72 95 jo
488 2736 120 98 har
670 2737 232 82 kundet
958 2741 258 94 forrette
1256 2751 116 75 mit
1422 2748 432 84 Embede.-—
1922 2755 178 86 Saa
2166 2764 158 91 store

365 2893 100 61 ere
511 2880 74 73 de
619 2875 558 103 Velgjerninger,
1225 2891 98 88 jeg
1359 2888 118 96 har
1511 2895 426 94 oppebaaret,
1989 2893 132 93 som
2159 2890 136 83 Em-

367 3015 411 101 bedsmand;
832 3039 92 60 nu
973 3021 131 90 som
1158 3022 474 100 Medborgere:
1716 3038 238 75 aldeles
2014 3032 308 96 fremmed

368 3175 83 75 og
486 3154 329 82 ubekiendt
862 3156 141 83 kom
1052 3166 97 92 jeg
1196 3163 105 96 her
1354 3168 69 84 til
1466 3166 209 99 Byen
1725 3194 80 74 og
1850 3171 271 100 Egnen;
2175 3191 144 58 men

365 3291 167 97 hvor
575 3296 245 96 naadig
853 3298 119 95 har
1001 3297 317 105 Forsyner
1365 3307 238 94 aabnet
1635 3310 129 92 mig
1803 3306 285 102 Adgang
2135 3314 65 77 til
2247 3317 73 72 de

364 3429 295 99 Høieres
680 3431 289 104 yndest,
1018 3439 69 89 ja
1108 3440 515 105 Fortroelighed,
1680 3452 165 77 mine
1882 3451 183 96 Liges
2106 3453 183 92 oprig-

363 3574 128 96 tige
519 3568 346 102 Venffab,
921 3601 79 74 og
1039 3580 95 102 jeg
1171 3598 104 67 tor
1309 3585 231 98 haabe,
1591 3589 726 99 enhverMedborgeres

1264 3723 86 84 B
1402 3750 48 68 4
2022 3726 192 83 Kier-
