3227 4594
1222 373 59 92 6

2580 113 274 63 !»,«»»«>
2892 126 6 50 I
2936 106 292 89 IllM'M

1481 573 177 89 Ved
1735 575 255 98 blodige
2060 600 82 74 og
2212 576 408 92 voldsomme
2675 581 211 97 Krige
2942 591 118 90 har

1230 689 137 94 som
1414 693 139 90 tiest
1592 687 514 96 Videnskaber-3
2170 688 383 100 Dyrkning
2630 694 227 97 ligesaa
2900 698 131 82 kien-

1233 804 251 90 deligen
1519 802 277 96 ophørt,
1861 802 139 94 sSm
2045 805 307 95 Agerens
2391 828 81 75 og
2515 805 365 103 Jordens;
2957 821 71 73 de-

1228 925 115 68 res
1416 917 211 95 ældste
1706 915 481 104 Hiemstæder,
2268 923 385 95 ZLgypten,
2731 924 326 102 Sag-man;

1233 1029 363 97 Chaldæa,
1683 1031 69 92 ja
1803 1032 441 84 Grækerland
2305 1036 179 95 selv,
2571 1044 169 90 ligne
2805 1043 249 92 derfore

1232 1163 93 60 nu
1370 1152 77 74 de
1490 1141 391 102 ufrugtbare
1936 1147 217 96 Agre,
2222 1149 171 96 hvor
2452 1151 399 102 Sandheds
2894 1167 159 88 gode

1233 1259 197 85 Sæd
1489 1268 245 87 qvæles
1795 1262 81 96 af
1915 1262 495 98 Vildfarelsers
2479 1289 81 77 og
2629 1270 251 99 Lasters
2930 1273 92 96 ska-

1228 1374 204 98 detige
1476 1377 231 84 Ukrud
1748 1399 83 77 og
1874 1378 253 85 Klinte.

43 1541 85 82 W

32 1879 85 75 m

36 1952 83 49 MÅ

37 2001 85 76 M

1446 1607 413 100 Menniffers
1878 1612 323 95 naturlige
2222 1609 475 107 Tilbøjelighed
2716 1619 69 79 kil
2804 1618 243 99 Ladhed

1223 1731 146 76 eller
1397 1722 436 101 Magelighed
1881 1726 488 101 vedligeholder
2415 1730 186 97 stedse
2641 1732 123 95 hos
2789 1734 231 99 Mæng-

1222 1847 128 74 den
1414 1860 76 59 en
1582 1842 185 95 Ulyst
1842 1844 74 78 til
1964 1849 108 76 det
2150 1840 288 98 Arbejde
2486 1847 18 78 i
2564 1844 477 104 Videnskaber-,

1221 1956 206 97 hvilke
1463 1959 370 83 derudover
1877 1954 434 103 formindffes
2345 1968 146 73 eller
2537 1960 337 104 forkortes,
2941 1975 100 78 vel

1216 2068 168 84 altid
1462 2073 74 78 til
1610 2072 272 92 Lættelse
1936 2073 104 96 for
2108 2080 80 75 de
2274 2077 338 101 Lærende;
2686 2103 144 57 men
2904 2083 132 90 som

1213 2187 140 95 tiest
1399 2186 74 83 til
1499 2183 560 102 Sandhedernes
2103 2192 356 97 betydelige
2493 2193 250 103 Forlis.
2869 2198 138 81 Ma-

1208 2302 380 96 geligheden
1644 2301 220 94 anseer
1908 2303 224 97 derfor
2176 2318 190 86 nogle
2395 2308 457 101 Videnskaber
2880 2312 156 100 først

1214 2415 107 94 for
1365 2418 424 99 ligegyldige,
1865 2442 150 59 men
2089 2427 282 90 omsider
2433 2425 106 94 for
2611 2430 290 97 unyttige
2959 2451 74 77 og

1207 2527 423 103 foragtelige,
1696 2531 143 92 faa
1875 2542 75 76 de
2027 2539 230 98 tilsids
2308 2546 250 78 aldeles
2626 2566 186 59 maae
2878 2567 154 74 gaae

1201 2651 232 77 under.
1594 2650 653 103 ZErgiærrigheden,
2316 2664 121 73 den
2474 2657 115 94 faa
2637 2663 396 94 almindelige

1201 2759 471 104 Hoved-Last,
1731 2765 121 98 har
1894 2788 74 77 ey
2015 2771 255 95 siælden
2319 2770 245 97 forført
2616 2798 234 76 mange
2901 2785 103 72 lær-

1204 2881 79 76 de
1326 2878 291 98 Mænd,
1676 2897 71 64 at
1814 2883 345 97 misbruge
2204 2885 367 104 Vittighed
2625 2915 78 74 og
2748 2893 281 83 Lærdom

1197 2995 79 78 ril
1325 2990 485 102 Sandhedens
1865 2996 475 100 Nedbrydelse.
2545 3008 143 98 Jeg
2747 3029 281 77 maarre,

1198 3096 533 113 Højstærede!
1824 3114 345 96 misbruge
2246 3123 191 77 deres
2498 3121 525 100 Taalmodighed

1195 3227 129 77 ved
1351 3242 71 62 at
1457 3245 283 77 opregne
1769 3231 81 75 de
1881 3224 125 101 fast
2031 3235 265 94 utallige
2327 3235 327 101 tilfældige
2677 3237 345 101 Aarsager,

1190 3335 139 92 som
1362 3340 169 96 have
1564 3348 147 74 eller
1740 3341 211 84 kunde
1986 3343 169 98 have
2182 3354 323 95 anlediget
2536 3354 457 94 Videnffaber-

1191 3461 123 70 nes
1343 3450 155 90 Tab
1533 3475 79 75 og
1647 3458 421 98 Undergang.
2209 3461 173 103 Hvo
2417 3471 179 96 ffulle
2641 3468 167 101 have
2867 3490 123 59 ven-

1188 3577 115 91 ter,
1370 3582 71 68 at
1462 3565 207 94 Taler
1684 3571 307 103 Konsten
2028 3573 149 110 selv,
2236 3603 177 63 naar
2468 3593 123 76 den
2652 3587 115 80 udi
2818 3586 173 85 Græ-

2883 3700 131 83 ker-
