3287 4542
172 1619 23 53 I
248 1620 42 59 '!

81 3359 24 30 '
136 3335 60 63 il

922 683 103 69 Det
1054 673 131 92 rose
1222 676 89 94 sig
1340 671 75 95 af
1430 678 21 90 )
1494 676 127 91 dog
1648 671 119 99 har
1800 679 103 73 det
1946 673 277 97 naadige
2266 671 257 101 Forsyn
2572 677 301 101 kiendelig

921 811 275 96 forsødet
1235 810 289 96 Sorgen
1574 832 148 58 over
1769 816 73 75 de
1889 811 147 97 faae
2078 816 438 95 vanflegrede,
2600 822 142 75 med
2800 825 76 76 de

925 969 272 74 mange,
1251 950 98 91 jeg
1379 949 118 97 har
1529 967 70 60 at
1627 949 284 97 fremvise
1949 950 132 92 som
2113 954 134 76 min
2277 953 236 82 Glæde
2563 977 82 77 og
2684 959 172 79 Ære-

927 1068 290 98 Allerede
928 1088 290 80 Allerede
1260 1086 102 93 for
1416 1094 196 89 længe
1650 1090 170 94 siden
1852 1087 120 94 seer
2002 1090 97 97 jeg
2136 1098 142 73 med
2322 1091 306 99 Hierrets
2676 1098 176 79 inder-

927 1228 117 90 lige
1075 1223 236 84 Glæde
1339 1245 73 59 en
1441 1230 127 92 stor
1601 1223 185 87 Deel
1813 1225 75 96 af
1917 1234 167 89 dem,
2137 1232 97 94 jeg
2273 1237 117 75 ved
2431 1230 221 85 Guds
2681 1231 176 84 Naa-

921 1368 78 73 de
1028 1362 119 99 har
1178 1362 259 100 ansort,
1492 1381 71 62 ar
1604 1372 195 74 tælles
1844 1367 253 80 iblandt
2148 1368 293 82 Kirkens
2484 1376 243 94 duelige
2758 1375 97 82 Læ-

925 1522 133 60 rere
1080 1553 22 42 ,
1157 1497 311 87 Statens
1521 1500 513 85 Embedsmænd
2087 1527 79 75 og
2215 1502 423 90 Akademiers
2677 1513 175 94 ansee-

928 1644 171 95 ligste
1126 1641 329 96 Borgere.
1558 1641 101 97 Af
1708 1648 119 75 alle
1864 1649 177 94 dem,
2096 1651 185 93 langt
2313 1667 150 63 over
2501 1677 166 73 ioo,
2716 1652 101 99 jeg
2864 1656 21 80 i

926 1782 138 78 min
1111 1779 157 98 heele
1313 1779 415 84 Embedstiid
1777 1781 201 96 haver
2029 1783 281 96 forsendt
2356 1790 72 78 til
2477 1786 405 102 Akademier,

927 1920 122 94 har
1085 1917 124 82 ikke
1233 1938 108 60 een
1379 1922 224 95 eeneste
1635 1920 384 92 bessiemmet
2065 1938 180 64 enten
2277 1929 88 92 sig
2395 1924 120 94 selv
2547 1933 140 77 eller
2719 1933 162 95 mig,

930 2076 148 60 men
1126 2058 288 80 derimod
1470 2062 120 78 den
1630 2061 216 94 største
1884 2057 186 85 Deel
2106 2062 257 97 virkelig
2412 2064 320 99 befordrer
2780 2075 74 75 de-

925 2202 111 72 res
1073 2213 193 76 egen,
1317 2197 135 79 min
1503 2216 81 75 og
1627 2195 315 83 Skolens
1979 2200 209 79 ALre:
2269 2201 239 84 Deres
2555 2212 207 93 endog
2813 2211 75 81 til

926 2336 203 78 denne
1172 2330 187 97 Dag
1402 2338 403 76 vedvarende
1850 2333 373 98 Kierlighed
2274 2359 81 76 og
2394 2340 491 105 Fortroelighed

927 2490 67 60 er
1029 2473 131 95 mig
1185 2490 105 60 een
1321 2467 75 98 af
1429 2476 73 74 de
1537 2471 229 99 sødeste
1813 2469 483 103 Belønninger.
2401 2478 131 87 De
2567 2488 183 90 mees
2783 2505 77 63 rø-

930 2613 193 77 rende
1148 2607 237 85 Breve
1416 2608 105 94 fra
1552 2629 91 61 nu
1676 2608 123 96 selv
1840 2614 243 95 duelige
2116 2613 283 101 Mænd,
2456 2626 111 75 der
2605 2624 286 82 vedblive

929 2762 73 64 at
1033 2766 121 59 Ere
1188 2768 80 76 og
1298 2747 176 91 ansee
1506 2751 170 93 mig,
1731 2746 133 95 som
1912 2756 184 77 deres
2147 2756 351 97 Ungdoms
2546 2777 138 65 troe
2714 2762 152 85 Lede-

929 2904 106 74 re,
1099 2885 72 94 ja
1207 2884 136 94 som
1387 2883 264 103 Fader,
1717 2886 122 96 har
1887 2892 166 81 midt
2109 2900 208 77 under
2359 2901 76 79 de
2479 2903 176 95 sidste
2699 2900 194 87 Aars

932 3022 682 102 Moisommeligheder
1650 3043 194 64 været
1880 3032 133 93 mig
2044 3033 140 77 ^en
2240 3040 274 94 gladeste
2568 3037 291 99 Opmun-

931 3166 196 89 tring.
1153 3203 100 17 —
1327 3163 311 100 Foruden
1673 3170 199 75 denne
1899 3166 219 99 Frugt
2149 3170 77 98 af
2249 3173 119 81 mit
2397 3172 301 106 Arbeide,
2751 3183 133 94 som

928 3302 123 75 den
1086 3299 253 96 største,
1394 3301 121 97 har
1562 3303 97 97 jeg
1706 3305 239 94 eiheller
1996 3304 217 95 savnet
2256 3315 207 81 andre
2508 3317 345 86 Belønnin-

929 3452 145 78 ger:
1125 3433 323 101 Anseelige
1505 3438 379 101 Forældres
1929 3442 531 110 Fortroelighed,
2513 3457 19 80 i
2561 3474 71 64 at
2671 3458 215 82 betroe

928 3574 133 95 mig
1092 3577 183 76 deres
1308 3571 253 98 Børn,
1616 3577 121 99 har
1766 3589 99 74 vel
1892 3584 157 79 altid
2084 3583 251 104 forøget
2371 3594 168 81 mine
2574 3595 309 97 Byrder,

928 3728 144 64 men
1116 3712 192 97 tillige
1353 3702 275 99 forsødet
1669 3718 143 83 dem
1836 3745 14 54 :
1906 3726 206 95 endog
2154 3728 168 83 mine
2364 3728 518 97 Embeds-Jnd-

2607 3870 174 82 kom-
