3287 4594
1475 583 136 93 De
1671 591 376 88 allerældste
2101 591 150 75 eller
2325 590 216 92 gamle
2607 584 459 98 Videnskaber

1223 707 169 96 have
1427 701 127 95 ofte
1591 706 19 74 i
1655 706 123 76 den
1795 698 403 99 fordærvede
2217 698 297 84 Verden
2535 701 238 92 samme
2793 699 249 95 Skind-

1220 842 117 73 rle,
1400 815 140 92 sdm
1588 820 212 92 gamle
1844 817 286 96 Mænd,
2192 822 114 74 der
2354 814 340 99 foragres,
2774 838 183 61 naar
2988 826 76 78 de

1218 955 72 72 en
1334 933 172 78 kand
1538 930 220 92 udvise
1792 952 124 75 nye
1952 931 320 96 Styrke,
2342 936 150 76 eller
2535 953 72 71 en
2654 933 148 78 ville
2844 932 188 94 foran-

1218 1053 115 74 dre
1370 1043 385 97 Tænke«og
1790 1045 603 100 Handle-Maade
2442 1042 157 99 efter
2648 1053 121 72 alle
2808 1052 225 94 ligegyl-

1217 1165 144 92 dige
1399 1183 82 75 og
1521 1160 126 82 ikke
1695 1164 256 94 siælden
1978 1162 309 95 Gade-lige
2319 1184 124 74 nye
2473 1160 278 83 Moder.
2879 1162 180 92 Den

1217 1273 352 96 medfødde
1589 1276 514 97 Begiærlighed
2143 1274 158 96 efter
2331 1282 104 74 det
2465 1298 124 75 nye
2623 1301 80 72 og
2725 1277 302 92 usædvan-

1213 1395 121 92 lige
1367 1389 323 95 forfalder
1721 1392 111 88 saa
1869 1393 337 92 lætteligen
2243 1394 71 76 til
2363 1398 123 74 den
2517 1393 313 96 taabelige
2863 1392 161 102 Nys-

1212 1505 350 100 giærighed
1622 1510 20 76 i
1710 1505 500 97 Videnskaber,
2284 1522 70 64 at
2396 1515 202 90 vælge
2644 1515 92 74 alt
2782 1530 116 78 nyt
2972 1534 78 76 og

1210 1643 204 74 vrage
1470 1627 104 73 det
1616 1628 214 88 gamle
1876 1627 176 74 uden
2100 1620 300 98 nøjagtig
2446 1622 340 101 Prøvelse.
2928 1628 124 96 Og

1212 1739 171 98 hvor
1416 1733 291 96 forledes
1740 1750 75 83 ey
1850 1741 241 76 derved
2128 1741 123 77 den
2284 1740 359 97 ærgierrige
2678 1763 77 72 og
2782 1744 265 98 flygtige

1205 1853 288 100 Indsigt
1523 1856 18 76 i
1577 1852 468 99 Videnskaber
2093 1853 72 80 til
2219 1874 76 58 en
2343 1848 232 105 Afvej,
2643 1855 132 92 som
2821 1855 200 95 forvil-

1211 1975 162 76 dede
1407 1967 304 99 Athenen
1739 1966 164 99 selv,
1969 1975 206 74 allene
2205 1986 70 62 at
2313 1970 292 96 bekymre
2639 1975 86 94 sig
2753 1995 108 57 om
2891 1980 150 92 det,

1205 2085 137 98 som
1381 2103 65 60 er
1481 2102 141 78 nyt,
1687 2104 81 76 og
1803 2088 241 77 derved
2081 2091 271 92 glemme
2383 2090 105 77 det
2513 2089 329 95 vigtigere,
2893 2096 117 74 alle-

1204 2223 84 60 ne
1316 2197 174 98 fordi
1528 2206 108 74 det
1672 2220 64 60 er
1770 2205 336 89 gammelt.
2260 2198 450 103 Vittigheden
2746 2206 266 78 misbru-

1202 2327 122 86 ges
1362 2323 274 74 derover
1662 2316 72 80 til
1770 2320 78 74 de
1882 2317 260 94 dristige
2178 2316 298 100 Forsøg,
2542 2337 72 62 at
2658 2321 242 92 udgive
2946 2326 94 78 alt

1202 2431 109 96 for
1372 2432 293 96 virkeligt
1724 2432 415 99 tilværende,
2208 2432 133 92 som
2384 2434 121 80 kan
2546 2433 373 94 fremsættes
2960 2458 77 74 og

1199 2553 386 90 udpyntes,
1651 2546 136 94 som
1831 2545 396 99 sandsynligt
2273 2572 82 74 og
2417 2550 322 97 rimeligt;
2843 2556 68 88 ja
2961 2558 76 74 de

1195 2683 128 72 nye
1359 2661 408 95 Meningers
1821 2663 198 80 blotte
2053 2663 472 99 Mueligheder
2557 2665 142 94 føre
2731 2689 70 70 ey
2837 2674 198 74 allene

1195 2775 229 86 Strid
1481 2782 175 92 med,
1725 2796 147 61 men
1935 2779 93 80 vil
2087 2784 211 92 endog
2369 2780 261 100 erholde
2713 2779 315 99 Seyeren

1194 2911 160 64 over
1402 2890 414 102 Tilværelsen
1864 2889 82 102 af
1984 2897 78 82 de
2088 2898 212 98 ældste
2360 2902 152 81 eller
2558 2899 178 94 evige
2778 2897 222 89 Sand-

1188 3009 220 102 heder.

1441 3237 616 102 Egennyttigheden
2143 3235 344 99 forklæder
2579 3243 126 96 ofte
2811 3248 210 92 gamle

1187 3353 426 98 Sandheder
1639 3360 148 76 med
1809 3377 78 58 en
1909 3375 122 76 nye
2057 3349 284 107 Dragt,
2409 3356 108 98 for
2549 3369 198 72 allene
2781 3376 70 63 at
2903 3360 88 98 hø-

1183 3469 107 82 kre
1332 3475 148 74 med
1545 3468 487 99 Videnskaber,
2104 3491 118 79 og,
2293 3474 259 96 ligesom
2599 3474 391 96 Qvaksalve-

1182 3585 120 86 ciet
1330 3583 24 82 i
1398 3581 176 101 Læge
1602 3582 336 109 Kunsten,
2002 3587 278 100 udgiver
2300 3586 108 106 for
2438 3597 238 96 vigtige
2706 3611 122 80 nye
2858 3590 126 98 Op-

2796 3711 222 95 dagel-
