3225 4454
659 295 60 98 F
753 323 36 54 o
825 323 32 52 r
891 327 30 50 e
957 307 86 70 ri
1077 323 40 54 n
1155 307 102 70 dr
1293 307 100 70 in
1429 323 66 76 g.

1859 315 62 90 7

425 515 198 86 Man
655 533 184 80 taget*
871 517 124 82 ikke
1027 515 174 102 ftyl,
1257 539 106 62 om
1405 541 160 60 man
1601 535 198 82 troer,
1845 535 74 66 at

227 615 522 110 Gvedenborg
791 619 108 96 fra
943 627 122 74 den
1117 617 162 92 Tiid
1311 619 110 98 af,
1491 631 88 70 da
1631 621 132 96 han
1813 623 72 80 be-

225 725 246 92 gyndte
511 733 76 66 at
637 719 208 96 bygge
905 721 128 104 sine
1077 715 272 96 Tanker
1413 741 140 76 paa
1597 723 96 96 sin
1759 743 156 74 egen

223 813 290 102 Grund,
553 817 122 98 har
709 817 142 100 haft
895 839 76 62 en
1015 821 130 96 stor
1179 819 274 98 Længsel
1507 821 154 96 efter
1695 839 72 66 at
1799 843 80 74 op-

221 919 122 90 løse
379 925 76 70 de
505 921 188 94 meest
741 918 215 98 skimte
985 919 234 100 Ting,
1281 943 80 72 og
1411 937 72 64 at
1521 921 132 98 han
1687 929 88 72 da
1819 927 96 74 alt

219 1017 122 98 har
373 1025 312 90 udtegnet
723 1021 98 92 sig
851 1027 122 74 den
1013 1017 216 102 Vey,
1281 1021 304 98 hvorpaa
1621 1023 134 96 han
1793 1021 124 98 har

215 1117 196 82 tænkt
463 1133 74 68 at
583 1139 172 58 naae
801 1121 76 92 sit
911 1119 406 100 Øyemærke.
1423 1121 176 98 Han
1653 1121 226 94 betrag-

211 1225 140 76 tede
395 1223 126 76 den
553 1219 162 94 store
733 1217 338 90 Verdens
1089 1219 372 102 Bygning,
1497 1221 180 96 faae,
1713 1219 172 96 hvor-

215 1323 182 78 ledes
423 1317 236 96 Alting
703 1339 118 60 ten
853 1323 110 76 vis
979 1319 244 86 Orden
1261 1343 78 72 og
1377 1323 156 92 efter
1567 1319 148 100 visse
1742 1318 169 88 Love

209 1419 310 96 regieres,
563 1439 80 74 og
673 1437 134 76 gav
845 1419 132 94 især
1011 1419 148 98 Agt
1176 1420 422 97 paa-Delene
1331 1421 268 90 Delene
1633 1419 82 98 af
1737 1429 174 74 dette

213 1521 164 98 store
413 1517 348 98 Gandste,
787 1517 136 94 som
955 1525 180 76 lader
1171 1525 90 94 sig
1297 1521 456 96 mathematiee
1783 1541 96 58 un-

209 1617 280 96 dersøge.
595 1617 274 104 Herved
919 1619 150 82 kom
1117 1621 134 98 han
1283 1643 136 74 paa
1451 1631 124 72 den
1603 1619 278 100 Forestil-

213 1719 176 94 ling,
435 1733 74 66 at
561 1721 124 74 den
717 1717 194 94 alvise
959 1719 322 84 Skabere
1343 1721 210 96 havde
1599 1721 310 80 indrettet

211 1807 264 106 Alting,
509 1825 210 88 endog
763 1827 82 74 de
883 1819 302 104 ffiulteste
1225 1819 220 98 Dele,
1485 1827 146 76 med
1675 1817 228 84 envis

207 1915 370 96 mdbyrdes
594 1914 739 103 Overeenssemmelse-·
1377 1941 86 72 og
1491 1929 206 70 denne
1725 1915 178 96 søgte

209 2013 136 98 han
391 2013 138 94 som
569 2037 78 60 en
685 2015 542 98 Mathematicus
1283 2041 90 72 og
1411 2015 490 100 Raturkyndig

211 2097 110 110 fra
357 2119 104 74 det
491 2111 286 84 Mindre
817 2119 70 76 til
923 2125 108 74 det
1059 2117 274 86 Større
1365 2137 70 62 at
1465 2115 234 98 opløse.
1755 2111 116 88 En-

211 2209 172 92 delig
419 2209 254 94 opførte
705 2213 140 94 han
873 2231 60 60 et
973 2217 158 96 heelt
1161 2215 376 96 Systema,
1589 2215 136 90 fom
1765 2213 138 94 han

211 2317 336 92 grundede
577 2331 136 72 paa
745 2331 76 58 en
851 2315 112 76 vis
993 2313 598 96 Mechanismum,
1651 2331 86 74 og
1777 2329 100 62 un-

211 2411 380 92 derstøttede
637 2417 148 74 med
835 2407 272 100 Logæa,
1159 2429 58 66 et
1255 2409 364 100 Systema,
1671 2407 134 92 som
1837 2425 66 62 er

207 2505 118 96 faa
355 2507 284 92 alvorlig
659 2505 412 102 sammensat,
1113 2529 72 62 at
1215 2519 104 72 det
1349 2511 22 78 i
1407 2503 318 100 adffillige
1745 2505 124 86 Be-

213 2607 420 94 tragtninger
665 2605 128 80 kan
829 2605 126 98 hos
995 2617 76 70 de
1103 2607 214 86 Lærde
1351 2607 288 96 opvække
1671 2625 228 74 megen

211 2705 414 94 Eftertanke,
657 2715 208 70 andre
895 2707 182 94 giore
1115 2709 130 94 best
1291 2707 20 78 i
1343 2727 70 58 at
1447 2707 170 82 blive
1653 2703 248 96 derfra.

209 2803 198 96 Efter
441 2813 166 70 dette
641 2801 340 98 Systema
1015 2805 356 96 forklarede
1405 2805 134 98 han
1559 2809 118 92 alt,
1717 2803 180 96 hvad

203 2903 138 92 som
371 2903 214 80 kunde
613 2905 146 96 give
777 2903 384 102 Anledning
1175 2909 72 78 til
1265 2903 400 96 Eftertanke.
1719 2901 178 82 Men

205 3003 138 96 han
375 3003 106 98 gik
515 3009 222 74 endnu
763 3007 236 80 videre.
1101 3011 176 90 Han
1297 3005 170 82 vilde
1495 3001 218 94 forene
1731 3005 168 78 dette

203 3101 348 98 Systema
601 3111 146 72 med
789 3111 124 74 den
953 3103 294 84 Lærdom
1295 3125 110 62 om
1441 3097 456 102 Saligheden,

201 3223 84 74 og
321 3201 422 96 beskæftigede
775 3203 96 98 sig
901 3207 408 94 mestendeels
1343 3211 286 84 dermed,
1667 3197 232 96 efterat

205 3301 142 94 han
377 3301 212 98 havde
623 3303 268 92 udgivet
925 3305 130 94 sine
1088 3300 455 100 philosophiske
1575 3321 86 74 og
1692 3299 172 78 mine-

201 3400 307 99 ralogiske
539 3397 318 92 Værker.
957 3401 150 98 Fra
1139 3403 148 86 Aar
1327 3405 186 92 1736
1545 3401 194 94 reyste
1757 3397 136 94 han

895 3499 168 98 A4
1503 3511 38 72 8
1585 3499 204 86 Gan-
