3214 4594
1087 389 134 108 m

1963 405 102 72 11

243 599 292 96 lykkeligt
583 591 254 94 Udfald
895 589 180 106 have'
1135 613 74 76 ey
1277 591 156 100 disse
1501 591 350 98 Stiftelser
1913 597 162 94 havt

241 711 106 94 for
387 711 128 98 hele
561 705 338 102 Europa?
963 709 182 84 Saa
1185 707 178 94 snart
1403 709 150 98 disse
1579 709 200 100 Høje
1813 711 266 86 Skoler

243 829 86 92 fik
381 825 254 94 duelige
685 827 290 96 Mænd,
1051 825 20 80 i
1119 825 114 94 sær
1285 829 114 90 de,
1469 823 136 94 som
1669 847 78 58 en
1801 827 274 102 sørgelig

239 931 334 116 Skjæbne
607 945 152 74 drev
787 943 120 80 udi
931 937 542 102 Landflygtighed
1507 935 368 104 formedelst
1905 943 148 100 Tyr-

243 1059 236 78 kernes
531 1053 410 100 Erobringer
977 1057 118 78 udi
1123 1053 260 100 Østen,
1451 1055 140 90 blev
1625 1061 126 78 den
1791 1057 110 94 fas
1945 1059 106 96 for-

245 1179 228 72 nødne
512 1168 367 110 Kundskab
923 1175 20 78 i
983 1177 80 76 de
1107 1177 196 76 lærde
1351 1169 308 100 Sprog,
1749 1171 136 94 som
1951 1195 126 62 var

245 1285 320 98 forfvmt,
639 1287 70 92 ja
779 1291 238 94 næsten
1077 1289 182 94 tabt,
1341 1309 70 68 ey
1465 1295 204 72 allene
1725 1289 350 98 indbragt,

247 1425 148 58 men
430 1400 546 98 Videnskaberne
1009 1425 80 74 og
1129 1409 238 76 derved
1397 1403 270 96 tilbragt
1717 1425 76 58 en
1841 1403 234 96 ligesaa

249 1519 252 100 hastig,
569 1517 136 92 som
733 1518 308 93 kiende-lig
1076 1516 299 97 Tilvæxt

501 1631 562 98 Bogtrykkeriets
1113 1631 388 100 Opfindelse
1563 1655 84 78 og
1727 1641 120 76 den
1922 1632 123 88 Be-

249 1749 568 96 avemmelighed,
899 1757 124 72 ved
1069 1755 192 74 lærde
1319 1747 332 90 Tidender
1717 1773 82 74 og
1861 1749 188 100 Dag-

249 1863 254 98 Bøger
535 1865 284 96 hastigen
855 1881 70 62 at
951 1869 418 76 underrettes
1405 1883 110 58 om
1565 1871 74 76 de
1679 1867 368 98 Forbedrin-

249 2001 114 76 ger
405 1987 154 74 eller
595 1977 456 98 Opdagelser,
1113 1981 132 90 som
1307 1979 468 96 Videnffaber
1825 1983 254 96 beriges

253 2101 174 90 med,
463 2091 252 94 foreene
751 2101 122 72 den
907 2099 190 74 lærde
1131 2093 312 86 Verden.
1577 2090 279 103 Adskilte
1889 2099 164 88 Sta-

255 2221 140 68 ters
437 2231 78 70 og
561 2211 278 92 poliriffe
871 2209 424 96 Sæ'.ffabers
1339 2211 286 80 Lemmer
1667 2213 172 78 kand
1887 2213 164 94 saale-

257 2329 124 74 des
413 2329 144 74 med
593 2345 74 56 en
697 2323 366 94 sælffabelig
1101 2323 154 98 Flid
1295 2347 78 70 og
1407 2323 518 98 Stræbsomhed
1971 2329 80 78 tie-

253 2461 84 56 ne
371 2435 560 96 Videnffaberne.
1049 2435 310 96 Europa,
1427 2443 124 74 den
1581 2439 298 96 mindste,
1935 2463 150 62 mm

259 2551 372 96 formedelst
665 2551 318 94 Religion
1021 2573 80 72 og
1135 2548 464 96 Videnskaber
1629 2557 454 98 allervigtigste

257 2665 198 86 Deel
497 2665 78 92 af
595 2663 566 102 Jord-Kloden,
1229 2665 122 98 har
1395 2671 128 90 dog
1571 2669 166 78 midt
1773 2671 18 78 i
1835 2673 128 94 sine
2007 2695 44 58 u-

261 2783 346 96 ophorlige
645 2803 80 74 og
779 2781 342 96 ulyksalige
1159 2777 494 100 Stridigheder
1693 2783 264 82 bevaret
2003 2811 78 58 en

259 2903 182 96 flags
473 2895 340 96 Eenighed
849 2899 18 76 i
903 2913 66 64 at
1001 2895 224 98 paafee
1243 2893 580 96 Videnskabernes
1841 2899 238 86 Gavn.

259 3011 182 84 Ved
475 3019 124 74 den
629 3009 400 100 sælffabelige
1047 3011 278 96 Omhue
1353 3031 136 74 paa
1523 3015 76 74 de
1645 3011 190 100 Høje
1881 3015 168 84 Sko-

257 3135 94 74 ler
385 3127 166 98 have
578 3124 544 96 Videnskaberne
1161 3131 190 92 steger
1387 3129 368 92 trappeviis
1789 3125 102 98 fra
1915 3131 168 84 Carl

257 3249 128 76 den
417 3241 282 84 Stores
749 3237 168 100 Tid,
977 3245 190 78 indtil
1207 3249 78 74 de
1321 3243 116 78 udi
1465 3243 184 96 sidste
1695 3265 78 72 og
1815 3267 238 60 nærvæ-

255 3363 202 76 rende
507 3357 448 98 Aarhundred
1003 3357 190 96 synes
1245 3373 70 62 at
1377 3359 166 94 have
1597 3375 198 62 naaet
1843 3361 234 98 højeste

259 3473 304 96 Spidse;
623 3495 148 56 men
799 3471 126 98 just
957 3473 218 88 derfor
1209 3471 290 100 behøver
1527 3477 190 78 deres
1755 3471 296 104 Vedlige-

253 3587 278 104 holdelse
569 3609 74 62 en
676 3584 227 106 nei-ere
941 3585 244 100 Tilsyn.

1945 3703 136 92 De
