3124 4501
209 598 228 96 restille
469 599 92 98 sig
597 607 90 73 da
719 620 78 60 en
827 599 276 98 myndig
1143 598 426 102 Forpagter,
1623 608 114 74 der
1767 607 66 74 al-

213 726 90 80 tid
337 724 126 101 har
493 737 124 72 den
647 726 194 100 Lykke
875 745 74 62 ar
983 726 148 97 spise
1165 728 128 100 hos
1325 729 403 99 Herffaber,
1781 750 80 57 en

212 852 400 100 Nidefoget,
636 854 134 96 som
790 855 446 99 fuldkommen
1262 856 124 96 har
1418 859 78 96 sit
1514 856 344 98 Herskabs

208 980 237 88 Villie
488 987 25 76 i
552 987 99 96 sin
696 984 313 97 Lomme,
1054 1003 79 59 en
1168 982 227 95 Degn
1442 991 113 72 der
1608 984 123 98 har
1764 1005 63 58 er-

211 1112 282 98 hverved
529 1115 92 98 sig
655 1110 238 98 ligesaa
925 1113 160 94 stoer
1117 1108 258 99 Pndest
1413 1111 22 78 i
1469 1111 354 97 Meenighe-

207 1248 125 72 den
381 1247 127 72 ved
553 1243 101 93 sin
695 1238 233 97 Sang
945 1289 21 36 ,
1019 1237 135 96 som
1203 1246 125 71 ved
1365 1241 97 94 sin
1495 1236 330 97 Selskabe-

206 1366 213 99 lighed
488 1367 236 80 blandt
784 1376 124 70 den
952 1386 294 75 gerneene
1298 1366 286 96 Mand,
1642 1386 80 76 og
1776 1387 78 58 en

202 1494 271 99 Skytte
500 1495 141 94 som
674 1496 255 78 kiender
960 1492 863 86 alleVildbanernesKrin-

201 1624 378 97 kelkraage,
651 1642 82 76 og
801 1642 68 59 er
937 1641 78 58 en
1083 1618 254 100 Mester
1393 1621 18 78 i
1479 1637 72 64 at
1621 1620 232 96 afrette

199 1749 509 100 Skyde-Heste.
815 1746 145 83 Alle
1001 1751 193 75 lærde
1239 1747 207 99 Folk,
1499 1747 157 98 hver
1697 1750 21 76 i
1751 1750 99 94 sin

196 1878 274 97 Kreds,
504 1879 178 98 hvad
720 1895 192 59 maae
940 1879 76 74 de
1046 1872 126 80 ikke
1208 1892 192 77 være,
1436 1895 172 60 naar
1638 1882 76 72 de
1750 1893 100 61 ere

194 2006 419 100 forsamlede!
666 2002 253 99 Disse,
973 2003 140 78 min
1144 2000 265 100 Herre,
1462 2023 64 57 er

339 2138 20 76 i
395 2135 140 80 min
569 2131 200 99 Egn,
809 2130 134 94 som
967 2137 146 72 med
1149 2130 192 94 ingen
1381 2129 210 100 ueffen
1625 2128 188 84 Snil-

194 2266 122 98 hed
356 2262 378 81 bedømmer
764 2257 318 96 Skrifter
1118 2266 250 72 mellem
1406 2261 92 94 sig
1532 2257 166 95 selv,
1730 2264 112 72 der

192 2414 100 60 ere
330 2391 294 94 udgivne
670 2384 108 96 fra
806 2384 520 97 Hovedstadens
1364 2389 190 74 lærde
1586 2380 226 86 Værk-

189 2524 268 94 stæder;
533 2522 198 92 ogsaa
785 2512 612 111 Morpwrmde,
1469 2513 124 100 har
1645 2523 196 67 været

187 2658 216 72 under
451 2655 188 72 deres
689 2648 511 102 Bedømmelse,
1271 2672 79 75 og
1409 2657 106 70 det
1559 2658 66 64 er
1675 2648 164 72 dette

186 2778 100 94 jeg
320 2777 94 79 vil
454 2775 270 100 fortælle
756 2786 166 72 dem.

2967 638 22 28 *

383 3001 434 101 Ridefogden
855 3001 214 96 havde
1119 3004 212 97 nyelig
1373 3019 198 66 været
1605 3000 18 80 i
1657 2996 148 83 Kie-

186 3131 351 99 benhavn,
593 3139 90 71 da
735 3128 312 99 Skriftet
1099 3150 126 60 var
1277 3131 421 95 udkommet,
1751 3144 83 75 og

184 3262 232 96 bragte
446 3271 106 70 det
588 3258 170 100 hiem
788 3265 148 74 med

178 3386 217 100 Ideer
444 3389 217 102 havde
712 3388 137 100 han
898 3395 103 74 vel
