3369 4594
131 1795 214 111 i’il
413 1811 14 60 1

1371 558 190 93 Mid
1609 563 114 99 da,
1763 560 104 100 jeg
1921 564 190 101 ingen
2139 564 253 100 Dansk
2469 570 74 80 til
2569 568 174 99 Jar!
2783 573 18 76 i
2855 571 206 99 Riget

2255 683 239 97 sætter,

1376 796 110 87 En
1518 806 274 87 gammel
1828 796 454 85 Nordmands
2316 796 210 100 Søn,
2556 814 164 81 troe,
2754 797 126 82 kiek
2952 832 26 38 -

1262 912 368 100 Hensigten
1670 910 76 96 af
1774 912 146 98 disse
1964 912 186 95 Ord,
2218 911 124 94 seer
2400 914 300 96 eenhver.
2770 903 292 93 Einers

1264 1026 187 82 Søn
1488 1027 205 94 ffulde
1740 1028 165 80 blive
1948 1028 169 97 Jarl
2172 1045 155 61 over
2360 1016 567 105 Dannemark,
2982 1052 75 74 og

1263 1144 174 80 dette
1475 1141 214 96 Haab
1739 1148 276 74 overtale
2059 1143 304 98 Faderen
2395 1146 70 76 ril
2489 1142 198 99 Krig.
2815 1141 248 100 Havde

1263 1245 376 107 Harrald
1685 1256 124 78 ikke
1849 1270 168 67 troet
2063 1277 106 58 om
2211 1261 76 76 de
2335 1252 421 108 Danske-at
2687 1273 70 64 at
2791 1263 78 74 de
2909 1277 154 61 vare

1260 1370 236 97 klekke,
1576 1378 250 72 vovede
1876 1372 130 98 han
2058 1371 130 80 kun
2256 1373 122 79 lidt
2422 1378 170 86 ved,
2652 1391 70 60 at
2774 1371 162 92 sætte
2988 1394 74 58 en

1260 1473 248 106 Dansk
1536 1475 65 89 iil
1638 1483 188 99 Jarl.
1942 1484 176 83 Men
2164 1477 300 94 Svend
2496 1473 382 110 Eftndsm
2914 1487 124 97 hav-

1266 1604 81 76 de
1406 1607 135 72 lært
1580 1589 399 110 Harrald,
2039 1588 76 108 en
2168 1603 109 76 der
2330 1600 127 82 ikke
2536 1620 123 61 var
2730 1604 333 94 raadeligt.

1265 1714 154 84 Om
1463 1719 122 74 end
1617 1701 372 111 Harrald
2021 1713 212 100 havde
2275 1713 136 99 sagt
2443 1720 132 92 det,
2629 1715 136 94 som
2797 1717 130 96 han
2959 1714 108 100 her

1265 1830 216 96 havde
1525 1827 374 95 Anledning
1951 1830 74 81 til
2085 1845 72 64 at
2221 1825 160 102 sige,
2449 1844 72 64 at
2591 1820 300 99 Svend
2945 1850 124 60 var

1267 1949 277 90 troløs,
1629 1941 209 98 havde
1885 1942 131 98 han
2087 1947 215 78 endda
2365 1944 123 78 ikke
2551 1942 375 96 fornærmet
2991 1950 79 74 de

1264 2053 305 109 Danske
1714 2054 308 100 Eenhver
2084 2059 178 96 ærlig
2328 2056 218 98 Norff
2614 2060 22 79 i
2718 2051 352 96 Svends

1266 2168 224 84 Sræd
1540 2171 212 94 havde
1794 2174 174 92 giort
2010 2177 104 76 det
2152 2169 238 96 samme
2432 2194 134 74 paa
2594 2194 78 61 en
2714 2171 202 100 Bid,
2982 2178 88 76 da

1264 2282 157 99 disse
1460 2283 257 96 Rigers
1768 2284 369 100 Foreening
2169 2303 126 62 var
2340 2284 109 94 saa
2486 2288 125 78 ilde
2640 2287 309 99 befæster,
2999 2302 70 66 at

1267 2404 84 74 de
1387 2417 206 62 meere
1657 2415 158 63 vare
1855 2412 198 67 vante
2105 2399 76 80 til
2241 2413 74 65 at
2373 2418 172 62 være
2589 2400 286 101 Fiender
2945 2406 120 78 end

1267 2512 320 84 Menner.
1867 2510 360 88 Desuden
2331 2514 218 82 kalder
2661 2539 76 58 en
2827 2515 240 99 Konge

1266 2632 114 78 det
1466 2625 314 100 Utroskab
1878 2624 128 100 hos
2114 2631 98 96 sin
2280 2634 504 93 undertvungne
2876 2634 160 100 Fien-

1262 2746 128 89 de,
1476 2739 136 94 som
1684 2740 134 98 han
1886 2740 224 82 kalder
2190 2739 288 101 Troskab
2574 2748 128 96 hos
2768 2749 96 96 sin
2934 2747 100 82 Un-

1263 2851 280 95 der-faae.
1660 2853 123 97 Og
1832 2856 21 78 i
1902 2860 79 76 de
2036 2853 209 94 Tider
2314 2858 215 98 havde
2581 2859 452 102 Chrisendom-

1263 2989 157 60 men
1461 2969 128 80 ikke
1631 2965 202 103 fæstet
1869 2968 110 94 saa
2027 2971 166 98 dybe
2233 2971 312 101 Rødder,
2609 2991 68 66 at
2717 2977 70 92 jo
2821 2983 76 76 de
2925 2980 110 97 flee-

1262 3086 94 96 ste
1399 3085 284 92 nordiffe
1727 3082 338 85 Nationer
2109 3083 236 94 ansaae
2391 3094 106 74 det
2553 3091 510 97 rosværdigere,

1263 3214 77 64 at
1387 3197 145 92 visse
1571 3197 351 83 Mandom
1995 3221 81 78 og
2109 3195 419 105 Tapperhed,
2585 3211 121 76 end
2767 3223 69 64 at
2903 3223 161 61 være

1262 3310 246 83 Slave
1552 3307 78 98 af
1670 3315 124 79 den
1828 3310 172 101 Eed,
2048 3317 78 80 de
2168 3313 212 98 havde
2426 3320 174 94 giort
2640 3323 76 80 til
2756 3341 76 60 en
2878 3315 158 100 frem-

1264 3429 152 74 med
1470 3425 260 94 Konge.
1908 3424 94 86 Et
2070 3449 192 74 nyere
2326 3426 264 92 Beviis
2700 3431 104 100 for
2866 3439 196 79 dette:

1264 3532 209 90 Naar
1514 3533 463 97 Trønderne
2019 3549 124 80 ved
2195 3565 80 62 en
2329 3543 577 105 Fods-Sommer
2951 3550 84 82 bli-

2983 3680 84 72 ve
