3218 4446
949 647 392 98 Kierlighed.
1443 641 172 82 Med
1661 645 262 94 utallige
1955 639 430 100 Høfligheder
2419 657 70 64 er
2511 643 100 94 jeg
2659 659 82 78 og
2781 643 116 82 mk

949 813 74 56 ne
1063 791 296 92 dagligen
1407 787 284 90 overost;
1745 785 18 76 i
1797 787 72 72 de
1917 783 288 94 vigtigste
2249 777 332 100 Tilfælde,
2631 781 20 78 i
2693 779 204 100 Syg»

947 933 298 86 domme,
1319 923 68 92 ja
1453 919 262 84 Døden
1763 919 162 96 selv,
2007 919 120 96 har
2185 939 158 60 man
2397 920 306 94 værdiger
2761 923 134 94 mig

943 1061 536 100 Fortroelighed;
1559 1059 276 98 enhvers
1901 1057 570 98 Tjenstfærdighed
2515 1059 120 98 har
2694 1060 202 94 saaet

941 1205 132 92 mig
1109 1207 216 90 reede,
1379 1207 116 74 den
1525 1203 96 90 jeg
1675 1221 80 74 og
1787 1219 90 58 nu
1929 1205 118 72 ved
2095 1199 136 76 min
2275 1199 56 96 *)
2363 1195 344 94 Bortreise
2749 1203 146 76 med

939 1345 122 76 den
1121 1341 468 96 forbindtligste
1637 1335 612 96 Taknemmelighed
2319 1333 242 98 erfarer
2623 1337 240 94 uforan-

937 1487 182 90 dret;
1175 1477 348 98 ZErlighed
1559 1479 120 96 har
1711 1479 238 94 befielet
1987 1481 182 74 deres
2199 1475 158 96 heele
2383 1475 332 98 Omgang
2745 1483 144 74 med

933 1621 178 94 mig;
1167 1625 204 88 endog
1399 1615 102 98 for
1531 1619 168 78 mine
1733 1615 434 98 Forbønners
2211 1613 238 98 Skyld
2487 1615 122 96 har
2647 1621 74 76 de
2748 1617 143 95 viis

931 1755 376 98 Kierlighed
1363 1759 176 76 imod
1597 1753 314 84 Skolens
1977 1753 264 98 Fattige
2297 1755 124 94 (en
2481 1753 406 100 Kierlighed,

923 1895 100 96 jeg
1059 1897 160 78 altid
1269 1893 315 81 erkjender
1635 1893 132 92 som
1812 1894 141 95 viis
1997 1895 176 78 imod
2223 1893 130 96 mig
2401 1893 170 98 selv)
2615 1893 72 94 ja
2733 1899 118 76 end-

923 2053 86 76 og
1043 2031 428 98 Velynderes
1513 2031 290 98 Godhed
1835 2031 104 96 for
1977 2035 134 92 mig
2151 2031 124 94 har
2317 2031 294 96 efterladt
2643 2037 90 92 sig
2763 2051 88 62 va-

921 2173 138 92 rige
1087 2169 514 98 Velgjerninger
1635 2171 104 94 for
1769 2173 312 92 Skolen;
2137 2175 120 74 ved
2301 2169 248 92 saadan
2585 2171 294 102 Godhed

919 2309 124 96 har
1089 2315 206 90 endog
1331 2309 312 82 Skolens
1693 2309 258 82 Grund
1995 2305 176 92 faaet
2231 2327 74 58 en
2364 2308 109 95 M)
2529 2311 212 94 nyttig
2793 2331 84 76 og

915 2449 332 94 behagelig
1317 2445 296 100 Tilvext,
1705 2469 82 74 og
1827 2465 122 60 vor
1995 2443 490 100 Bogsamling,
2569 2447 132 94 især
2755 2453 120 78 ved

913 2591 166 74 dens
1131 2587 278 94 værdige
1471 2585 218 94 Søn,
1777 2593 110 70 der
1943 2583 242 98 stiftede
2241 2591 160 90 den,
2469 2605 78 62 en
2607 2587 264 100 anseelig

911 2723 452 98 Forbedring:
1427 2723 142 80 korr
1613 2723 182 96 sagt,
1857 2721 96 94 jeg
1991 2729 146 76 med
2185 2729 206 94 mine,
2443 2725 196 96 ffiønt
2685 2727 158 96 frem-

909 2869 218 90 mede,
1209 2863 118 96 har
1387 2861 106 96 fra
1547 2865 136 76 min
1739 2859 190 100 første
2001 2861 360 100 Ankomst,
2437 2867 188 80 indtil
2673 2871 202 78 denne

905 2999 232 100 Dag,
1193 2999 234 100 erfaret
1461 3001 338 96 saamegen
1843 2999 290 98 Yndest,
2197 3003 422 100 Kierlighed,
2689 3005 176 86 Vel-

2745 3149 120 94 fin-

947 3353 66 76 *)
1059 3355 96 66 De
1195 3357 312 72 formuende
1547 3357 354 78 Indbyggere
1941 3359 294 72 befordrede
2273 3365 148 76 mig,
2481 3363 114 62 min
2627 3361 228 76 Familie

1255 3475 64 58 og
1367 3457 164 64 Gods
1565 3461 100 74 lige
1703 3463 86 72 fra
1821 3463 244 76 Horsens
2103 3463 64 62 til
2213 3465 166 66 Ribe.

895 3619 106 78 **)
1049 3623 78 64 Et
1149 3619 250 76 anseeligt
1435 3617 216 74 Stykke
1694 3622 373 78 springe-Jord
2111 3639 58 46 er
2209 3629 146 70 givet
2403 3631 62 78 af
2503 3631 80 68 S-
2633 3629 62 66 T>
2741 3627 94 80 Hr

1249 3723 402 66 Kancellieraad
1697 3725 68 62 de
1799 3719 484 86 Lichtenhielm.
