3247 4451
1461 624 308 89 Greene,
1829 635 80 76 og
1961 610 209 98 skabte
2201 618 124 72 den
2375 614 76 78 til
2485 628 60 64 et
2577 610 194 91 Fræe
2805 613 130 96 nest
2985 621 118 73 ved

1455 752 121 94 sig,
1617 748 167 95 hvor
1827 751 77 72 de
1935 747 131 74 leve
2097 741 21 77 i
2157 738 341 98 hemmelig
2529 736 397 100 Forsaaelse
2961 741 109 78 ind-

1458 878 72 78 til
1562 882 206 70 denne
1812 867 208 96 Dag.
2126 866 274 98 Fruen,
2448 866 134 92 som
2622 865 82 94 af
2742 869 96 94 sin
2870 865 234 98 Jæger

1452 1018 128 64 var
1622 999 222 78 bleven
1876 1005 402 70 underrettet
2316 1014 110 58 om
2458 994 150 98 disse
2650 991 418 100 Forvandlin-

1446 1146 156 80 ger,
1658 1125 140 78 blev
1856 1131 86 72 da
1998 1136 212 78 meget
2262 1121 418 96 utaalmodig
2738 1139 152 62 over
2950 1119 148 100 disse

1449 1253 380 97 Koglerier,
1869 1271 80 74 og
1981 1256 121 72 ved
2363 1246 84 94 af
2469 1246 230 82 Avind
2733 1249 84 94 fik
2847 1255 104 74 der
2981 1255 88 74 ud-

1447 1390 274 90 rydder,
1791 1377 312 80 erlauben
2157 1376 120 96 sie,
2335 1372 80 98 af
2457 1376 98 94 sin
2611 1373 484 86 Vild-Bane.

1445 1506 226 88 Dette
1703 1527 64 58 er
1803 1511 124 72 den
1957 1519 158 64 rette
2155 1500 328 98 Meening
2515 1502 82 96 af
2625 1511 122 70 den
2781 1503 164 96 heele
2963 1501 100 100 Hi-

1445 1638 230 96 storie,
1731 1653 80 76 og
1865 1639 108 72 der
2027 1629 128 82 kan
2207 1634 76 74 de
2317 1626 254 96 forlade
2627 1635 148 74 dem
2817 1631 74 78 til
2923 1633 170 78 mine

1442 1762 302 100 Herrer,
1796 1757 96 99 thi
1930 1759 100 96 jeg
2068 1759 122 96 har
2248 1756 152 96 hort
2432 1764 104 70 der
2574 1756 272 93 fortælle
2886 1755 174 100 Hun-

1438 1896 194 72 drede
1686 1885 258 96 Gange
2010 1883 80 98 af
2148 1884 142 78 min
2342 1882 228 98 Salig
2626 1881 464 99 Bestemoder,

1436 2016 160 100 hvis
1658 2011 374 96 Oldefader
2098 2011 198 79 boede
2336 2018 134 92 ider
2516 2014 38 96 f
2586 2010 282 99 Egnen,
2924 2013 162 100 hvor

1434 2142 350 100 Passagen
1816 2157 128 64 var
1982 2139 214 96 ffeedt.

1633 2395 146 100 Jeg
1823 2395 124 100 har
1981 2395 202 82 vildet
2229 2396 144 96 give
2419 2398 190 93 dem,
2657 2395 140 80 min
2831 2391 248 104 Herre!

1435 2526 148 98 disse
1619 2525 356 94 Landsbye
2013 2523 530 95 Betænkninger
2581 2523 236 94 ligesaa
2853 2543 226 62 varme

1427 2654 139 98 som
1599 2654 101 98 jeg
1735 2651 121 96 selv
1899 2653 123 98 har
2055 2653 155 96 hort
2247 2660 193 86 dem,
2469 2650 131 78 kan
2631 2657 79 70 de
2739 2651 165 78 tiene
2935 2659 143 72 dem

1428 2784 76 78 til
1534 2803 212 74 nogen
1764 2779 420 99 Fornøyelse,
2220 2780 126 100 skal
2364 2778 102 94 jeg
2492 2776 202 94 oftere
2720 2775 182 92 sende
2934 2787 142 72 dem

1426 2928 126 60 vor
1592 2916 192 72 lærde
1814 2905 342 98 Selffabs
2190 2906 574 95 Betænkninger,
2810 2923 151 63 over

1426 3056 126 78 nye
1592 3035 324 82 udkomne
1952 3031 260 86 Blade.
