3241 4466
502 2241 260 98 'fjkee&l
818 2242 232 98 hvilket
1082 2243 196 84 Ord!
1358 2246 126 96 hvo
1524 2246 126 80 kan
1700 2261 222 64 nævne
1952 2244 102 76 det
2088 2242 172 78 uden

290 2382 436 99 Bevægelse?
804 2384 358 84 Bedrøvet
1204 2407 64 56 er
1312 2391 102 75 det
1472 2383 542 98 Tillægs--Ord,
2106 2382 146 80 Ro-

290 2542 219 60 merne
556 2525 165 96 have
758 2524 245 96 brugt,
1057 2543 170 60 naar
1270 2529 75 74 de
1387 2528 298 76 nævnede
1732 2529 163 90 den;
1949 2542 82 74 og
2078 2520 177 96 hvad

291 2662 278 80 Under?
651 2659 390 100 Skilsmisse
1069 2661 150 96 efter
1253 2663 240 84 kortere
1547 2670 140 76 eller
1727 2669 264 88 længere
2021 2658 204 84 Sam-

291 2802 177 93 ling,
521 2819 159 62 mon
715 2808 119 76 den
869 2802 125 78 kan
1027 2803 273 96 tænkes,
1353 2808 171 78 uden
1569 2818 71 64 at
1687 2803 251 80 erindre
1979 2822 75 56 en
2099 2816 125 62 tæn-

284 2938 198 81 kende
546 2961 108 58 om
710 2944 122 74 den
890 2940 184 97 visse,
1142 2947 118 74 den
1316 2941 460 96 uudeblivelige
1838 2936 414 102 Skilsmisse,

284 3076 139 94 som
466 3077 351 102 forestaaer
876 3078 231 98 (Gud
1160 3085 209 76 aleene
1426 3086 195 90 veed,
1676 3079 165 98 hvor
1882 3077 223 94 snart)
2152 3098 75 62 en-

285 3218 156 96 hver
475 3217 80 98 af
581 3229 124 83 vs,
759 3218 126 80 ikke
917 3218 106 98 fra
1071 3235 86 64 eet
1193 3217 238 99 Sted,
1485 3220 126 80 ikke
1661 3217 104 96 fra
1817 3224 186 90 nogle
2043 3222 176 76 inder-

279 3360 88 100 lig
409 3343 218 110 elskede
663 3381 82 75 og
785 3360 316 98 oprigtige
1137 3355 326 99 Venner,
1519 3379 148 59 men
1715 3357 104 96 fra
1865 3365 118 72 den
2021 3357 226 105 ganske

278 3492 330 101 Verden,
664 3519 80 75 og
778 3504 95 75 alt
916 3506 142 87 det,
1112 3501 66 78 vi
1222 3499 20 78 i
1282 3495 286 85 Verden
1624 3498 122 99 har
1786 3501 211 91 saaet
2026 3500 20 76 i
2078 3496 140 100 For-

280 3635 268 94 bindelse
592 3643 182 93 med;
858 3642 18 78 i
916 3644 104 74 det
1080 3641 242 96 vigtige
1376 3638 166 98 (gid
1588 3639 126 79 ikke
1778 3636 466 99 ffræksvmme)

281 3770 286 105 Øieblik,
619 3783 90 84 da
741 3780 90 98 vi,
873 3776 134 98 som
1037 3797 214 80 nøgne
1279 3777 146 85 kom
1455 3778 78 102 af
1559 3778 294 85 Moders
1887 3777 136 95 Liv,
2077 3778 170 96 igien

1159 3915 68 88 A
1275 3943 48 55 2
1983 3934 156 82 ne#
