3319 4549
1481 619 148 76 med
1685 609 636 108 Gtigmosion.—-
2369 607 166 86 Det
2587 627 66 62 er
2705 607 84 84 ler
2833 625 72 64 at
2939 611 186 94 giette

1483 739 196 98 sagde
1705 737 308 96 Degnen
2045 745 146 72 med
2217 757 76 58 en
2311 735 204 82 Mine
2531 789 24 48 ,
2591 735 138 94 som
2763 735 366 100 forkyndte,

1489 883 72 62 at
1595 867 134 98 han
1763 865 126 80 ikke
1935 883 128 62 var
2101 863 226 84 Autor
2377 877 210 82 meget
2635 861 134 84 blid
2803 861 106 100 for
2953 863 176 98 hans

1489 991 302 98 Rimfrie
1823 991 252 100 Vers;
2129 989 224 86 Autor
2385 993 150 94 giør
2575 993 158 96 ham
2767 993 76 78 til
2859 991 274 100 Apollo

1493 1117 432 102 Hofjunker,
1979 1141 152 60 men
2173 1127 106 74 det
2311 1139 66 62 er
2415 1141 78 60 en
2525 1117 188 100 Feil,
2765 1119 96 98 thi
2895 1139 106 60 om
3035 1119 100 96 jeg

1493 1245 238 82 tænker
1749 1261 122 86 ret,
1907 1265 126 64 var
2067 1251 136 96 han
2219 1247 386 98 Forffiærer
2625 1247 128 98 hos
2773 1247 244 96 Odin,
3043 1245 94 98 thi

1489 1373 120 94 saa
1641 1379 164 76 taler
1845 1395 76 60 en
1953 1379 290 92 gammel
2267 1373 352 86 Skribent
2661 1377 22 76 i
2715 1381 124 74 den
2859 1373 280 96 Latinske

1495 1501 348 100 Version:
1907 1523 96 76 .og
2055 1503 266 82 Odins
2373 1501 516 88 Bord-Svend
2941 1499 166 102 Gry-

1495 1651 144 84 go,
1691 1641 106 70 det
1835 1651 66 62 er
1933 1653 138 74 paa
2109 1629 272 98 Græiff
2419 1631 542 104 Grigmosion,
3013 1627 100 98 fat-

1495 1765 142 72 tede
1683 1757 386 100 Kierlighed
2119 1757 104 98 for
2277 1759 426 98 Corincho,
2757 1767 106 72 det
2913 1777 64 60 er
3009 1775 136 78 paa

1497 1883 328 100 Cimbriff
1857 1887 354 100 Corryro/
2245 1907 82 76 og
2357 1895 104 72 det
2505 1885 148 82 kom
2689 1887 74 80 til
2799 1883 346 98 Tvekamp

1495 2019 256 74 mellem
1807 2013 158 100 ham
2019 2035 82 76 og
2133 2017 444 96 Morpion,
2631 2035 82 76 og
2745 2023 206 72 denne
2977 2011 172 98 faldt

1501 2137 104 100 for
1655 2141 112 98 hin
1811 2145 262 94 modige
2111 2141 328 106 Srytzo,
2497 2163 80 74 og
2631 2145 142 78 blev
2825 2141 290 96 forvand-

1497 2271 86 76 let
1637 2271 76 78 til
1763 2289 78 58 en
1871 2269 348 100 Padehat.
2289 2269 186 84 Saa
2521 2273 142 76 vidt
2711 2271 144 78 min
2909 2269 242 84 Autor.

1501 2393 224 86 Ellers
1767 2417 194 60 maae
1989 2397 102 98 jeg
2129 2401 128 94 sige
2297 2405 148 72 dem
2479 2397 176 80 mine
2687 2395 342 100 Venner,
3079 2415 72 62 at

1501 2533 172 70 dette
1743 2523 520 100 Helce-Digt,
2333 2545 66 62 er
2471 2527 20 78 i
2541 2525 178 80 mine
2771 2523 272 88 Tanker
3093 2541 58 64 et

1501 2649 286 102 Skrift;
1821 2663 196 70 derer
2041 2653 276 98 hverken
2345 2653 176 84 Rim
2553 2659 144 76 eller
2723 2651 266 96 Raison
3007 2659 140 74 ved.

1497 2779 186 88 Den
1717 2787 412 96 nyemodens
2153 2779 242 102 Poesie
2427 2783 290 80 kommer
2749 2781 136 96 mig
2919 2779 234 98 ligesaa

1505 2915 286 94 latterlig
1831 2911 146 98 for,
2031 2911 136 92 som
2215 2925 74 66 at
2342 2911 168 97 slaae
2551 2907 264 90 Takten
2869 2907 156 100 efter
3075 2929 76 58 en

1501 3041 612 94 Mølle-Qværn;
2167 3037 276 100 hverken
2495 3035 218 100 Rim,
2767 3043 148 76 eller
2949 3035 206 100 Fald,

1495 3175 154 76 eller
1685 3169 378 96 forstiellige
2097 3163 581 86 Gravene-Maal
2775 3185 150 60 men
2963 3179 96 64 ret
3095 3177 58 64 et

1497 3311 274 66 vranret
1813 3295 306 96 Sprog,
2175 3301 112 74 der
2333 3313 196 62 maae
2579 3293 212 98 ffurre
2823 3295 20 78 i
2879 3309 56 66 et
2969 3291 184 100 hvert

1501 3425 234 84 delicat
1767 3421 256 100 Dansk
2053 3419 178 88 Øre.
2283 3419 146 102 Jeg
2467 3441 196 62 maae
2697 3421 216 80 baade
2951 3425 86 74 lee
3069 3437 80 76 og

2855 3555 242 90 græde,
