<?xml version="1.0" encoding="utf-8"?>
<alto xmlns="http://www.loc.gov/standards/alto/ns-v3#" xmlns:xs="http://www.w3.org/2001/XMLSchema-instance" xmlns:xlink="http://www.w3.org/1999/xlink">
	<Description>
		<MeasurementUnit>pixel</MeasurementUnit>
		<sourceImageInformation>
			<fileName>130017168178_2_025_007_010.tif</fileName>
		</sourceImageInformation>
		<OCRProcessing ID="OCR1">
			<ocrProcessingStep>
				<processingDateTime>2018-09-15</processingDateTime>
				<processingAgency>Zissor AS</processingAgency>
				<processingStepSettings>Combined OCR</processingStepSettings>
				<processingSoftware>
					<softwareCreator>Zissor AS</softwareCreator>
					<softwareName>ContentOCR-11; ContentOCR-Tesseract</softwareName>
					<softwareVersion>2.0.2; 2.0.0</softwareVersion>
					<applicationDescription>OCR Component for Zissor Content System</applicationDescription>
				</processingSoftware>
			</ocrProcessingStep>
		</OCRProcessing>
	</Description>
	<Styles>
		<TextStyle ID="STYLE1" FONTFAMILY="Arial" FONTSIZE="20" FONTSTYLE="italics"/>
		<TextStyle ID="STYLE2" FONTFAMILY="Arial" FONTSIZE="19" FONTSTYLE="bold italics"/>
		<TextStyle ID="STYLE3" FONTFAMILY="Arial" FONTSIZE="9.5" FONTSTYLE="italics"/>
		<TextStyle ID="STYLE4" FONTFAMILY="Arial" FONTSIZE="10.5" FONTSTYLE=""/>
		<TextStyle ID="STYLE5" FONTFAMILY="Arial" FONTSIZE="15" FONTSTYLE=""/>
		<TextStyle ID="STYLE6" FONTFAMILY="Arial" FONTSIZE="13" FONTSTYLE=""/>
		<TextStyle ID="STYLE7" FONTFAMILY="Arial" FONTSIZE="14" FONTSTYLE=""/>
	</Styles>
	<Layout>
		<Page ID="PAGE248" HEIGHT="4594" WIDTH="3287" PHYSICAL_IMG_NR="248" PROCESSING="OCR1" PC="0.78">
			<TopMargin HEIGHT="0" WIDTH="3287" HPOS="0" VPOS="0"/>
			<LeftMargin HEIGHT="4611" WIDTH="67" HPOS="0" VPOS="0"/>
			<RightMargin HEIGHT="4611" WIDTH="-5" HPOS="3292" VPOS="0"/>
			<BottomMargin HEIGHT="-19" WIDTH="3287" HPOS="0" VPOS="4613"/>
			<PrintSpace ID="PRINTSPACE1" HEIGHT="4611" WIDTH="3223" HPOS="68" VPOS="1">
				<ComposedBlock xs:type="ComposedBlockType" ID="ARTICLE128467" HEIGHT="4611" WIDTH="3223" HPOS="68" VPOS="1" xlink:type="simple">
					<Illustration xs:type="IllustrationType" ID="ZONE1318632" HEIGHT="567" WIDTH="1349" HPOS="84" VPOS="1" xlink:type="simple"/>
					<Illustration xs:type="IllustrationType" ID="ZONE1318633" HEIGHT="2435" WIDTH="1084" HPOS="81" VPOS="559" xlink:type="simple"/>
					<TextBlock xs:type="TextBlockType" ID="ZONE1318634" HEIGHT="63" WIDTH="145" HPOS="2847" VPOS="114" xlink:type="simple">
						<TextLine ID="LINE1" HEIGHT="63" WIDTH="143" HPOS="2848" VPOS="114">
							<String ID="STRING1" STYLEREFS="STYLE1" HEIGHT="63" WIDTH="143" HPOS="2848" VPOS="114" CONTENT="må," WC="0.32" LANG="dan"/>
						</TextLine>
					</TextBlock>
					<TextBlock xs:type="TextBlockType" ID="ZONE1318635" HEIGHT="89" WIDTH="131" HPOS="3160" VPOS="106" xlink:type="simple">
						<TextLine ID="LINE2" HEIGHT="89" WIDTH="129" HPOS="3161" VPOS="106">
							<String ID="STRING2" STYLEREFS="STYLE2" HEIGHT="89" WIDTH="129" HPOS="3161" VPOS="106" CONTENT="m" WC="0.71" LANG="dan"/>
						</TextLine>
					</TextBlock>
					<TextBlock xs:type="TextBlockType" ID="ZONE1318636" HEIGHT="115" WIDTH="169" HPOS="2366" VPOS="395" xlink:type="simple">
						<TextLine ID="LINE3" HEIGHT="115" WIDTH="167" HPOS="2367" VPOS="395">
							<String ID="STRING3" STYLEREFS="STYLE3" HEIGHT="115" WIDTH="167" HPOS="2367" VPOS="395" CONTENT="tf*" WC="0.29" LANG="dan"/>
						</TextLine>
					</TextBlock>
					<TextBlock xs:type="TextBlockType" ID="ZONE1318637" HEIGHT="3126" WIDTH="1896" HPOS="1169" VPOS="596" xlink:type="simple">
						<TextLine ID="LINE4" HEIGHT="104" WIDTH="1812" HPOS="1227" VPOS="601">
							<String ID="STRING4" STYLEREFS="STYLE4" HEIGHT="84" WIDTH="236" HPOS="1227" VPOS="606" CONTENT="enkelte" WC="0.23" LANG="dan"/>
							<SP ID="SP1" WIDTH="48" HPOS="1463" VPOS="606"/>
							<String ID="STRING5" STYLEREFS="STYLE4" HEIGHT="77" WIDTH="194" HPOS="1511" VPOS="608" CONTENT="lærde" WC="0.67" LANG="dan"/>
							<SP ID="SP2" WIDTH="42" HPOS="1705" VPOS="608"/>
							<String ID="STRING6" STYLEREFS="STYLE4" HEIGHT="85" WIDTH="248" HPOS="1747" VPOS="601" CONTENT="Mænd" WC="0.74" LANG="dan"/>
							<SP ID="SP3" WIDTH="38" HPOS="1995" VPOS="601"/>
							<String ID="STRING7" STYLEREFS="STYLE4" HEIGHT="100" WIDTH="168" HPOS="2033" VPOS="605" CONTENT="have" WC="0.74" LANG="dan"/>
							<SP ID="SP4" WIDTH="28" HPOS="2201" VPOS="605"/>
							<String ID="STRING8" STYLEREFS="STYLE4" HEIGHT="99" WIDTH="240" HPOS="2229" VPOS="606" CONTENT="ffinnet" WC="0.7" LANG="dan"/>
							<SP ID="SP5" WIDTH="28" HPOS="2469" VPOS="606"/>
							<String ID="STRING9" STYLEREFS="STYLE4" HEIGHT="77" WIDTH="150" HPOS="2497" VPOS="615" CONTENT="med" WC="0.64" LANG="dan"/>
							<SP ID="SP6" WIDTH="36" HPOS="2647" VPOS="615"/>
							<String ID="STRING10" STYLEREFS="STYLE4" HEIGHT="77" WIDTH="78" HPOS="2683" VPOS="613" CONTENT="de" WC="0.64" LANG="dan"/>
							<SP ID="SP7" WIDTH="40" HPOS="2761" VPOS="613"/>
							<String ID="STRING11" STYLEREFS="STYLE4" HEIGHT="89" WIDTH="238" HPOS="2801" VPOS="606" CONTENT="Straa" SUBS_TYPE="HypPart1" SUBS_CONTENT="Straaler," WC="0.78" LANG="dan"/>
							<HYP CONTENT="-"/>
						</TextLine>
						<TextLine ID="LINE5" HEIGHT="102" WIDTH="1837" HPOS="1227" VPOS="721">
							<String ID="STRING12" STYLEREFS="STYLE4" HEIGHT="85" WIDTH="117" HPOS="1227" VPOS="734" CONTENT="ler," SUBS_TYPE="HypPart2" SUBS_CONTENT="Straaler," WC="0.75" LANG="dan"/>
							<SP ID="SP8" WIDTH="95" HPOS="1344" VPOS="734"/>
							<String ID="STRING13" STYLEREFS="STYLE4" HEIGHT="76" WIDTH="113" HPOS="1439" VPOS="725" CONTENT="der" WC="0.63" LANG="dan"/>
							<SP ID="SP9" WIDTH="91" HPOS="1552" VPOS="725"/>
							<String ID="STRING14" STYLEREFS="STYLE4" HEIGHT="80" WIDTH="161" HPOS="1643" VPOS="721" CONTENT="altid" WC="0.74" LANG="dan"/>
							<SP ID="SP10" WIDTH="83" HPOS="1804" VPOS="721"/>
							<String ID="STRING15" STYLEREFS="STYLE4" HEIGHT="96" WIDTH="187" HPOS="1887" VPOS="722" CONTENT="giøre" WC="0.76" LANG="dan"/>
							<SP ID="SP11" WIDTH="55" HPOS="2074" VPOS="722"/>
							<String ID="STRING16" STYLEREFS="STYLE4" HEIGHT="88" WIDTH="355" HPOS="2129" VPOS="722" CONTENT="Viisdom" WC="0.59" LANG="dan"/>
							<SP ID="SP12" WIDTH="68" HPOS="2484" VPOS="722"/>
							<String ID="STRING17" STYLEREFS="STYLE4" HEIGHT="74" WIDTH="84" HPOS="2552" VPOS="749" CONTENT="og" WC="0.69" LANG="dan"/>
							<SP ID="SP13" WIDTH="79" HPOS="2636" VPOS="749"/>
							<String ID="STRING18" STYLEREFS="STYLE4" HEIGHT="98" WIDTH="349" HPOS="2715" VPOS="725" CONTENT="Sandhed" WC="0.74" LANG="dan"/>
						</TextLine>
						<TextLine ID="LINE6" HEIGHT="105" WIDTH="1839" HPOS="1224" VPOS="832">
							<String ID="STRING19" STYLEREFS="STYLE4" HEIGHT="92" WIDTH="357" HPOS="1224" VPOS="842" CONTENT="glimrende" WC="0.79" LANG="dan"/>
							<SP ID="SP14" WIDTH="49" HPOS="1581" VPOS="842"/>
							<String ID="STRING20" STYLEREFS="STYLE4" HEIGHT="97" WIDTH="103" HPOS="1630" VPOS="832" CONTENT="for" WC="0.77" LANG="dan"/>
							<SP ID="SP15" WIDTH="37" HPOS="1733" VPOS="832"/>
							<String ID="STRING21" STYLEREFS="STYLE4" HEIGHT="89" WIDTH="441" HPOS="1770" VPOS="833" CONTENT="Skiønneres" WC="0.91" LANG="dan"/>
							<SP ID="SP16" WIDTH="29" HPOS="2211" VPOS="833"/>
							<String ID="STRING22" STYLEREFS="STYLE4" HEIGHT="97" WIDTH="205" HPOS="2240" VPOS="840" CONTENT="Øjne." WC="0.87" LANG="dan"/>
							<SP ID="SP17" WIDTH="171" HPOS="2445" VPOS="840"/>
							<String ID="STRING23" STYLEREFS="STYLE4" HEIGHT="86" WIDTH="183" HPOS="2616" VPOS="839" CONTENT="Men" WC="0.75" LANG="dan"/>
							<SP ID="SP18" WIDTH="41" HPOS="2799" VPOS="839"/>
							<String ID="STRING24" STYLEREFS="STYLE4" HEIGHT="83" WIDTH="223" HPOS="2840" VPOS="845" CONTENT="enkelte" WC="1" LANG="dan"/>
						</TextLine>
						<TextLine ID="LINE7" HEIGHT="110" WIDTH="1839" HPOS="1221" VPOS="950">
							<String ID="STRING25" STYLEREFS="STYLE4" HEIGHT="97" WIDTH="464" HPOS="1221" VPOS="950" CONTENT="Bestræbelser" WC="0.73" LANG="dan"/>
							<SP ID="SP19" WIDTH="42" HPOS="1685" VPOS="950"/>
							<String ID="STRING26" STYLEREFS="STYLE4" HEIGHT="98" WIDTH="166" HPOS="1727" VPOS="951" CONTENT="have" WC="0.86" LANG="dan"/>
							<SP ID="SP20" WIDTH="46" HPOS="1893" VPOS="951"/>
							<String ID="STRING27" STYLEREFS="STYLE4" HEIGHT="91" WIDTH="132" HPOS="1939" VPOS="960" CONTENT="dog" WC="0.67" LANG="dan"/>
							<SP ID="SP21" WIDTH="36" HPOS="2071" VPOS="960"/>
							<String ID="STRING28" STYLEREFS="STYLE4" HEIGHT="75" WIDTH="74" HPOS="2107" VPOS="979" CONTENT="ey" WC="0.71" LANG="dan"/>
							<SP ID="SP22" WIDTH="64" HPOS="2181" VPOS="979"/>
							<String ID="STRING29" STYLEREFS="STYLE4" HEIGHT="95" WIDTH="112" HPOS="2245" VPOS="956" CONTENT="saa" WC="0.84" LANG="dan"/>
							<SP ID="SP23" WIDTH="58" HPOS="2357" VPOS="956"/>
							<String ID="STRING30" STYLEREFS="STYLE4" HEIGHT="97" WIDTH="214" HPOS="2415" VPOS="959" CONTENT="heldig" WC="0.69" LANG="dan"/>
							<SP ID="SP24" WIDTH="46" HPOS="2629" VPOS="959"/>
							<String ID="STRING31" STYLEREFS="STYLE4" HEIGHT="103" WIDTH="385" HPOS="2675" VPOS="957" CONTENT="Virkning," WC="0.64" LANG="dan"/>
						</TextLine>
						<TextLine ID="LINE8" HEIGHT="102" WIDTH="1840" HPOS="1220" VPOS="1064">
							<String ID="STRING32" STYLEREFS="STYLE4" HEIGHT="94" WIDTH="138" HPOS="1220" VPOS="1066" CONTENT="som" WC="0.77" LANG="dan"/>
							<SP ID="SP25" WIDTH="46" HPOS="1358" VPOS="1066"/>
							<String ID="STRING33" STYLEREFS="STYLE4" HEIGHT="72" WIDTH="78" HPOS="1404" VPOS="1073" CONTENT="de" WC="0.83" LANG="dan"/>
							<SP ID="SP26" WIDTH="42" HPOS="1482" VPOS="1073"/>
							<String ID="STRING34" STYLEREFS="STYLE4" HEIGHT="100" WIDTH="430" HPOS="1524" VPOS="1064" CONTENT="sælffabelige:" WC="0.8" LANG="dan"/>
							<SP ID="SP27" WIDTH="60" HPOS="1954" VPOS="1064"/>
							<String ID="STRING35" STYLEREFS="STYLE4" HEIGHT="96" WIDTH="340" HPOS="2014" VPOS="1069" CONTENT="foreenede" WC="0.85" LANG="dan"/>
							<SP ID="SP28" WIDTH="46" HPOS="2354" VPOS="1069"/>
							<String ID="STRING36" STYLEREFS="STYLE4" HEIGHT="95" WIDTH="298" HPOS="2400" VPOS="1070" CONTENT="Kræfter" WC="0.62" LANG="dan"/>
							<SP ID="SP29" WIDTH="52" HPOS="2698" VPOS="1070"/>
							<String ID="STRING37" STYLEREFS="STYLE4" HEIGHT="94" WIDTH="310" HPOS="2750" VPOS="1072" CONTENT="fvrmrere" WC="0.56" LANG="dan"/>
						</TextLine>
						<TextLine ID="LINE9" HEIGHT="111" WIDTH="1813" HPOS="1220" VPOS="1178">
							<String ID="STRING38" STYLEREFS="STYLE4" HEIGHT="74" WIDTH="127" HPOS="1220" VPOS="1190" CONTENT="ben" WC="0.75" LANG="dan"/>
							<SP ID="SP30" WIDTH="45" HPOS="1347" VPOS="1190"/>
							<String ID="STRING39" STYLEREFS="STYLE4" HEIGHT="80" WIDTH="69" HPOS="1392" VPOS="1183" CONTENT="til" WC="0.79" LANG="dan"/>
							<SP ID="SP31" WIDTH="49" HPOS="1461" VPOS="1183"/>
							<String ID="STRING40" STYLEREFS="STYLE4" HEIGHT="104" WIDTH="511" HPOS="1510" VPOS="1178" CONTENT="Videnffabers" WC="0.79" LANG="dan"/>
							<SP ID="SP32" WIDTH="47" HPOS="2021" VPOS="1178"/>
							<String ID="STRING41" STYLEREFS="STYLE4" HEIGHT="101" WIDTH="359" HPOS="2068" VPOS="1187" CONTENT="Fremtarv" WC="0.76" LANG="dan"/>
							<SP ID="SP33" WIDTH="51" HPOS="2427" VPOS="1187"/>
							<String ID="STRING42" STYLEREFS="STYLE4" HEIGHT="98" WIDTH="329" HPOS="2478" VPOS="1184" CONTENT="fornødne" WC="0.74" LANG="dan"/>
							<SP ID="SP34" WIDTH="31" HPOS="2807" VPOS="1184"/>
							<String ID="STRING43" STYLEREFS="STYLE4" HEIGHT="101" WIDTH="195" HPOS="2838" VPOS="1188" CONTENT="Styr" SUBS_TYPE="HypPart1" SUBS_CONTENT="Styrke." WC="0.55" LANG="dan"/>
							<HYP CONTENT="-"/>
						</TextLine>
						<TextLine ID="LINE10" HEIGHT="122" WIDTH="1835" HPOS="1219" VPOS="1286">
							<String ID="STRING44" STYLEREFS="STYLE4" HEIGHT="80" WIDTH="91" HPOS="1219" VPOS="1300" CONTENT="ke." SUBS_TYPE="HypPart2" SUBS_CONTENT="Styrke." WC="0.72" LANG="dan"/>
							<SP ID="SP35" WIDTH="117" HPOS="1310" VPOS="1300"/>
							<String ID="STRING45" STYLEREFS="STYLE4" HEIGHT="87" WIDTH="113" HPOS="1427" VPOS="1297" CONTENT="En" WC="1" LANG="dan"/>
							<SP ID="SP36" WIDTH="67" HPOS="1540" VPOS="1297"/>
							<String ID="STRING46" STYLEREFS="STYLE5" HEIGHT="119" WIDTH="671" HPOS="1607" VPOS="1286" CONTENT="Chrysostomus," WC="0.75" LANG="dan"/>
							<SP ID="SP37" WIDTH="91" HPOS="2278" VPOS="1286"/>
							<String ID="STRING47" STYLEREFS="STYLE5" HEIGHT="115" WIDTH="547" HPOS="2369" VPOS="1293" CONTENT="Hierommus" WC="0.56" LANG="dan"/>
							<SP ID="SP38" WIDTH="61" HPOS="2916" VPOS="1293"/>
							<String ID="STRING48" STYLEREFS="STYLE4" HEIGHT="75" WIDTH="77" HPOS="2977" VPOS="1331" CONTENT="og" WC="0.49" LANG="dan"/>
						</TextLine>
						<TextLine ID="LINE11" HEIGHT="117" WIDTH="1810" HPOS="1212" VPOS="1403">
							<String ID="STRING49" STYLEREFS="STYLE5" HEIGHT="110" WIDTH="514" HPOS="1212" VPOS="1403" CONTENT="Augustinus" WC="0.56" LANG="deu"/>
							<SP ID="SP39" WIDTH="48" HPOS="1726" VPOS="1403"/>
							<String ID="STRING50" STYLEREFS="STYLE4" HEIGHT="61" WIDTH="162" HPOS="1774" VPOS="1435" CONTENT="vare" WC="0.95" LANG="dan"/>
							<SP ID="SP40" WIDTH="40" HPOS="1936" VPOS="1435"/>
							<String ID="STRING51" STYLEREFS="STYLE4" HEIGHT="100" WIDTH="236" HPOS="1976" VPOS="1415" CONTENT="ligesaa" WC="0.88" LANG="dan"/>
							<SP ID="SP41" WIDTH="38" HPOS="2212" VPOS="1415"/>
							<String ID="STRING52" STYLEREFS="STYLE4" HEIGHT="95" WIDTH="236" HPOS="2250" VPOS="1425" CONTENT="lærde," WC="0.75" LANG="dan"/>
							<SP ID="SP42" WIDTH="90" HPOS="2486" VPOS="1425"/>
							<String ID="STRING53" STYLEREFS="STYLE4" HEIGHT="93" WIDTH="132" HPOS="2576" VPOS="1422" CONTENT="som" WC="0.61" LANG="dan"/>
							<SP ID="SP43" WIDTH="46" HPOS="2708" VPOS="1422"/>
							<String ID="STRING54" STYLEREFS="STYLE4" HEIGHT="75" WIDTH="268" HPOS="2754" VPOS="1430" CONTENT="veltalen" SUBS_TYPE="HypPart1" SUBS_CONTENT="veltalende;" WC="0.98" LANG="dan"/>
							<HYP CONTENT="-"/>
						</TextLine>
						<TextLine ID="LINE12" HEIGHT="103" WIDTH="1836" HPOS="1215" VPOS="1535">
							<String ID="STRING55" STYLEREFS="STYLE4" HEIGHT="92" WIDTH="118" HPOS="1215" VPOS="1536" CONTENT="de;" SUBS_TYPE="HypPart2" SUBS_CONTENT="veltalende;" WC="0.63" LANG="dan"/>
							<SP ID="SP44" WIDTH="58" HPOS="1333" VPOS="1536"/>
							<String ID="STRING56" STYLEREFS="STYLE4" HEIGHT="59" WIDTH="150" HPOS="1391" VPOS="1551" CONTENT="men" WC="0.88" LANG="dan"/>
							<SP ID="SP45" WIDTH="48" HPOS="1541" VPOS="1551"/>
							<String ID="STRING57" STYLEREFS="STYLE4" HEIGHT="75" WIDTH="188" HPOS="1589" VPOS="1536" CONTENT="deres" WC="0.74" LANG="dan"/>
							<SP ID="SP46" WIDTH="64" HPOS="1777" VPOS="1536"/>
							<String ID="STRING58" STYLEREFS="STYLE4" HEIGHT="72" WIDTH="82" HPOS="1841" VPOS="1554" CONTENT="og" WC="0.77" LANG="dan"/>
							<SP ID="SP47" WIDTH="58" HPOS="1923" VPOS="1554"/>
							<String ID="STRING59" STYLEREFS="STYLE4" HEIGHT="92" WIDTH="200" HPOS="1981" VPOS="1541" CONTENT="fleres" WC="0.7" LANG="dan"/>
							<SP ID="SP48" WIDTH="46" HPOS="2181" VPOS="1541"/>
							<String ID="STRING60" STYLEREFS="STYLE4" HEIGHT="83" WIDTH="236" HPOS="2227" VPOS="1535" CONTENT="enkelte" WC="1" LANG="dan"/>
							<SP ID="SP49" WIDTH="36" HPOS="2463" VPOS="1535"/>
							<String ID="STRING61" STYLEREFS="STYLE4" HEIGHT="102" WIDTH="152" HPOS="2499" VPOS="1536" CONTENT="Flid" WC="0.58" LANG="dan"/>
							<SP ID="SP50" WIDTH="54" HPOS="2651" VPOS="1536"/>
							<String ID="STRING62" STYLEREFS="STYLE4" HEIGHT="82" WIDTH="210" HPOS="2705" VPOS="1539" CONTENT="kunde" WC="0.74" LANG="dan"/>
							<SP ID="SP51" WIDTH="64" HPOS="2915" VPOS="1539"/>
							<String ID="STRING63" STYLEREFS="STYLE4" HEIGHT="75" WIDTH="72" HPOS="2979" VPOS="1563" CONTENT="ey" WC="0.98" LANG="dan"/>
						</TextLine>
						<TextLine ID="LINE13" HEIGHT="108" WIDTH="1835" HPOS="1215" VPOS="1642">
							<String ID="STRING64" STYLEREFS="STYLE4" HEIGHT="96" WIDTH="229" HPOS="1215" VPOS="1648" CONTENT="hindre" WC="0.64" LANG="dan"/>
							<SP ID="SP52" WIDTH="39" HPOS="1444" VPOS="1648"/>
							<String ID="STRING65" STYLEREFS="STYLE4" HEIGHT="77" WIDTH="123" HPOS="1483" VPOS="1649" CONTENT="den" WC="0.77" LANG="dan"/>
							<SP ID="SP53" WIDTH="37" HPOS="1606" VPOS="1649"/>
							<String ID="STRING66" STYLEREFS="STYLE4" HEIGHT="104" WIDTH="495" HPOS="1643" VPOS="1642" CONTENT="Jern-Alder," WC="0.72" LANG="dan"/>
							<SP ID="SP54" WIDTH="69" HPOS="2138" VPOS="1642"/>
							<String ID="STRING67" STYLEREFS="STYLE4" HEIGHT="94" WIDTH="133" HPOS="2207" VPOS="1650" CONTENT="som" WC="0.77" LANG="dan"/>
							<SP ID="SP55" WIDTH="51" HPOS="2340" VPOS="1650"/>
							<String ID="STRING68" STYLEREFS="STYLE4" HEIGHT="76" WIDTH="71" HPOS="2391" VPOS="1674" CONTENT="ey" WC="1" LANG="dan"/>
							<SP ID="SP56" WIDTH="45" HPOS="2462" VPOS="1674"/>
							<String ID="STRING69" STYLEREFS="STYLE4" HEIGHT="81" WIDTH="135" HPOS="2507" VPOS="1654" CONTENT="blot" WC="0.88" LANG="dan"/>
							<SP ID="SP57" WIDTH="63" HPOS="2642" VPOS="1654"/>
							<String ID="STRING70" STYLEREFS="STYLE4" HEIGHT="94" WIDTH="345" HPOS="2705" VPOS="1656" CONTENT="besværede" WC="0.7" LANG="dan"/>
						</TextLine>
						<TextLine ID="LINE14" HEIGHT="105" WIDTH="1837" HPOS="1210" VPOS="1760">
							<String ID="STRING71" STYLEREFS="STYLE4" HEIGHT="98" WIDTH="361" HPOS="1210" VPOS="1760" CONTENT="Sproget," WC="0.75" LANG="dan"/>
							<SP ID="SP58" WIDTH="85" HPOS="1571" VPOS="1760"/>
							<String ID="STRING72" STYLEREFS="STYLE4" HEIGHT="61" WIDTH="151" HPOS="1656" VPOS="1783" CONTENT="men" WC="0.9" LANG="dan"/>
							<SP ID="SP59" WIDTH="61" HPOS="1807" VPOS="1783"/>
							<String ID="STRING73" STYLEREFS="STYLE4" HEIGHT="95" WIDTH="199" HPOS="1868" VPOS="1766" CONTENT="tillige" WC="0.98" LANG="dan"/>
							<SP ID="SP60" WIDTH="61" HPOS="2067" VPOS="1766"/>
							<String ID="STRING74" STYLEREFS="STYLE4" HEIGHT="101" WIDTH="565" HPOS="2128" VPOS="1764" CONTENT="Videnskaberne." WC="0.8" LANG="dan"/>
							<SP ID="SP61" WIDTH="179" HPOS="2693" VPOS="1764"/>
							<String ID="STRING75" STYLEREFS="STYLE4" HEIGHT="89" WIDTH="175" HPOS="2872" VPOS="1768" CONTENT="Var" WC="0.65" LANG="dan"/>
						</TextLine>
						<TextLine ID="LINE15" HEIGHT="125" WIDTH="1832" HPOS="1211" VPOS="1864">
							<String ID="STRING76" STYLEREFS="STYLE4" HEIGHT="77" WIDTH="124" HPOS="1211" VPOS="1882" CONTENT="end" WC="0.81" LANG="dan"/>
							<SP ID="SP62" WIDTH="34" HPOS="1335" VPOS="1882"/>
							<String ID="STRING77" STYLEREFS="STYLE4" HEIGHT="58" WIDTH="74" HPOS="1369" VPOS="1899" CONTENT="en" WC="0.24" LANG="dan"/>
							<SP ID="SP63" WIDTH="22" HPOS="1443" VPOS="1899"/>
							<String ID="STRING78" STYLEREFS="STYLE5" HEIGHT="118" WIDTH="376" HPOS="1465" VPOS="1864" CONTENT="Photius" WC="0.75" LANG="dan"/>
							<SP ID="SP64" WIDTH="32" HPOS="1841" VPOS="1864"/>
							<String ID="STRING79" STYLEREFS="STYLE4" HEIGHT="78" WIDTH="22" HPOS="1873" VPOS="1882" CONTENT="i" WC="0.52" LANG="dan"/>
							<SP ID="SP65" WIDTH="44" HPOS="1895" VPOS="1882"/>
							<String ID="STRING80" STYLEREFS="STYLE4" HEIGHT="106" WIDTH="552" HPOS="1939" VPOS="1878" CONTENT="Constaminopel" WC="0.74" LANG="dan"/>
							<SP ID="SP66" WIDTH="32" HPOS="2491" VPOS="1878"/>
							<String ID="STRING81" STYLEREFS="STYLE4" HEIGHT="97" WIDTH="78" HPOS="2523" VPOS="1884" CONTENT="af" WC="0.75" LANG="dan"/>
							<SP ID="SP67" WIDTH="20" HPOS="2601" VPOS="1884"/>
							<String ID="STRING82" STYLEREFS="STYLE4" HEIGHT="102" WIDTH="108" HPOS="2621" VPOS="1887" CONTENT="stig" WC="0.53" LANG="dan"/>
							<SP ID="SP68" WIDTH="22" HPOS="2729" VPOS="1887"/>
							<String ID="STRING83" STYLEREFS="STYLE4" HEIGHT="84" WIDTH="292" HPOS="2751" VPOS="1886" CONTENT="Lærdom" WC="0.59" LANG="dan"/>
						</TextLine>
						<TextLine ID="LINE16" HEIGHT="111" WIDTH="1790" HPOS="1218" VPOS="1990">
							<String ID="STRING84" STYLEREFS="STYLE4" HEIGHT="74" WIDTH="82" HPOS="1218" VPOS="2014" CONTENT="og" WC="0.69" LANG="dan"/>
							<SP ID="SP69" WIDTH="32" HPOS="1300" VPOS="2014"/>
							<String ID="STRING85" STYLEREFS="STYLE4" HEIGHT="104" WIDTH="482" HPOS="1332" VPOS="1990" CONTENT="Belæsenhed," WC="0.85" LANG="dan"/>
							<SP ID="SP70" WIDTH="62" HPOS="1814" VPOS="1990"/>
							<String ID="STRING86" STYLEREFS="STYLE4" HEIGHT="62" WIDTH="72" HPOS="1876" VPOS="2014" CONTENT="at" WC="1" LANG="dan"/>
							<SP ID="SP71" WIDTH="24" HPOS="1948" VPOS="2014"/>
							<String ID="STRING87" STYLEREFS="STYLE4" HEIGHT="96" WIDTH="376" HPOS="1972" VPOS="1995" CONTENT="Eftertiden" WC="0.88" LANG="dan"/>
							<SP ID="SP72" WIDTH="38" HPOS="2348" VPOS="1995"/>
							<String ID="STRING88" STYLEREFS="STYLE4" HEIGHT="63" WIDTH="246" HPOS="2386" VPOS="2020" CONTENT="maatte" WC="0.93" LANG="dan"/>
							<SP ID="SP73" WIDTH="40" HPOS="2632" VPOS="2020"/>
							<String ID="STRING89" STYLEREFS="STYLE4" HEIGHT="96" WIDTH="166" HPOS="2672" VPOS="2005" CONTENT="have" WC="0.68" LANG="dan"/>
							<SP ID="SP74" WIDTH="32" HPOS="2838" VPOS="2005"/>
							<String ID="STRING90" STYLEREFS="STYLE4" HEIGHT="78" WIDTH="138" HPOS="2870" VPOS="2005" CONTENT="tviv" SUBS_TYPE="HypPart1" SUBS_CONTENT="tvivlet" WC="0.56" LANG="dan"/>
							<HYP CONTENT="-"/>
						</TextLine>
						<TextLine ID="LINE17" HEIGHT="106" WIDTH="1831" HPOS="1208" VPOS="2109">
							<String ID="STRING91" STYLEREFS="STYLE4" HEIGHT="74" WIDTH="85" HPOS="1208" VPOS="2116" CONTENT="let" SUBS_TYPE="HypPart2" SUBS_CONTENT="tvivlet" WC="1" LANG="dan"/>
							<SP ID="SP75" WIDTH="33" HPOS="1293" VPOS="2116"/>
							<String ID="STRING92" STYLEREFS="STYLE4" HEIGHT="92" WIDTH="263" HPOS="1326" VPOS="2114" CONTENT="derom," WC="0.77" LANG="dan"/>
							<SP ID="SP76" WIDTH="67" HPOS="1589" VPOS="2114"/>
							<String ID="STRING93" STYLEREFS="STYLE4" HEIGHT="100" WIDTH="157" HPOS="1656" VPOS="2109" CONTENT="hvis" WC="0.84" LANG="dan"/>
							<SP ID="SP77" WIDTH="37" HPOS="1813" VPOS="2109"/>
							<String ID="STRING94" STYLEREFS="STYLE4" HEIGHT="76" WIDTH="125" HPOS="1850" VPOS="2118" CONTENT="den" WC="0.85" LANG="dan"/>
							<SP ID="SP78" WIDTH="35" HPOS="1975" VPOS="2118"/>
							<String ID="STRING95" STYLEREFS="STYLE4" HEIGHT="76" WIDTH="71" HPOS="2010" VPOS="2135" CONTENT="ey" WC="0.81" LANG="dan"/>
							<SP ID="SP79" WIDTH="37" HPOS="2081" VPOS="2135"/>
							<String ID="STRING96" STYLEREFS="STYLE4" HEIGHT="98" WIDTH="211" HPOS="2118" VPOS="2114" CONTENT="havde" WC="0.73" LANG="dan"/>
							<SP ID="SP80" WIDTH="33" HPOS="2329" VPOS="2114"/>
							<String ID="STRING97" STYLEREFS="STYLE4" HEIGHT="97" WIDTH="295" HPOS="2362" VPOS="2117" CONTENT="beholder" WC="0.7" LANG="dan"/>
							<SP ID="SP81" WIDTH="29" HPOS="2657" VPOS="2117"/>
							<String ID="STRING98" STYLEREFS="STYLE4" HEIGHT="96" WIDTH="353" HPOS="2686" VPOS="2119" CONTENT="Levninger" WC="0.68" LANG="dan"/>
						</TextLine>
						<TextLine ID="LINE18" HEIGHT="110" WIDTH="1805" HPOS="1205" VPOS="2222">
							<String ID="STRING99" STYLEREFS="STYLE4" HEIGHT="96" WIDTH="79" HPOS="1205" VPOS="2222" CONTENT="af" WC="0.75" LANG="dan"/>
							<SP ID="SP82" WIDTH="27" HPOS="1284" VPOS="2222"/>
							<String ID="STRING100" STYLEREFS="STYLE4" HEIGHT="99" WIDTH="177" HPOS="1311" VPOS="2224" CONTENT="hans" WC="0.9" LANG="dan"/>
							<SP ID="SP83" WIDTH="39" HPOS="1488" VPOS="2224"/>
							<String ID="STRING101" STYLEREFS="STYLE4" HEIGHT="102" WIDTH="341" HPOS="1527" VPOS="2222" CONTENT="Skrifter," WC="0.77" LANG="dan"/>
							<SP ID="SP84" WIDTH="49" HPOS="1868" VPOS="2222"/>
							<String ID="STRING102" STYLEREFS="STYLE4" HEIGHT="94" WIDTH="137" HPOS="1917" VPOS="2228" CONTENT="som" WC="0.7" LANG="dan"/>
							<SP ID="SP85" WIDTH="31" HPOS="2054" VPOS="2228"/>
							<String ID="STRING103" STYLEREFS="STYLE4" HEIGHT="77" WIDTH="77" HPOS="2085" VPOS="2235" CONTENT="de" WC="0.77" LANG="dan"/>
							<SP ID="SP86" WIDTH="43" HPOS="2162" VPOS="2235"/>
							<String ID="STRING104" STYLEREFS="STYLE4" HEIGHT="97" WIDTH="327" HPOS="2205" VPOS="2235" CONTENT="tydeligste" WC="0.85" LANG="dan"/>
							<SP ID="SP87" WIDTH="23" HPOS="2532" VPOS="2235"/>
							<String ID="STRING105" STYLEREFS="STYLE4" HEIGHT="84" WIDTH="455" HPOS="2555" VPOS="2232" CONTENT="Mindesmær" SUBS_TYPE="HypPart1" SUBS_CONTENT="Mindesmærker;" WC="0.74" LANG="dan"/>
							<HYP CONTENT="-"/>
						</TextLine>
						<TextLine ID="LINE19" HEIGHT="107" WIDTH="1834" HPOS="1200" VPOS="2341">
							<String ID="STRING106" STYLEREFS="STYLE4" HEIGHT="95" WIDTH="152" HPOS="1200" VPOS="2342" CONTENT="ker;" SUBS_TYPE="HypPart2" SUBS_CONTENT="Mindesmærker;" WC="0.72" LANG="dan"/>
							<SP ID="SP88" WIDTH="68" HPOS="1352" VPOS="2342"/>
							<String ID="STRING107" STYLEREFS="STYLE4" HEIGHT="96" WIDTH="178" HPOS="1420" VPOS="2341" CONTENT="hans" WC="0.93" LANG="dan"/>
							<SP ID="SP89" WIDTH="44" HPOS="1598" VPOS="2341"/>
							<String ID="STRING108" STYLEREFS="STYLE4" HEIGHT="83" WIDTH="234" HPOS="1642" VPOS="2341" CONTENT="enkelte" WC="1" LANG="dan"/>
							<SP ID="SP90" WIDTH="44" HPOS="1876" VPOS="2341"/>
							<String ID="STRING109" STYLEREFS="STYLE4" HEIGHT="102" WIDTH="196" HPOS="1920" VPOS="2344" CONTENT="Flid," WC="0.56" LANG="dan"/>
							<SP ID="SP91" WIDTH="64" HPOS="2116" VPOS="2344"/>
							<String ID="STRING110" STYLEREFS="STYLE4" HEIGHT="75" WIDTH="178" HPOS="2180" VPOS="2352" CONTENT="uden" WC="0.78" LANG="dan"/>
							<SP ID="SP92" WIDTH="40" HPOS="2358" VPOS="2352"/>
							<String ID="STRING111" STYLEREFS="STYLE4" HEIGHT="93" WIDTH="194" HPOS="2398" VPOS="2355" CONTENT="fleres" WC="0.69" LANG="dan"/>
							<SP ID="SP93" WIDTH="52" HPOS="2592" VPOS="2355"/>
							<String ID="STRING112" STYLEREFS="STYLE4" HEIGHT="74" WIDTH="80" HPOS="2644" VPOS="2373" CONTENT="og" WC="0.34" LANG="dan"/>
							<SP ID="SP94" WIDTH="30" HPOS="2724" VPOS="2373"/>
							<String ID="STRING113" STYLEREFS="STYLE4" HEIGHT="90" WIDTH="280" HPOS="2754" VPOS="2357" CONTENT="manges" WC="0.83" LANG="dan"/>
						</TextLine>
						<TextLine ID="LINE20" HEIGHT="105" WIDTH="1840" HPOS="1197" VPOS="2455">
							<String ID="STRING114" STYLEREFS="STYLE4" HEIGHT="96" WIDTH="498" HPOS="1197" VPOS="2455" CONTENT="Understøttelse" WC="0.8" LANG="dan"/>
							<SP ID="SP95" WIDTH="26" HPOS="1695" VPOS="2455"/>
							<String ID="STRING115" STYLEREFS="STYLE4" HEIGHT="83" WIDTH="212" HPOS="1721" VPOS="2457" CONTENT="kunde" WC="0.81" LANG="dan"/>
							<SP ID="SP96" WIDTH="36" HPOS="1933" VPOS="2457"/>
							<String ID="STRING116" STYLEREFS="STYLE4" HEIGHT="90" WIDTH="128" HPOS="1969" VPOS="2467" CONTENT="dog" WC="0.82" LANG="dan"/>
							<SP ID="SP97" WIDTH="28" HPOS="2097" VPOS="2467"/>
							<String ID="STRING117" STYLEREFS="STYLE4" HEIGHT="100" WIDTH="236" HPOS="2125" VPOS="2460" CONTENT="ligesaa" WC="0.9" LANG="dan"/>
							<SP ID="SP98" WIDTH="42" HPOS="2361" VPOS="2460"/>
							<String ID="STRING118" STYLEREFS="STYLE4" HEIGHT="78" WIDTH="152" HPOS="2403" VPOS="2468" CONTENT="lidet" WC="0.82" LANG="dan"/>
							<SP ID="SP99" WIDTH="42" HPOS="2555" VPOS="2468"/>
							<String ID="STRING119" STYLEREFS="STYLE4" HEIGHT="94" WIDTH="290" HPOS="2597" VPOS="2463" CONTENT="fordrive" WC="0.57" LANG="dan"/>
							<SP ID="SP100" WIDTH="46" HPOS="2887" VPOS="2463"/>
							<String ID="STRING120" STYLEREFS="STYLE4" HEIGHT="76" WIDTH="104" HPOS="2933" VPOS="2471" CONTENT="det" WC="0.85" LANG="dan"/>
						</TextLine>
						<TextLine ID="LINE21" HEIGHT="107" WIDTH="1833" HPOS="1195" VPOS="2569">
							<String ID="STRING121" STYLEREFS="STYLE4" HEIGHT="96" WIDTH="143" HPOS="1195" VPOS="2570" CONTENT="fæle" WC="0.85" LANG="dan"/>
							<SP ID="SP101" WIDTH="45" HPOS="1338" VPOS="2570"/>
							<String ID="STRING122" STYLEREFS="STYLE4" HEIGHT="86" WIDTH="353" HPOS="1383" VPOS="2569" CONTENT="Barbarie" WC="0.75" LANG="dan"/>
							<SP ID="SP102" WIDTH="43" HPOS="1736" VPOS="2569"/>
							<String ID="STRING123" STYLEREFS="STYLE4" HEIGHT="95" WIDTH="107" HPOS="1779" VPOS="2571" CONTENT="fra" WC="0.85" LANG="dan"/>
							<SP ID="SP103" WIDTH="45" HPOS="1886" VPOS="2571"/>
							<String ID="STRING124" STYLEREFS="STYLE4" HEIGHT="104" WIDTH="255" HPOS="1931" VPOS="2572" CONTENT="Østen," WC="0.79" LANG="dan"/>
							<SP ID="SP104" WIDTH="65" HPOS="2186" VPOS="2572"/>
							<String ID="STRING125" STYLEREFS="STYLE4" HEIGHT="97" WIDTH="135" HPOS="2251" VPOS="2576" CONTENT="som" WC="1" LANG="dan"/>
							<SP ID="SP105" WIDTH="47" HPOS="2386" VPOS="2576"/>
							<String ID="STRING126" STYLEREFS="STYLE4" HEIGHT="58" WIDTH="75" HPOS="2433" VPOS="2602" CONTENT="en" WC="1" LANG="dan"/>
							<SP ID="SP106" WIDTH="47" HPOS="2508" VPOS="2602"/>
							<String ID="STRING127" STYLEREFS="STYLE4" HEIGHT="80" WIDTH="197" HPOS="2555" VPOS="2581" CONTENT="enkelt" WC="1" LANG="dan"/>
							<SP ID="SP107" WIDTH="35" HPOS="2752" VPOS="2581"/>
							<String ID="STRING128" STYLEREFS="STYLE4" HEIGHT="97" WIDTH="241" HPOS="2787" VPOS="2572" CONTENT="Saxo" WC="0.38" LANG="dan"/>
						</TextLine>
						<TextLine ID="LINE22" HEIGHT="115" WIDTH="1831" HPOS="1196" VPOS="2674">
							<String ID="STRING129" STYLEREFS="STYLE4" HEIGHT="74" WIDTH="149" HPOS="1196" VPOS="2692" CONTENT="eller" WC="0.92" LANG="dan"/>
							<SP ID="SP108" WIDTH="41" HPOS="1345" VPOS="2692"/>
							<String ID="STRING130" STYLEREFS="STYLE5" HEIGHT="111" WIDTH="451" HPOS="1386" VPOS="2674" CONTENT="Sturlesou" WC="0.46" LANG="dan"/>
							<SP ID="SP109" WIDTH="67" HPOS="1837" VPOS="2674"/>
							<String ID="STRING131" STYLEREFS="STYLE4" HEIGHT="75" WIDTH="107" HPOS="1904" VPOS="2696" CONTENT="det" WC="0.77" LANG="dan"/>
							<SP ID="SP110" WIDTH="47" HPOS="2011" VPOS="2696"/>
							<String ID="STRING132" STYLEREFS="STYLE4" HEIGHT="94" WIDTH="243" HPOS="2058" VPOS="2691" CONTENT="samme" WC="0.84" LANG="dan"/>
							<SP ID="SP111" WIDTH="61" HPOS="2301" VPOS="2691"/>
							<String ID="STRING133" STYLEREFS="STYLE4" HEIGHT="96" WIDTH="109" HPOS="2362" VPOS="2693" CONTENT="fra" WC="0.78" LANG="dan"/>
							<SP ID="SP112" WIDTH="57" HPOS="2471" VPOS="2693"/>
							<String ID="STRING134" STYLEREFS="STYLE4" HEIGHT="69" WIDTH="153" HPOS="2528" VPOS="2707" CONTENT="vort" WC="0.79" LANG="dan"/>
							<SP ID="SP113" WIDTH="45" HPOS="2681" VPOS="2707"/>
							<String ID="STRING135" STYLEREFS="STYLE4" HEIGHT="84" WIDTH="301" HPOS="2726" VPOS="2695" CONTENT="Norden." WC="0.72" LANG="dan"/>
						</TextLine>
						<TextLine ID="LINE23" HEIGHT="111" WIDTH="1840" HPOS="1189" VPOS="2798">
							<String ID="STRING136" STYLEREFS="STYLE4" HEIGHT="100" WIDTH="422" HPOS="1189" VPOS="2798" CONTENT="Erfarenhed" WC="0.75" LANG="dan"/>
							<SP ID="SP114" WIDTH="50" HPOS="1611" VPOS="2798"/>
							<String ID="STRING137" STYLEREFS="STYLE4" HEIGHT="73" WIDTH="172" HPOS="1661" VPOS="2811" CONTENT="lærte" WC="1" LANG="dan"/>
							<SP ID="SP115" WIDTH="52" HPOS="1833" VPOS="2811"/>
							<String ID="STRING138" STYLEREFS="STYLE4" HEIGHT="99" WIDTH="82" HPOS="1885" VPOS="2804" CONTENT="af" WC="0.85" LANG="dan"/>
							<SP ID="SP116" WIDTH="37" HPOS="1967" VPOS="2804"/>
							<String ID="STRING139" STYLEREFS="STYLE6" HEIGHT="106" WIDTH="615" HPOS="2004" VPOS="2803" CONTENT="Videnskabernes" WC="0.84" LANG="dan"/>
							<SP ID="SP117" WIDTH="52" HPOS="2619" VPOS="2803"/>
							<String ID="STRING140" STYLEREFS="STYLE4" HEIGHT="94" WIDTH="358" HPOS="2671" VPOS="2815" CONTENT="uventelige" WC="0.8" LANG="dan"/>
						</TextLine>
						<TextLine ID="LINE24" HEIGHT="113" WIDTH="1841" HPOS="1187" VPOS="2912">
							<String ID="STRING141" STYLEREFS="STYLE4" HEIGHT="90" WIDTH="157" HPOS="1187" VPOS="2914" CONTENT="Tab" WC="0.76" LANG="dan"/>
							<SP ID="SP118" WIDTH="46" HPOS="1344" VPOS="2914"/>
							<String ID="STRING142" STYLEREFS="STYLE4" HEIGHT="76" WIDTH="84" HPOS="1390" VPOS="2937" CONTENT="og" WC="0.34" LANG="dan"/>
							<SP ID="SP119" WIDTH="51" HPOS="1474" VPOS="2937"/>
							<String ID="STRING143" STYLEREFS="STYLE4" HEIGHT="106" WIDTH="367" HPOS="1525" VPOS="2912" CONTENT="Aftagelse," WC="0.86" LANG="dan"/>
							<SP ID="SP120" WIDTH="68" HPOS="1892" VPOS="2912"/>
							<String ID="STRING144" STYLEREFS="STYLE4" HEIGHT="64" WIDTH="72" HPOS="1960" VPOS="2939" CONTENT="at" WC="1" LANG="dan"/>
							<SP ID="SP121" WIDTH="40" HPOS="2032" VPOS="2939"/>
							<String ID="STRING145" STYLEREFS="STYLE4" HEIGHT="79" WIDTH="126" HPOS="2072" VPOS="2927" CONTENT="den" WC="0.78" LANG="dan"/>
							<SP ID="SP122" WIDTH="44" HPOS="2198" VPOS="2927"/>
							<String ID="STRING146" STYLEREFS="STYLE4" HEIGHT="99" WIDTH="404" HPOS="2242" VPOS="2926" CONTENT="sælffabelige" WC="0.74" LANG="dan"/>
							<SP ID="SP123" WIDTH="50" HPOS="2646" VPOS="2926"/>
							<String ID="STRING147" STYLEREFS="STYLE4" HEIGHT="93" WIDTH="332" HPOS="2696" VPOS="2927" CONTENT="foreenede" WC="0.78" LANG="dan"/>
						</TextLine>
						<TextLine ID="LINE25" HEIGHT="110" WIDTH="1843" HPOS="1186" VPOS="3030">
							<String ID="STRING148" STYLEREFS="STYLE4" HEIGHT="100" WIDTH="159" HPOS="1186" VPOS="3032" CONTENT="Flid" WC="0.68" LANG="dan"/>
							<SP ID="SP124" WIDTH="55" HPOS="1345" VPOS="3032"/>
							<String ID="STRING149" STYLEREFS="STYLE4" HEIGHT="72" WIDTH="81" HPOS="1400" VPOS="3055" CONTENT="og" WC="0.44" LANG="dan"/>
							<SP ID="SP125" WIDTH="37" HPOS="1481" VPOS="3055"/>
							<String ID="STRING150" STYLEREFS="STYLE4" HEIGHT="101" WIDTH="521" HPOS="1518" VPOS="3030" CONTENT="Stræbsomhed" WC="0.66" LANG="dan"/>
							<SP ID="SP126" WIDTH="69" HPOS="2039" VPOS="3030"/>
							<String ID="STRING151" STYLEREFS="STYLE4" HEIGHT="78" WIDTH="139" HPOS="2108" VPOS="3040" CONTENT="blev" WC="0.69" LANG="dan"/>
							<SP ID="SP127" WIDTH="63" HPOS="2247" VPOS="3040"/>
							<String ID="STRING152" STYLEREFS="STYLE4" HEIGHT="99" WIDTH="171" HPOS="2310" VPOS="3041" CONTENT="højst" WC="0.59" LANG="dan"/>
							<SP ID="SP128" WIDTH="73" HPOS="2481" VPOS="3041"/>
							<String ID="STRING153" STYLEREFS="STYLE4" HEIGHT="93" WIDTH="323" HPOS="2554" VPOS="3042" CONTENT="fornøden" WC="0.62" LANG="dan"/>
							<SP ID="SP129" WIDTH="73" HPOS="2877" VPOS="3042"/>
							<String ID="STRING154" STYLEREFS="STYLE4" HEIGHT="78" WIDTH="79" HPOS="2950" VPOS="3047" CONTENT="til" WC="0.63" LANG="dan"/>
						</TextLine>
						<TextLine ID="LINE26" HEIGHT="114" WIDTH="1835" HPOS="1181" VPOS="3145">
							<String ID="STRING155" STYLEREFS="STYLE6" HEIGHT="93" WIDTH="597" HPOS="1181" VPOS="3145" CONTENT="Videnskabernes" WC="0.85" LANG="dan"/>
							<SP ID="SP130" WIDTH="61" HPOS="1778" VPOS="3145"/>
							<String ID="STRING156" STYLEREFS="STYLE4" HEIGHT="100" WIDTH="579" HPOS="1839" VPOS="3150" CONTENT="Vedligeholdelse" WC="0.75" LANG="dan"/>
							<SP ID="SP131" WIDTH="75" HPOS="2418" VPOS="3150"/>
							<String ID="STRING157" STYLEREFS="STYLE4" HEIGHT="74" WIDTH="79" HPOS="2493" VPOS="3180" CONTENT="og" WC="0.57" LANG="dan"/>
							<SP ID="SP132" WIDTH="79" HPOS="2572" VPOS="3180"/>
							<String ID="STRING158" STYLEREFS="STYLE4" HEIGHT="100" WIDTH="365" HPOS="2651" VPOS="3159" CONTENT="Fremvext." WC="0.71" LANG="dan"/>
						</TextLine>
						<TextLine ID="LINE27" HEIGHT="114" WIDTH="1836" HPOS="1180" VPOS="3259">
							<String ID="STRING159" STYLEREFS="STYLE4" HEIGHT="82" WIDTH="182" HPOS="1180" VPOS="3264" CONTENT="Den" WC="0.76" LANG="dan"/>
							<SP ID="SP133" WIDTH="36" HPOS="1362" VPOS="3264"/>
							<String ID="STRING160" STYLEREFS="STYLE4" HEIGHT="100" WIDTH="248" HPOS="1398" VPOS="3259" CONTENT="stiftede" WC="0.8" LANG="dan"/>
							<SP ID="SP134" WIDTH="26" HPOS="1646" VPOS="3259"/>
							<String ID="STRING161" STYLEREFS="STYLE4" HEIGHT="95" WIDTH="222" HPOS="1672" VPOS="3263" CONTENT="derfor" WC="0.77" LANG="dan"/>
							<SP ID="SP135" WIDTH="34" HPOS="1894" VPOS="3263"/>
							<String ID="STRING162" STYLEREFS="STYLE4" HEIGHT="103" WIDTH="328" HPOS="1928" VPOS="3263" CONTENT="offentlige" WC="0.84" LANG="dan"/>
							<SP ID="SP136" WIDTH="36" HPOS="2256" VPOS="3263"/>
							<String ID="STRING163" STYLEREFS="STYLE4" HEIGHT="100" WIDTH="190" HPOS="2292" VPOS="3273" CONTENT="Høje" WC="0.71" LANG="dan"/>
							<SP ID="SP137" WIDTH="38" HPOS="2482" VPOS="3273"/>
							<String ID="STRING164" STYLEREFS="STYLE4" HEIGHT="96" WIDTH="286" HPOS="2520" VPOS="3274" CONTENT="Skoler," WC="0.71" LANG="dan"/>
							<SP ID="SP138" WIDTH="40" HPOS="2806" VPOS="3274"/>
							<String ID="STRING165" STYLEREFS="STYLE4" HEIGHT="101" WIDTH="170" HPOS="2846" VPOS="3270" CONTENT="hvor" WC="0.55" LANG="dan"/>
						</TextLine>
						<TextLine ID="LINE28" HEIGHT="121" WIDTH="1870" HPOS="1179" VPOS="3377">
							<String ID="STRING166" STYLEREFS="STYLE4" HEIGHT="73" WIDTH="236" HPOS="1179" VPOS="3396" CONTENT="mange" WC="0.78" LANG="dan"/>
							<SP ID="SP139" WIDTH="47" HPOS="1415" VPOS="3396"/>
							<String ID="STRING167" STYLEREFS="STYLE4" HEIGHT="102" WIDTH="265" HPOS="1462" VPOS="3377" CONTENT="Lærere," WC="0.8" LANG="dan"/>
							<SP ID="SP140" WIDTH="95" HPOS="1727" VPOS="3377"/>
							<String ID="STRING168" STYLEREFS="STYLE4" HEIGHT="96" WIDTH="137" HPOS="1822" VPOS="3378" CONTENT="som" WC="0.47" LANG="dan"/>
							<SP ID="SP141" WIDTH="57" HPOS="1959" VPOS="3378"/>
							<String ID="STRING169" STYLEREFS="STYLE7" HEIGHT="104" WIDTH="592" HPOS="2016" VPOS="3379" CONTENT="Videnskabernes" WC="0.87" LANG="dan"/>
							<SP ID="SP142" WIDTH="69" HPOS="2608" VPOS="3379"/>
							<String ID="STRING170" STYLEREFS="STYLE7" HEIGHT="108" WIDTH="372" HPOS="2677" VPOS="3390" CONTENT="Grotter-;" WC="0.71" LANG="dan"/>
						</TextLine>
						<TextLine ID="LINE29" HEIGHT="121" WIDTH="1807" HPOS="1173" VPOS="3487">
							<String ID="STRING171" STYLEREFS="STYLE4" HEIGHT="95" WIDTH="211" HPOS="1173" VPOS="3487" CONTENT="ffulde" WC="0.73" LANG="dan"/>
							<SP ID="SP143" WIDTH="43" HPOS="1384" VPOS="3487"/>
							<String ID="STRING172" STYLEREFS="STYLE4" HEIGHT="96" WIDTH="251" HPOS="1427" VPOS="3487" CONTENT="foreene" WC="0.9" LANG="dan"/>
							<SP ID="SP144" WIDTH="35" HPOS="1678" VPOS="3487"/>
							<String ID="STRING173" STYLEREFS="STYLE4" HEIGHT="75" WIDTH="191" HPOS="1713" VPOS="3501" CONTENT="deres" WC="0.74" LANG="dan"/>
							<SP ID="SP145" WIDTH="33" HPOS="1904" VPOS="3501"/>
							<String ID="STRING174" STYLEREFS="STYLE4" HEIGHT="104" WIDTH="357" HPOS="1937" VPOS="3496" CONTENT="Indsigter" WC="0.81" LANG="dan"/>
							<SP ID="SP146" WIDTH="31" HPOS="2294" VPOS="3496"/>
							<String ID="STRING175" STYLEREFS="STYLE4" HEIGHT="76" WIDTH="83" HPOS="2325" VPOS="3527" CONTENT="og" WC="0.97" LANG="dan"/>
							<SP ID="SP147" WIDTH="35" HPOS="2408" VPOS="3527"/>
							<String ID="STRING176" STYLEREFS="STYLE4" HEIGHT="100" WIDTH="153" HPOS="2443" VPOS="3508" CONTENT="Flid" WC="0.79" LANG="dan"/>
							<SP ID="SP148" WIDTH="45" HPOS="2596" VPOS="3508"/>
							<String ID="STRING177" STYLEREFS="STYLE4" HEIGHT="78" WIDTH="69" HPOS="2641" VPOS="3507" CONTENT="til" WC="0.94" LANG="dan"/>
							<SP ID="SP149" WIDTH="53" HPOS="2710" VPOS="3507"/>
							<String ID="STRING178" STYLEREFS="STYLE4" HEIGHT="82" WIDTH="217" HPOS="2763" VPOS="3504" CONTENT="Kund" SUBS_TYPE="HypPart1" SUBS_CONTENT="Kundskabs" WC="0.5" LANG="dan"/>
							<HYP CONTENT="-"/>
						</TextLine>
						<TextLine ID="LINE30" HEIGHT="116" WIDTH="1839" HPOS="1170" VPOS="3602">
							<String ID="STRING179" STYLEREFS="STYLE4" HEIGHT="100" WIDTH="192" HPOS="1170" VPOS="3602" CONTENT="skabs" SUBS_TYPE="HypPart2" SUBS_CONTENT="Kundskabs" WC="0.65" LANG="dan"/>
							<SP ID="SP150" WIDTH="64" HPOS="1362" VPOS="3602"/>
							<String ID="STRING180" STYLEREFS="STYLE4" HEIGHT="77" WIDTH="83" HPOS="1426" VPOS="3625" CONTENT="og" WC="0.34" LANG="dan"/>
							<SP ID="SP151" WIDTH="69" HPOS="1509" VPOS="3625"/>
							<String ID="STRING181" STYLEREFS="STYLE4" HEIGHT="90" WIDTH="396" HPOS="1578" VPOS="3604" CONTENT="Viisdoms" WC="0.67" LANG="dan"/>
							<SP ID="SP152" WIDTH="76" HPOS="1974" VPOS="3604"/>
							<String ID="STRING182" STYLEREFS="STYLE4" HEIGHT="105" WIDTH="449" HPOS="2050" VPOS="3613" CONTENT="Formeerelse." WC="0.69" LANG="dan"/>
							<SP ID="SP153" WIDTH="173" HPOS="2499" VPOS="3613"/>
							<String ID="STRING183" STYLEREFS="STYLE4" HEIGHT="99" WIDTH="125" HPOS="2672" VPOS="3617" CONTENT="Og" WC="0.47" LANG="dan"/>
							<SP ID="SP154" WIDTH="43" HPOS="2797" VPOS="3617"/>
							<String ID="STRING184" STYLEREFS="STYLE4" HEIGHT="98" WIDTH="169" HPOS="2840" VPOS="3620" CONTENT="hvor" WC="0.5" LANG="dan"/>
						</TextLine>
					</TextBlock>
					<Illustration xs:type="IllustrationType" ID="ZONE1318638" HEIGHT="783" WIDTH="1087" HPOS="73" VPOS="2939" xlink:type="simple"/>
					<Illustration xs:type="IllustrationType" ID="ZONE1318639" HEIGHT="897" WIDTH="3218" HPOS="68" VPOS="3715" xlink:type="simple"/>
				</ComposedBlock>
			</PrintSpace>
		</Page>
	</Layout>
</alto>
