3280 4519
301 691 172 62 naar
519 671 132 100 han
681 673 150 78 veed
873 673 142 76 med
1047 671 88 96 sig
1167 667 166 98 selv,
1385 683 72 66 at
1507 667 128 98 han
1687 671 154 80 intet
1887 667 380 98 forsømmer

301 829 186 64 enten
521 811 78 96 af
623 811 172 98 Fliid
843 817 138 74 eller
1013 809 526 98 Formaninger,
1619 831 170 58 naar
1813 813 18 78 i
1863 817 100 74 det
1997 817 268 98 mindste

299 959 190 90 nøgle
533 953 126 80 kan
693 953 162 78 bære
903 947 242 86 Vidne
1191 969 108 60 om
1357 949 176 96 hans
1593 949 318 100 Arbeide,
1965 953 124 80 kan
2131 955 132 96 han

293 1091 130 82 ikke
459 1099 90 74 da
593 1111 164 60 være
789 1093 246 94 rvelig?
1113 1089 136 84 Nei
1269 1087 432 100 Højstærede!
1755 1097 128 92 just
1911 1099 200 76 denne
2143 1101 90 92 sto-

295 1253 68 60 re
395 1231 278 100 Forffiek
707 1251 64 58 er
809 1235 106 76 der
941 1251 132 76 paa
1105 1251 74 58 en
1213 1229 232 84 Lærere
1475 1233 20 76 i
1523 1229 250 82 Kirken
1825 1253 80 74 og
1925 1235 18 78 i
1965 1233 296 84 Skolen.

291 1367 214 88 Naar
535 1371 132 100 hiin
695 1371 292 80 arbeider
1021 1371 268 94 redelig,
1343 1373 206 92 staaer
1585 1373 130 94 han
1755 1377 208 74 aleene
2009 1373 106 92 for
2157 1381 72 74 de-

287 1521 112 70 res
435 1511 256 96 Dom,
747 1517 108 74 der
905 1511 214 80 kiende
1149 1511 172 96 hans
1371 1507 280 86 Arbeide
1705 1531 80 76 og
1831 1511 124 80 ikke
1995 1515 90 80 vil
2117 1521 144 76 lade

285 1655 108 76 det
423 1673 166 58 være
623 1649 460 98 forfængeligt:
1137 1655 200 74 denne
1377 1651 292 80 derimod
1719 1671 156 58 maa
1923 1659 210 92 taale,
2187 1671 76 64 at

277 1793 234 92 næsten
543 1795 118 74 alle
697 1791 254 96 opkaste
981 1793 86 94 sig
1101 1791 70 80 til
1205 1789 176 96 hans
1405 1787 400 86 Dommere.
1887 1789 132 84 De
2047 1793 180 84 Due-

279 1931 230 94 ligeres
539 1927 382 100 Fremgang
953 1929 306 94 tilskrives
1311 1935 184 72 deres
1541 1949 150 76 egen
1725 1927 398 102 Flittighed,
2181 1941 76 72 de

275 2065 462 100 Ryggesløses
769 2091 82 76 og
871 2067 308 86 Dovnes
1211 2043 332 106 Uordener
1579 2089 82 74 og
1691 2067 562 102 Vankundighed

277 2207 326 84 Lærerens
633 2207 498 98 Forsømmelse:
1187 2213 208 76 taaler
1437 2207 134 96 han
1605 2215 74 72 de
1721 2215 208 74 dovne
1973 2233 82 74 og
2093 2213 132 90 seen-

275 2349 346 92 drægtige,
675 2347 78 94 af
783 2345 270 98 Ømhed
1105 2367 148 56 over
1289 2351 184 72 deres
1511 2343 314 98 Velfærd
1867 2369 82 76 og
1979 2353 20 76 i
2028 2348 219 98 Haab-

277 2459 110 103 om
277 2505 110 58 om
421 2483 458 98 Forbedring,
928 2483 320 96 beskyldes
1285 2483 132 98 han
1451 2483 106 96 for
1603 2487 208 94 utidig
1861 2487 360 100 Lemfældig-

279 2621 158 100 hed;
493 2629 330 90 udrydder
853 2625 134 96 han
1023 2629 186 88 dem,
1265 2641 106 62 om
1399 2623 200 98 hvilke
1647 2623 132 98 han
1811 2625 130 98 just
1971 2629 126 80 ikke
2125 2625 126 104 har

275 2763 444 96 tilstrækkeligt
753 2763 252 100 Haab,
1061 2763 226 96 hedder
1315 2763 128 96 han
1469 2765 370 98 ubesindig,
1889 2771 71 90 ja
2011 2777 98 76 vel
2153 2773 64 80 in-

273 2913 124 72 den
443 2903 144 80 kort
639 2901 158 90 Tud
863 2919 248 64 maatte
1167 2901 212 98 frygte
1435 2921 72 60 at
1545 2903 90 94 see
1685 2909 94 94 sin
1823 2905 224 86 Skole
2089 2925 158 66 tom.

273 3041 230 84 Skeer
541 3047 100 74 der
675 3041 124 98 (og
833 3049 356 90 desværre,
1241 3049 94 74 alt
1387 3043 104 96 for
1527 3043 132 96 ofte
1691 3045 150 94 skeer
1871 3049 128 98 der)
2029 3069 70 60 at
2147 3057 100 90 de,

271 3181 154 98 hvis
459 3187 308 92 Ungdom
803 3183 130 98 han
967 3183 120 96 har
1123 3183 142 94 sogt
1309 3197 72 64 at
1427 3181 230 98 anføre
1689 3191 118 72 ved
1851 3191 74 76 de
1963 3195 252 92 gudelig-

267 3325 110 98 ste,
443 3329 74 74 de
579 3323 448 96 troehjertigste
1073 3323 532 96 Formaninger,
1691 3327 170 94 siden
1931 3331 312 98 omstreife

265 3463 140 92 fom
441 3463 318 96 Jordens
791 3469 288 90 unyttige
1121 3461 326 98 Byrder,
1503 3466 169 95 srax
1717 3463 122 100 har
1889 3485 158 62 man
2093 3469 150 102 disse

265 3621 74 60 ar
377 3601 294 98 fremvise
735 3601 134 94 som
929 3603 350 98 saamange
1335 3601 462 100 Skamflekker
1857 3619 142 84 paa
2059 3608 178 92 hans’

261 3742 192 98 Ære
563 3741 200 100 Disse
813 3765 78 76 og
937 3765 236 76 mange
1219 3751 204 76 andre
1469 3741 612 104 Omstændigheder
2115 3757 120 76 ved

2057 3909 76 60 en
