2953 4589
83 555 156 90 ved,
295 563 74 64 at
413 551 126 74 den
571 542 220 103 Aar-etd
811 535 63 98 zlqk)
913 537 226 98 tilforn
1187 537 242 100 havde
1459 547 200 70 været
1677 529 234 98 beplan-

81 683 84 68 tet
201 669 146 74 med
379 661 372 100 Kartofler.

199 779 142 100 Jeg
407 777 122 94 har
587 797 94 60 nu
737 775 332 98 beffreveu
1129 777 208 78 denne
1401 765 302 102 Frugtes
1773 759 164 96 Ayl.

77 897 124 88 Nu
229 895 240 102 følger:

937 1127 100 104 II.

931 1319 132 68 Om

509 1423 570 140 Kartoflers
1153 1435 330 138 Brug.

59 1701 260 190 ^)er
351 1829 100 60 ere
479 1829 238 76 mange
743 1807 306 84 Maader
1109 1807 306 98 hvorpaa
1463 1809 210 82 denne
1707 1803 224 104 Frugt

55 1931 124 82 kan
207 1925 182 98 føres
419 1927 74 80 til
521 1923 218 98 Nytte
791 1927 20 74 i
839 1911 612 114 Huusholdingen.

681 2065 164 120 Til
927 2063 334 136 Spise.

175 2225 138 88 De
357 2225 184 94 smaa
599 2229 310 94 irlandffe
971 2233 148 74 eller
1191 2225 734 98 Kastanie-Kartofler

59 2365 114 78 ere,
215 2343 134 96 som
385 2341 110 94 før
521 2363 66 58 er
619 2349 228 90 meldt,
891 2347 76 76 de
1001 2343 212 98 bedste
1245 2345 18 76 i
1299 2341 276 100 Smag,
1645 2363 82 74 og
1761 2341 130 80 tjen-

57 2463 170 94 ligste
261 2461 70 78 til
361 2455 246 100 Spife,
669 2459 246 96 hvortil
949 2463 74 76 de
1057 2479 136 76 paa
1255 2457 320 98 adskillige
1607 2457 314 80 Maader

55 2579 278 76 tillaves.
443 2571 1446 102 AlmuenkundesparemegetafandreFø-

55 2691 382 100 de-Bahre,
495 2695 128 76 ved
655 2705 72 64 at
765 2687 146 98 spise
961 2695 204 74 denne
1225 2689 246 100 Frugt,
1531 2689 136 94 som
1707 2709 66 58 er
1835 2708 79 60 en

53 2813 120 90 god
241 2829 82 74 og
387 2805 194 96 drøj,
649 2805 166 94 samt
867 2801 162 96 sund
1079 2825 82 76 og
1215 2803 450 98 velsmagende
1699 2803 216 100 Føde.

51 2921 170 82 Men
259 2927 88 76 da
381 2919 128 100 just
541 2927 76 74 de
653 2921 320 96 behielper
1001 2923 92 96 sig
1115 2925 148 76 med
1301 2925 122 76 den
1443 2923 474 94 allersimpleste

51 3035 358 98 Zillavelse,
467 3035 134 96 som
633 3043 74 74 de
735 3053 210 80 meget
989 3043 112 74 vel
1141 3041 162 76 veed
1355 3033 122 94 selv
1529 3051 72 64 at
1643 3035 268 96 opfinde

55 3175 80 74 og
175 3151 352 98 forandre;
595 3149 110 98 saa
735 3155 92 78 vil
873 3151 102 98 jeg
1017 3153 114 98 her
1171 3153 52 90 ej
1273 3149 236 96 befatte
1543 3153 136 94 mig
1727 3153 180 94 med,

47 3277 76 72 af
151 3267 200 100 skrive
417 3267 526 98 Kaage-Bogs
977 3299 24 40 -
1023 3267 258 100 Regler
1331 3263 104 102 for
1479 3267 170 100 Folk
1707 3261 78 98 af
1829 3285 80 62 en

897 3381 92 88 B
1057 3403 54 78 4
1733 3401 170 58 mee-

43 3503 62 88 *)
155 3505 58 84 I
241 3501 298 82 Engeland
587 3497 154 86 saaer
785 3519 136 52 man
957 3503 182 78 gierne
1175 3503 194 80 Hvede
1419 3499 156 80 næste
1613 3503 122 74 Aar
1773 3495 138 84 ester

155 3583 291 94 Planter-,
501 3601 69 68 og
605 3585 156 82 faaer
797 3583 337 87 sædvanligs
1163 3605 64 58 en
1257 3591 86 78 rig
1375 3583 162 86 Hest.
