3102 4654
1185 368 112 92 28

2054 355 102 68 AT-

1188 606 40 48 2
1266 580 302 97 Lispund
1602 576 344 103 Stivelse,
2014 602 82 76 og
2148 583 394 80 undertiden
2594 589 184 89 nogle
2808 581 202 102 Pund

1178 717 230 61 meere.
1520 695 136 91 De
1704 702 166 94 store
1916 704 198 93 guule
2144 696 274 86 Sorter
2460 720 100 60 ere
2618 704 76 76 de
2722 699 288 101 tjenligste

1177 815 210 81 dertil.

1303 978 323 101 Foruden
1665 968 153 99 disse
1865 976 347 78 ommeldte
2265 971 253 100 Poster
2559 974 125 88 kan
2729 995 81 74 og
2847 971 161 84 Kar«

1178 1102 192 94 rvfler
1400 1097 150 74 med
1582 1090 282 98 Fordeel
1896 1087 266 101 bruges,
2194 1092 74 79 til
2294 1107 70 64 at
2396 1089 180 98 feede
2606 1110 84 78 og
2726 1085 152 100 føde
2906 1093 76 78 ad-

1174 1210 233 98 skillige
1446 1205 391 82 Kreaturer.

1845 1405 157 98 Til
2063 1402 297 104 Sviin.

1298 1581 236 84 Sviin
1566 1578 124 80 kan
1720 1572 216 98 feedes
1962 1580 262 77 dermed
2258 1571 110 96 faa
2396 1581 158 92 godt
2582 1574 134 94 som
2732 1581 146 78 med
2906 1601 82 59 no-

1172 1718 107 86 get
1304 1700 247 93 Slags
1584 1692 223 82 Korn.
1926 1690 245 99 Flesket
2214 1690 203 83 bliver
2462 1691 127 95 fast
2632 1714 79 76 og
2758 1693 227 94 velsma-

1171 1822 230 96 gende.
1529 1807 102 87 Er
1671 1806 274 84 Svinet
1977 1809 162 95 stort
2187 1828 80 73 og
2307 1822 292 82 magert,
2665 1829 186 58 maae
2913 1815 94 77 det

1175 1938 173 98 have
1379 1947 59 62 er
1463 1931 205 94 større
1693 1926 353 98 Forraad,
2115 1942 67 60 er
2215 1926 109 78 det
2351 1923 155 82 lidet
2543 1944 81 74 og
2659 1920 225 101 forhen
2913 1930 91 78 vel

1170 2056 132 78 ved
1352 2045 242 100 Hold,
1662 2048 90 76 da
1796 2059 196 76 noget
2022 2038 276 80 mindre.
2418 2037 154 102 Fire
2606 2034 266 96 Tønder
2912 2061 86 59 ere

1168 2161 433 103 tilstrekkelige
1644 2154 109 100 for
1796 2175 61 62 et
1884 2151 449 100 fuldkommen
2358 2151 253 86 Sviin.
2742 2153 241 95 Kartof-

1167 2296 174 72 lerne
1377 2279 244 92 kaages
1657 2292 210 77 møre,
1937 2293 78 74 og
2043 2272 190 96 gives
2251 2268 272 85 Svinet
2551 2274 148 78 med
2731 2267 264 88 Vand«

1165 2408 85 76 de
1279 2417 103 63 ere
1407 2393 187 94 kogt?
1619 2390 137 80 udi.
1875 2385 165 102 Har
2069 2408 161 60 man
2257 2384 211 99 Spøl
2497 2402 73 64 ar
2597 2386 245 81 komme
2871 2391 99 76 der-

1168 2520 254 91 iblant,
1482 2529 68 60 er
1580 2512 108 76 det
1714 2510 122 76 des
1868 2505 228 95 bedre;
2158 2502 156 100 hvis
2348 2503 152 93 ikke,
2534 2506 184 78 lader
2748 2499 220 86 Svine-

1166 2658 85 58 ne
1294 2634 93 95 sig
1430 2623 153 94 nøje
1624 2626 147 76 med
1804 2619 351 101 Kartofler
2198 2642 83 71 og
2312 2617 255 88 Vand.
2678 2616 163 89 Der
2882 2617 107 82 kan

1165 2745 400 87 undertiden
1609 2740 222 96 findes
1873 2735 274 101 Sviin,
2215 2734 136 94 som
2395 2737 20 78 i
2453 2731 452 101 Begyndelsen
2943 2733 42 93 ej

1165 2874 107 74 vel
1301 2863 93 80 vil
1417 2863 137 76 æde
1579 2860 177 92 dem,
1823 2875 149 58 men
2013 2873 159 59 man
2201 2851 219 98 tvinge
2453 2857 147 75 dem
2625 2850 169 82 kuns
2825 2849 165 84 dertil

1166 2988 154 78 med
1352 2975 316 102 Hunger,
1731 2966 349 96 saa-falder
1872 2967 208 96 falder
2112 2974 108 76 det
2250 2963 80 100 af
2346 2969 90 98 sig
2460 2967 142 96 selv.

1288 3141 235 84 Sviin
1550 3135 133 93 som
1712 3134 121 94 stal
1860 3127 199 100 fødes
2082 3126 343 88 Vinteren
2467 3148 196 80 over,
2704 3126 117 81 kan
2844 3145 141 60 man

1159 3262 148 100 give
1335 3256 424 94 Kartoflerne
1789 3269 156 58 raae
1975 3269 82 73 og
2085 3246 258 99 ukogte,
2385 3245 66 94 ja
2485 3250 208 90 endog
2725 3250 100 91 de,
2867 3241 116 94 som

1160 3376 84 98 af
1265 3367 381 112 Fugtighed
1682 3372 150 74 eller
1875 3363 197 100 Frost
2109 3382 103 60 ere
2253 3361 407 98 beskadigede
2704 3379 78 76 og
2809 3361 149 80 raad-

1158 3514 102 64 ne.
1390 3485 130 90 De
1550 3484 210 82 trives
1792 3483 238 81 derved
2062 3478 194 86 bedre
2286 3485 122 78 end
2442 3477 78 99 af
2534 3476 218 86 Korn.

2854 3583 133 108 Dl
