2859 4620
43 1149 96 155 y

40 1265 129 238 I

37 1579 85 137 i*

34 1710 94 219 i

914 443 103 77 24

1114 628 219 85 Naar
1364 645 91 60 nu
1510 624 301 83 Sæden,
1870 613 133 91 som
2054 631 69 59 er
2159 607 125 83 deb
2336 607 301 92 stærkeste

900 730 284 104 Maske-,
1230 747 166 67 smaa
1437 743 163 57 være
1631 721 113 88 saa
1767 736 241 72 mange
2041 713 252 92 vidrige
2329 707 309 93 Tilfælde

900 832 431 93 underkastet,
1382 829 125 76 kan
1546 833 161 66 man
1736 823 215 75 endda
1984 811 310 96 forundre
2330 812 93 93 sig
2454 828 181 75 over,

899 958 75 61 ak
1001 937 297 92 Væxten
1325 947 135 77 paa
1489 914 553 100 Kunst-Engene
2078 912 113 92 faa
2229 909 128 95 ofte
2387 907 248 91 erfarer

894 1046 177 73 dem.
1176 1031 223 85 Dens
1428 1023 239 85 Blade
1694 1038 97 58 ere
1834 1014 174 94 rykke
2044 1034 83 74 og
2164 1016 213 86 brede,
2432 1007 172 97 følge-

895 1144 95 89 lig
1025 1149 185 81 tager
1243 1143 77 65 de
1351 1132 177 93 fleerr
1545 1118 321 93 Dunster
1889 1136 115 72 op,
2045 1134 85 76 og
2165 1111 300 98 beholder
2487 1116 148 74 dem

884 1244 311 87 længere,
1246 1238 125 71 end
1398 1239 75 68 de
1514 1223 382 93 sædvanlige
1938 1214 218 96 Enge.
2266 1213 226 83 Ellers
2532 1232 98 59 ere

889 1339 209 96 vgsaa
1147 1346 77 67 de
1277 1328 351 90 Dunster,
1679 1320 132 88 som
1863 1347 58 47 i
1947 1318 188 93 sriger
2163 1309 81 98 af
2279 1336 80 58 rn
2413 1311 190 98 Jord-

892 1462 189 64 mon,
1134 1434 131 92 som
1294 1430 127 78 ikke
1444 1448 67 59 er
1544 1426 225 75 bleven
1798 1420 249 94 dyrket,
2098 1422 192 89 langt
2322 1413 309 92 stærkere,

889 1552 125 73 end
1059 1551 101 77 de,
1213 1543 111 68 der
1355 1534 295 73 kommer
1711 1520 83 93 af
1819 1541 80 58 en
1957 1520 295 89 Grund,
2307 1512 134 96 som
2499 1512 126 102 har

895 1637 184 99 faaet
1134 1654 93 62 tre
1246 1636 145 75 eller
1434 1629 117 95 fire
1584 1621 436 102 Pløjninger.

1096 1832 223 97 Hvad
1364 1827 90 80 vil
1526 1834 78 68 de
1674 1824 126 78 ikke
1864 1818 210 93 altsaa
2132 1820 170 96 have
2366 1814 108 99 for
2544 1836 78 61 en

886 1936 361 113 Virkning
1301 1949 138 75 paa
1481 1924 455 86 Kreaturene,
1993 1941 176 58 naar
2223 1941 166 59 man
2441 1927 182 88 fører

880 2046 153 74 dem
1086 2036 121 94 hen
1252 2050 136 70 paa
1444 2027 332 90 saadanne
1846 2025 483 93 Græsgange,
2386 2018 236 99 førend

881 2148 79 74 dr
997 2157 97 62 ere
1161 2129 448 98 forsvundne?

1089 2334 178 83 Men
1317 2322 270 96 hvorfor
1645 2323 166 97 have
1865 2318 152 99 disse
2071 2321 544 95 Uddunstninger

880 2446 189 73 deres
1140 2424 408 105 Indflydelse
1576 2441 154 62 over
1784 2445 74 56 en
1900 2428 114 72 vis
2066 2421 547 97 Jordstrækning

875 2540 169 92 frem
1073 2537 102 89 for
1207 2541 124 67 den
1365 2537 239 78 anden,
1657 2523 132 89 som
1819 2533 131 85 dog
1991 2523 200 94 ligger
2219 2530 120 69 ved
2369 2522 242 83 Siden

876 2638 85 90 af
980 2640 160 89 hin?
1193 2628 570 94 Aarsagen-dertll
1574 2630 190 75 dertil
1798 2645 66 58 er
1904 2630 110 74 let:
2084 2621 172 93 fordi
2288 2631 76 69 de
2400 2644 208 73 gaaer

871 2738 192 80 ikkun
1093 2731 365 102 ’iler-gode,
1501 2748 85 71 og
1623 2727 319 91 saaletzes,
1997 2729 94 74 alt
2109 2724 132 86 som
2261 2721 350 83 Stederne

872 2858 100 58 ere
1008 2855 202 60 meere
1284 2836 148 74 eller
1484 2832 254 74 mindre
1804 2834 259 81 vaade,
2108 2844 93 75 og
2262 2825 344 81 Grunden

871 2939 376 92 indeholder
1313 2954 76 54 en
1461 2931 204 93 større
1759 2926 326 91 Mængde
2163 2926 222 81 Salte
2455 2931 148 73 eller

866 3035 288 94 Safter.
1312 3030 221 92 Men,
1582 3029 94 76 vil
1716 3046 166 59 man
1950 3026 180 88 svare
2184 3027 181 91 mig,
2424 3046 180 60 naar

859 3145 108 73 det
1001 3157 66 58 er
1099 3132 614 91 Uddunstningerne
1755 3125 80 90 af
1872 3122 319 100 Jorden-·
2227 3131 148 74 eller
2407 3125 166 98 Ind-

862 3235 366 97 flydelserne
1288 3234 80 86 af
1420 3228 252 94 duftet»,
1726 3226 134 92 som
1918 3224 334 94 forderver
2298 3226 303 91 Sæden,

863 3360 85 80 og
973 3348 86 67 da
1087 3334 214 83 Arene
1327 3351 98 58 ere
1455 3331 122 93 lige
1603 3349 136 70 paa
1769 3345 56 60 et
1859 3325 156 95 heelt
2047 3327 299 93 Stykke,
2403 3329 164 94 hvor-

854 3443 176 76 ledes
1068 3456 66 58 er
1172 3444 104 69 det
1310 3440 90 70 da
1448 3429 292 91 mueligt,
1794 3443 74 64 at
1900 3428 20 78 i
1966 3443 60 62 et
2056 3448 83 74 og
2190 3425 245 89 samme
2488 3429 107 95 Ax

857 3539 220 97 findes
1123 3534 229 94 Korn,
1403 3529 134 96 som
1579 3539 120 72 ved
1753 3536 122 73 den
1927 3528 178 83 kolde
2161 3528 210 98 Regn
2445 3535 148 73 eller

2370 3628 218 85 Meek-
