2773 4526
160 578 452 99 Kreaturene,
668 578 127 95 som
843 599 160 60 man
1056 577 201 99 foerer
1301 597 303 93 dermed,
1666 595 178 100 Syg-

160 688 281 74 domme.

366 878 135 99 For
531 899 68 62 at
628 883 197 91 stakke
856 879 287 101 Havren
1176 892 99 74 vel
1302 890 15 77 i
1346 887 305 94 Laderne,
1705 916 168 60 maa

162 1002 159 60 man
364 981 115 92 lose
536 984 361 81 Kierverne
940 1006 121 75 op,
1116 1008 81 73 og
1254 996 195 90 lægge
1510 993 367 83 Straaene

163 1088 253 91 ligedan
449 1105 133 69 paa
615 1083 299 97 Hobene.
1023 1083 175 87 Ved
1239 1100 199 70 denne
1487 1093 265 83 Maade
1801 1113 75 65 ak

157 1190 199 88 lægge
404 1183 285 97 Havren
726 1183 193 88 sætter
956 1206 159 59 man
1148 1200 119 69 den
1300 1194 15 75 i
1352 1194 381 97 «sikkerhed
1768 1194 107 97 for

163 1283 236 96 Utøjet,
457 1281 133 89 som
646 1283 208 89 altsaa
901 1285 125 81 ikke
1069 1287 123 81 kan
1242 1308 238 68 trænge
1530 1300 346 90 igiennem.

159 1382 269 99 Herved
473 1382 185 90 faaer
699 1385 293 82 Kierne«
1043 1407 75 59 en
1167 1387 517 103 Beskaffenhed,
1739 1398 137 92 som

158 1492 121 72 den
314 1482 125 81 ikke
476 1486 125 79 kan
638 1488 189 92 have,
886 1508 171 59 naar
1098 1510 159 59 man
1310 1498 179 75 lader
1536 1505 117 70 den
1702 1498 173 81 blive

155 1588 21 76 i
209 1582 274 96 Næger,
544 1607 78 69 og
649 1596 109 69 der
786 1606 198 72 gaaer
1015 1591 19 76 i
1072 1608 56 60 et
1160 1592 192 95 eneste
1381 1594 196 85 Rum
1613 1601 115 90 lige
1763 1598 113 93 saa

161 1705 223 73 megen
419 1683 263 99 Havre,
741 1685 131 91 som
903 1692 185 76 ellers
1119 1692 17 76 i
1171 1707 85 61 to.
1363 1693 135 94 Thi
1549 1714 85 62 da
1669 1697 205 99 Hav»

162 1805 359 73 renægerne
566 1807 103 58 ere
730 1786 125 79 ikke
896 1793 191 88 lange
1144 1792 125 76 nok
1318 1795 69 76 kil
1436 1815 67 58 at
1551 1808 173 68 naae
1764 1800 113 89 faa

167 1901 265 63 accurat
469 1890 69 72 til
585 1885 359 97 Væggen,
999 1886 129 85 som
1179 1889 530 105 Kornnægerne,
1769 1900 111 87 saa

164 1984 216 96 findes
413 1987 19 78 i
465 1988 118 76 alle
624 1984 201 85 Rade
871 1990 192 91 ledige
1112 1989 285 96 Piat-se,
1459 1994 183 89 hvori
1701 2000 147 83 Rot-

166 2102 171 63 terne
370 2105 81 72 og
482 2086 277 88 Musene
794 2082 199 95 sniger
1026 2089 89 92 sig
1154 2092 149 92 ind,
1362 2093 201 95 hvilke
1594 2118 283 65 anretter

165 2196 109 71 der
307 2208 73 58 en
421 2185 313 94 betydelig
777 2184 471 99 Ødelæggelse.

364 2379 99 97 Af
492 2390 101 73 det
642 2384 293 98 hidindtil
988 2384 283 98 Anførte
1326 2391 171 96 sees,
1584 2419 71 60 at
1708 2424 163 64 man

163 2507 159 62 maa
377 2497 289 67 anvende
719 2507 73 58 en
851 2487 393 101 besynderlig
1287 2492 585 109 Opmærksomhed

157 2609 140 73 paa
339 2603 72 62 at
466 2587 187 88 dyrke
716 2587 337 97 Jordene,
1106 2591 216 81 kjende
1376 2609 183 70 deres
1608 2602 268 96 Natur,

157 2708 86 72 og
270 2694 97 74 vel
398 2683 278 97 forsaae
712 2701 71 67 de
826 2690 471 97 Giodninger,
1354 2695 127 91 som
1526 2705 203 96 passer
1780 2713 95 91 sig

161 2792 69 76 til
263 2799 167 82 dem,
491 2807 79 68 og
605 2785 305 90 Tiderne,
967 2812 171 58 naar
1173 2805 101 67 det
1309 2797 185 96 horer
1545 2808 89 91 sig
1691 2814 67 72 til
1807 2828 73 60 ar

162 2891 191 93 pløje.
460 2886 99 91 Af
634 2887 147 99 disse
864 2889 427 91 Kundskaber
1353 2902 290 91 erholder
1711 2928 170 62 man

164 3006 200 76 meget
409 2991 153 89 store
613 2988 325 96 Fordeele.
1047 2989 490 103 Forpagterne,
1594 3004 129 89 som
1752 3028 100 58 me-

164 3088 305 96 sendeels
165 3088 305 96 stendeels
523 3108 201 75 gaaer
773 3094 67 78 til
889 3102 229 82 agters
1171 3117 135 72 paa
1351 3111 71 67 de
1477 3103 405 101 Landgodse,

166 3190 155 86 hvis
352 3188 227 87 Drivt
618 3189 279 96 de'giver
932 3194 91 95 sig
1070 3190 79 99 af
1180 3210 165 79 med,
1402 3204 171 88 skulle
1612 3219 163 70 uden
1816 3214 69 76 ak

165 3288 211 91 Tvivl
421 3291 209 90 berige
679 3292 90 94 sig
808 3306 256 68 derved.
1173 3297 331 93 Oplivede
1550 3319 122 68 ved
1709 3308 139 99 For-

163 3388 417 96 haabningen
617 3388 165 97 afen
819 3392 319 98 Gevinst,
1195 3397 127 93 som
1379 3411 73 71 de
1495 3405 121 80 ikke
1667 3409 215 81 kunne

164 3508 169 78 gaae
368 3491 133 98 glip
534 3487 107 103 af,
692 3493 179 98 skulle
922 3502 75 70 de
1044 3509 143 72 med
1238 3502 199 96 større
1494 3505 181 99 Iver
1726 3524 155 81 tage

925 3592 83 101 H
1058 3621 44 69 r
1779 3607 117 98 fad
