2832 4622
1767 445 97 85 69

165 639 143 80 lade
325 636 363 103 Planterne
709 639 111 97 frit
841 643 205 95 Spil,
1085 643 199 96 hvilke
1301 651 165 73 uden
1487 651 203 77 denne
1705 651 139 100 For-

160 738 311 96 sigtighed
542 742 207 94 havde
818 747 229 91 næsten
1100 748 121 71 alle
1282 743 417 100 forkommet,
1758 755 111 86 saa

165 838 235 93 hærdet
437 861 81 73 og
571 841 257 94 ligesom
875 841 471 92 sammenkittet
1393 864 127 61 var
1571 845 301 97 Jorden.

162 934 187 99 Efter
408 935 145 97 disse
622 954 225 68 tvende
906 943 393 97 Harvinger
1348 943 145 82 kom
1554 949 317 95 Negnen,

159 1058 81 71 og
273 1040 138 79 min
435 1037 238 103 Havre
709 1043 170 95 stiød
913 1047 89 91 sig
1049 1051 142 74 med
1235 1044 251 93 saadan
1519 1045 207 99 Hast,
1785 1070 83 74 og

156 1136 142 80 blev
332 1149 203 87 endog
572 1163 138 71 paa
742 1152 74 70 de
866 1145 250 96 sietteste
1160 1144 286 83 Marker
1492 1145 110 94 saa
1662 1150 203 98 stærk,

151 1253 76 62 at
257 1235 222 99 Folket
513 1242 18 76 i
569 1242 242 82 Landet
838 1263 81 73 og
953 1256 74 70 de
1061 1243 408 98 Fremmede,
1523 1245 132 92 som
1693 1249 146 81 kom-

150 1354 102 61 me
290 1342 70 78 til
402 1341 156 95 mig,
612 1338 168 101 faldt
822 1346 22 81 i
880 1347 124 94 stor
1034 1346 434 99 Forundring
1504 1357 286 74 derover.

351 1540 145 99 Jeg
560 1558 186 83 tager
802 1555 216 74 endnu
1072 1556 204 76 andre
1331 1548 377 101 Messures,
1765 1547 103 99 for

149 1653 74 66 at
280 1643 199 94 drage
535 1648 122 77 alle
714 1647 307 99 Fordeele
1073 1649 82 93 af
1190 1660 73 71 de
1310 1653 409 92 Bemojelser
1767 1655 98 88 jeg

151 1738 125 95 har
315 1759 169 75 gtott
515 1746 155 93 mig.
775 1746 67 97 I
877 1753 185 92 stedet
1093 1747 99 96 for
1228 1769 70 64 at
1345 1761 139 71 lade
1530 1758 158 90 meje
1727 1754 143 76 min

146 1836 285 97 Havre,
492 1849 181 75 lader
724 1850 105 94 jeg
870 1849 271 95 afstiære
1176 1860 121 71 den
1332 1852 355 90 alsammen
1724 1860 147 69 med

147 1934 253 98 Segel.
553 1942 173 85 Ved
795 1956 165 72 dette
1017 1950 267 81 Middel
1369 1960 343 87 undgaaer
1763 1949 101 93 jeg

144 2042 105 75 det
284 2037 185 96 Tab,
526 2042 131 90 som
726 2046 395 97 Mejningen
1180 2061 141 68 med
1392 2052 151 79 Leen
1603 2051 236 91 foraar-

140 2133 507 104 sager,·hvilket
419 2141 229 96 hvilket
717 2166 65 58 er
829 2151 221 88 større,
1125 2158 119 68 end
1287 2171 159 58 man
1513 2150 353 95 gemeenlig

136 2248 189 68 troer.
510 2240 145 95 Jeg
716 2253 153 71 veed
924 2242 81 96 af
1048 2244 349 100 Erfaring,
1498 2269 117 75 ar,
1694 2264 175 63 naar

135 2352 161 63 man
333 2342 177 75 lader
541 2347 151 84 meje
745 2342 331 97 Havren,
1131 2367 205 73 gaaer
1377 2352 19 76 i
1431 2356 103 73 det
1593 2349 272 91 mindste

136 2432 306 97 Udsæden
512 2436 304 96 forloren.
926 2443 149 87 Da
1136 2455 121 73 den
1314 2459 289 72 desuden
1660 2451 202 98 hefter

133 2534 91 97 sig
329 2537 204 95 stærkt
653 2543 70 77 til
783 2594 8 30 -
813 2541 296 98 isJorden
1247 2547 228 94 efterår
1569 2567 120 65 ven
1795 2566 68 60 er

128 2633 226 99 mejet,
412 2638 190 82 indtil
652 2647 122 73 den
830 2643 122 94 stal
1010 2657 166 82 ages
1232 2650 153 98 ind,
1478 2651 110 88 saa
1660 2652 198 97 spirer

127 2738 122 73 den
285 2742 402 89 undertiden,
745 2762 82 75 og
881 2751 88 75 da
1007 2749 328 81 midlertid
1375 2748 290 100 Havren
1715 2753 146 92 selv,

127 2830 133 94 som
290 2858 66 58 er
395 2837 213 94 falden
644 2839 96 95 af,
797 2842 111 91 saa
940 2862 82 78 og
1079 2847 283 84 Ukrudet
1412 2852 326 95 begynder
1780 2868 76 68 at

123 2950 178 79 voxe,
358 2934 109 95 saa
502 2936 303 96 forvikler
834 2953 73 72 de
944 2948 89 94 sig
1062 2949 19 76 i
1120 2949 327 97 hinanden
1483 2964 146 71 med
1662 2954 157 89 Bla-

123 3038 157 74 dene
308 3058 84 77 og
429 3037 437 102 Stenglerne,
923 3041 265 103 følgelig
1242 3072 66 61 er
1354 3071 160 64 man
1564 3064 162 74 nødt
1772 3058 76 78 til

128 3147 73 64 at
258 3135 199 100 bruge
512 3138 229 86 Riven
798 3144 193 94 brav,
1050 3149 101 96 for
1219 3167 70 62 at
1357 3158 134 77 rive
1558 3153 293 109 Havren

129 3232 109 81 los
257 3244 137 71 med
421 3237 245 98 Magt,
719 3242 229 96 hvilket
971 3268 159 61 man
1153 3252 119 79 ikke
1305 3253 123 79 kan
1449 3259 201 92 giøre,
1677 3265 171 73 uden

124 3349 73 62 at
246 3334 145 79 tabe
428 3339 17 76 i
474 3347 101 71 det
610 3344 267 93 ringeste
910 3360 213 71 endnu
1162 3372 293 78 eengang
1484 3377 75 58 en
1594 3353 255 95 Udsæd,

121 3450 87 79 og
261 3441 103 75 det
423 3437 229 88 immer
703 3451 123 78 den
883 3445 159 99 beste
1097 3471 81 79 og
1243 3459 341 98 modenste,
1637 3458 211 98 falder

894 3543 61 103 8
1008 3570 49 77 4
1676 3564 171 80 bort.
