2986 4596
563 464 133 73 om
743 445 403 108 spam

1543 469 104 92 23

782 675 47 81 II
898 691 67 65 94

209 810 179 98 Flint
419 813 175 83 Mæl
633 812 153 99 efter
823 823 119 75 den
979 819 133 92 mig
1159 810 283 92 tilsendte
1491 809 125 101 Op-

92 958 157 99 skrift
292 961 217 94 giores
560 960 287 92 saaledcs
882 986 15 52 :
978 968 36 36 "
1046 959 189 82 Man
1280 972 185 82 tager
1496 959 153 96 faae

93 1115 32 36 "
151 1110 132 76 eller
313 1124 234 76 mange
581 1102 356 100 Patatos,
1005 1105 238 98 ligesaa
1275 1128 196 79 raae,
1509 1109 138 92 som

90 1259 32 40 "
146 1260 70 70 de
244 1259 184 86 tages
464 1248 78 96 af
562 1248 318 106 Jorden,
950 1272 80 76 og
1052 1275 172 60 naar
1252 1264 76 70 de
1366 1276 98 61 ere
1500 1277 150 60 reen

89 1403 32 38 "
147 1394 246 96 vaskede
439 1395 174 81 river
669 1402 148 73 dem
859 1372 156 120 Paa
1057 1415 60 64 et
1164 1397 183 85 Rive
1377 1432 24 38 -
1433 1399 212 101 Jern,

87 1549 31 38 "
149 1542 281 77 kommer
481 1558 179 60 reent
693 1539 233 86 Vand
959 1548 295 96 derpaa;
1325 1565 171 62 naar
1543 1555 107 71 det

88 1693 30 40 "
154 1704 189 61 revne
364 1705 65 60 er
460 1683 213 94 sækket
706 1687 73 80 til
802 1683 251 100 Bund,
1084 1691 213 92 flaaes
1324 1696 103 77 det
1458 1689 193 101 forste

85 1839 34 38 "
149 1828 232 88 Vand
421 1825 108 101 af,
577 1850 82 74 og
687 1847 178 67 reent
885 1828 232 86 Vand
1153 1839 248 93 derpaa
1441 1839 212 97 igien;

82 1983 34 38 "
148 1972 176 88 Ved
368 1973 160 96 hver
560 1972 220 99 Cmng
808 1975 244 99 krystes
1088 1983 104 76 det
1222 1998 198 76 grove
1452 1983 22 76 i
1508 1979 146 101 fra,

83 2129 38 36 "
155 2120 114 90 saa
303 2118 202 95 sætter
537 2126 104 74 det
669 2120 154 95 fiine
840 2117 173 85 Mæl
1045 2125 88 94 sig
1165 2143 134 74 paa
1321 2124 324 85 Bunden.

81 2273 35 38 "
153 2264 203 80 Som
397 2283 161 59 man
593 2282 91 61 nu
723 2267 89 76 vil
861 2261 163 99 have
1061 2273 101 72 det
1192 2267 149 94 fint
1375 2269 111 94 til,
1537 2269 115 92 saa

84 2417 34 40 *
150 2414 115 74 ved
304 2408 225 99 holdes
560 2412 143 75 med
736 2425 71 62 at
827 2410 171 96 saae
1020 2406 231 89 Vand
1292 2410 79 100 af
1390 2433 79 76 og
1486 2433 163 79 paa,

83 2530 149 120 Dog
151 2574 82 76 og
275 2554 170 96 siden
477 2550 216 84 tørkes
723 2557 122 76 det.
879 2560 38 40 ”

202 2774 189 87 Man
446 2777 171 83 kand
674 2792 181 67 tørre
898 2784 109 76 det
1050 2799 135 76 paa
1234 2796 59 64 et
1348 2778 309 85 Linklæde

91 2943 126 76 paa
243 2940 58 64 et
331 2921 241 99 Bord,
601 2942 158 61 men
791 2922 274 96 derefter
1097 2927 172 92 støde
1303 2932 144 73 eller
1485 2932 174 74 male

88 3073 100 75 der
204 3064 262 103 Grove,
498 3073 76 75 de
610 3070 170 81 kand
804 3068 198 98 ogsaa
1032 3071 180 78 rives
1230 3068 308 97 Uffallet,
1566 3077 92 71 da

91 3209 324 87 Skallene
445 3219 204 94 flyder
685 3235 166 60 oven
889 3234 138 78 paa
1051 3221 120 72 ved
1191 3211 470 98 Vaffningen,

90 3377 78 79 og
197 3360 169 83 kand
396 3355 264 101 aftages
696 3367 118 74 ved
834 3376 58 64 et
917 3358 321 105 Dørflag
1258 3364 142 78 eller
1423 3355 207 102 Haar-

808 3503 93 87 B
968 3530 51 70 4
1516 3508 153 97 sigt-,
