2788 4550
1787 430 95 78 87

153 619 139 87 les,
345 611 243 88 dersom
647 635 161 59 man
873 619 197 78 bærer
1119 615 299 97 Omsorg
1481 615 149 95 for,
1705 643 175 61 naar

154 722 105 69 det
288 736 63 58 er
386 721 93 70 alt
518 712 99 96 for
656 718 415 96 overflødigt,
1132 734 71 62 at
1234 721 181 94 giøre
1446 717 147 101 visse
1618 720 233 85 Vand-

157 813 153 80 træk
373 819 139 74 eller
565 814 467 101 Afledninger,
1085 815 131 96 som
1271 819 235 96 ffiærer
1573 818 317 88 Beedens

158 916 342 93 igiennem.

354 1112 532 97 Vandpmserne
914 1117 290 86 kommer
1244 1123 290 94 alleneste
1560 1119 209 98 deraf,
1812 1136 74 69 at

157 1210 302 85 Bunden
543 1227 208 71 under
809 1229 204 71 neden
1071 1243 66 59 er
1193 1242 210 77 meget
1459 1244 206 74 tung,
1739 1230 148 75 eller

156 1320 198 72 leeret.
475 1311 295 89 Vandet
820 1319 126 81 kan
996 1319 212 94 altsaa
1274 1323 126 81 ikke
1481 1338 243 81 trænge
1774 1336 114 69 der

155 1416 340 94 igiennem,
555 1438 144 59 men
739 1420 202 80 bliver
975 1424 300 99 saaende
1319 1444 162 61 oven
1525 1445 160 77 paa,
1739 1430 148 76 eller

157 1514 269 79 imellem
462 1529 224 67 tvende
719 1518 325 96 Jordlag.
1151 1524 193 83 Man
1383 1528 121 86 stal
1538 1528 124 88 vist
1702 1531 184 90 giøre

154 1613 147 95 dets
344 1614 129 81 Løb
509 1624 142 69 eller
672 1615 343 102 Afflydelfe
1072 1629 253 86 lækrere,
1386 1628 151 94 hvis
1583 1650 160 57 man
1784 1630 73 76 be-

159 1724 243 85 gynder
444 1731 70 64 at
553 1716 133 90 fore
717 1736 61 64 to
818 1727 140 75 eller
986 1740 92 63 tre
1103 1723 261 83 Karrer
1393 1728 273 94 Mergel
1723 1744 152 61 mee-

157 1814 234 98 reshen
264 1815 117 91 hen
416 1837 135 68 paa
590 1815 143 101 disse
776 1820 249 94 Slags
1090 1823 313 95 Grunde,
1458 1839 121 66 end
1628 1849 133 74 paa
1812 1836 75 73 de

161 1921 205 73 andre
403 1915 201 93 Agre.
715 1918 239 84 Siden
989 1942 159 60 maa
1185 1946 161 58 man
1401 1930 195 91 lægge
1645 1928 209 85 Grøn-

162 2012 179 93 svær,
396 2019 141 73 eller
572 2014 141 96 frist
740 2018 189 96 Jord
960 2020 81 93 af
1074 2041 189 75 noget
1302 2025 257 94 sandige
1594 2028 293 91 Steder,

161 2133 79 72 og
275 2114 281 94 adstillig
605 2113 365 92 forblandet
1001 2118 441 102 Fægiobning
1491 2125 79 87 af
1600 2126 257 81 Medm-

157 2213 190 93 Jgerne
378 2232 133 75 paa
548 2222 165 71 dem.
824 2217 203 97 Disse
1066 2237 91 63 tre
1190 2220 267 85 Sorter
1492 2225 391 97 Glødning,

157 2313 191 93 tillige
397 2324 141 70 med
589 2324 73 69 de
723 2316 117 92 fire
907 2317 443 102 Pløjninger,
1407 2324 131 88 som
1593 2332 99 91 jeg
1757 2329 123 95 har

158 2418 167 72 ladet
356 2417 141 90 give
528 2413 145 96 disse
718 2416 239 96 Lande,
1014 2420 121 93 har
1172 2424 173 94 giort
1382 2434 143 72 dem
1594 2428 107 90 saa
1736 2433 151 75 lette

157 2531 79 74 og
283 2513 255 93 porøse,
615 2535 69 62 ar
743 2529 227 67 tvende
1019 2518 203 100 Hefte
1273 2525 171 79 bleve
1501 2520 119 88 ikke
1673 2536 210 93 imeerse

158 2628 200 63 kræire
400 2617 75 86 af
514 2630 68 62 at
634 2618 218 77 trække
886 2619 265 97 Ploven
1214 2632 135 86 der,
1408 2639 119 66 end
1586 2650 169 59 naar
1806 2638 77 69 de

157 2730 154 60 vare
341 2734 134 69 paa
527 2716 116 90 frie
693 2738 81 72 og
823 2719 118 87 løse
977 2718 203 101 Agre,
1235 2735 88 68 da
1369 2736 129 85 dog
1532 2748 210 77 neppe
1784 2745 98 63 tre

158 2807 222 96 tilforn
418 2815 204 81 kunde
666 2824 180 88 giore
890 2829 128 71 det.
1126 2824 214 82 Naar
1374 2826 270 101 Ploven
1700 2828 162 94 rispe-

159 2920 74 67 de
267 2923 196 72 denne
503 2914 212 98 Jord,
773 2936 110 77 tog
925 2932 118 69 den
1085 2923 308 94 Stykker
1421 2925 78 92 af
1543 2953 92 65 50
1681 2933 72 78 ril
1789 2936 100 69 60

161 3006 215 103 Pund
406 3024 144 70 med
584 3018 114 94 sig,
760 3040 80 73 og
882 3019 192 95 fyldte
1100 3025 94 93 sig
1230 3025 110 90 saa
1370 3027 212 93 deraf,
1636 3049 68 62 at
1736 3039 154 84 den,

159 3118 110 71 der
322 3112 171 96 holdt
542 3114 307 101 Ploven,
912 3122 139 79 blev
1115 3127 264 91 stændig
1449 3140 168 68 nodt
1671 3133 72 78 til
1811 3144 76 67 at

163 3209 177 90 stikke
371 3212 261 97 Jorden
661 3217 131 92 fra.
899 3219 365 96 Endstiont
1297 3225 345 87 Vinteren
1684 3240 200 87 1764

162 3310 123 89 har
316 3330 189 62 været
530 3336 202 75 meget
757 3331 206 83 vaad,
1020 3322 109 92 faa
1163 3348 64 58 er
1262 3337 125 83 dog
1420 3329 123 78 ikke
1573 3352 74 58 en
1679 3332 200 96 eneste

154 3409 316 89 Draabe
509 3414 229 91 Vand
773 3420 219 83 bleven
1043 3427 302 101 saaende
1375 3440 275 89 derpaa.

945 3622 81 87 G
1087 3651 31 72 5
1731 3625 149 103 Jes
