2870 4684
1750 484 98 74 45

139 667 174 77 ledes
337 664 120 77 den
489 659 224 99 Jord,
763 655 134 92 som
935 674 158 60 man
1125 658 124 81 kan
1291 677 148 81 tage
1477 666 16 78 i
1533 670 74 77 de
1645 671 210 95 Agre,

141 771 110 71 der
287 782 92 60 ere
411 759 157 93 løse,
619 756 77 94 af
753 759 188 92 hvide
987 756 349 99 Klimper,
1393 764 328 99 svampige
1756 773 98 93 og

140 861 206 95 seede,
402 881 76 74 vg
522 858 424 94 overhovedet
998 854 78 96 af
1114 861 236 94 enhver
1402 876 130 82 god
1592 869 258 82 Bund.

144 963 136 99 For
308 977 68 66 at
410 969 182 87 lange
642 960 210 98 hertil,
904 965 180 71 lader
1134 982 162 57 man
1354 965 168 94 srax
1564 971 18 76 i
1626 967 197 97 Først-

143 1068 236 88 ningen
409 1081 78 76 og
521 1068 118 72 ved
671 1056 192 100 første
889 1055 428 102 Oppløjning
1347 1066 268 98 Ploven
1633 1069 218 94 skiære

143 1164 180 80 ikkun
371 1179 60 62 to
497 1165 144 87 ester
679 1178 96 62 tre
829 1159 328 94 Tommer
1199 1167 228 88 dybere
1449 1218 21 38 ,
1531 1177 120 68 end
1707 1169 114 89 sæd-

138 1266 244 91 vanlig,
436 1259 206 96 forat
688 1260 168 97 kaste
916 1269 102 73 det
1080 1267 292 92 underste
1410 1266 306 96 Jordlag
1762 1290 86 74 op

134 1384 152 58 over
324 1374 102 67 det
468 1364 236 92 øverste
734 1369 232 86 gamle.
1076 1362 260 87 Denne
1370 1388 118 70 nye
1532 1387 83 74 og
1670 1367 180 99 friste

129 1463 190 97 Jord
361 1463 152 92 stal,
567 1474 120 66 ved
725 1470 104 71 det
855 1471 120 70 den
1023 1460 360 102 formedelst
1431 1478 72 68 de
1547 1485 92 62 tre
1681 1485 135 79 paa-

130 1561 291 100 feslgende
465 1563 404 98 Pløjninger
923 1582 64 60 er
1039 1572 100 70 vel
1195 1569 257 79 blandet
1511 1579 143 70 med
1703 1581 147 77 den,

128 1661 134 91 som
292 1664 310 95 begyndte
630 1678 70 64 at
728 1663 146 80 tabe
904 1665 128 93 sine
1060 1663 332 93 Kræfter,
1448 1666 398 102 frembringe

132 1761 283 101 Frugter
458 1761 75 98 af
564 1774 119 70 den
748 1765 157 94 beste
944 1762 499 105 Bestaffenhed.

335 1960 393 99 Imidlertid
805 1963 229 92 førend
1091 1984 159 61 man
1311 1965 319 95 begynder
1681 1977 165 77 dette

130 2059 302 96 Arbejde,
473 2082 175 62 maa
674 2082 158 59 man
884 2083 166 59 være
1098 2069 120 90 vist
1260 2065 318 96 forsikkret
1608 2093 108 54 om
1768 2088 72 64 at

130 2171 109 69 der
290 2163 122 77 ikke
472 2170 208 70 under
726 2168 118 71 den
892 2161 227 95 Jord,
1178 2185 158 58 man
1378 2170 89 78 vil
1520 2173 165 90 pløje
1734 2192 109 72 op,

125 2261 216 95 findes
387 2259 356 88 Nødkrid,
793 2257 210 82 Kride
1043 2268 142 73 eller
1211 2263 434 99 Sandsteen;
1699 2269 138 97 Thi

125 2360 241 92 dersom
403 2381 157 57 man
593 2358 228 95 bragte
863 2361 141 95 disse
1035 2364 253 94 flemme
1323 2363 307 102 Jordlag
1673 2391 163 61 oven

122 2481 174 71 paa,
346 2459 136 78 blev
552 2470 118 68 den
732 2465 218 90 gamle
1020 2460 228 84 Bund
1294 2469 20 76 i
1360 2490 74 54 en
1494 2476 156 85 lang
1698 2469 140 91 Tid

120 2557 349 97 forværret.
574 2556 147 88 Da
774 2565 185 75 ellers
1020 2570 73 70 de
1148 2575 161 82 gode
1384 2564 289 85 Grunde
1740 2594 99 58 ere

121 2661 224 93 sielden
387 2663 336 92 ligedanne
789 2665 364 90 allevegne,
1199 2667 110 90 fan
1363 2688 64 58 er
1473 2678 102 71 der
1629 2690 208 76 meget

121 2762 289 91 tienligt,
469 2777 69 63 ak
569 2769 214 84 sex-men,
835 2759 235 86 førend
1121 2786 161 59 man
1331 2773 177 75 lader
1561 2769 271 98 Ploven

116 2859 194 97 stiære
376 2867 158 80 ned,
584 2859 392 94 undersøger
1040 2875 142 68 med
1240 2889 74 56 en
1378 2866 258 96 Spade
1686 2877 146 75 eller

114 2976 59 68 et
252 2967 191 71 andet
494 2957 295 96 Verktøj
850 2983 135 68 paa
1048 2965 315 94 adstillige
1416 2968 263 82 Steder
1730 2982 103 70 det

121 3057 262 95 Stykke
417 3057 202 97 Land,
671 3058 132 98 som
837 3083 160 63 man
1031 3068 86 78 vil
1145 3065 290 100 forbedre
1467 3090 138 78 paa
1625 3081 212 73 denne

121 3157 287 87 Maade.

324 3358 171 103 Paa
532 3378 279 67 omtrent
838 3363 89 98 sex
962 3364 323 100 hundrede
1318 3367 273 91 Tønder
1622 3373 213 103 Land,

117 3457 134 93 som
279 3458 98 95 jeg
417 3467 174 73 lader
627 3466 214 89 drive,
897 3485 98 61 ere
1031 3466 118 80 ikke
1215 3490 204 74 meget
1467 3494 200 61 meere
1715 3488 126 70 end

119 3555 347 106 fyrmive,
523 3561 123 97 som
707 3564 205 87 Emme
985 3566 355 102 behandles
1409 3592 135 82 paa
1631 3583 205 75 denne

1518 3670 318 96 Mand-3
