<?xml version="1.0" encoding="utf-8"?>
<alto xmlns="http://www.loc.gov/standards/alto/ns-v3#" xmlns:xs="http://www.w3.org/2001/XMLSchema-instance" xmlns:xlink="http://www.w3.org/1999/xlink">
	<Description>
		<MeasurementUnit>pixel</MeasurementUnit>
		<sourceImageInformation>
			<fileName>130017168119_2_014_008_025.tif</fileName>
		</sourceImageInformation>
		<OCRProcessing ID="OCR1">
			<ocrProcessingStep>
				<processingDateTime>2018-09-15</processingDateTime>
				<processingAgency>Zissor AS</processingAgency>
				<processingStepSettings>Combined OCR</processingStepSettings>
				<processingSoftware>
					<softwareCreator>Zissor AS</softwareCreator>
					<softwareName>ContentOCR-11; ContentOCR-Tesseract</softwareName>
					<softwareVersion>2.0.2; 2.0.0</softwareVersion>
					<applicationDescription>OCR Component for Zissor Content System</applicationDescription>
				</processingSoftware>
			</ocrProcessingStep>
		</OCRProcessing>
	</Description>
	<Styles>
		<TextStyle ID="STYLE1" FONTFAMILY="Times New Roman" FONTSIZE="12" FONTSTYLE="bold"/>
		<TextStyle ID="STYLE2" FONTFAMILY="Times New Roman" FONTSIZE="13" FONTSTYLE=""/>
		<TextStyle ID="STYLE3" FONTFAMILY="Times New Roman" FONTSIZE="14" FONTSTYLE=""/>
		<TextStyle ID="STYLE4" FONTFAMILY="Arial" FONTSIZE="12" FONTSTYLE=""/>
		<TextStyle ID="STYLE5" FONTFAMILY="Times New Roman" FONTSIZE="13" FONTSTYLE="bold"/>
		<TextStyle ID="STYLE6" FONTFAMILY="Arial" FONTSIZE="13" FONTSTYLE=""/>
	</Styles>
	<Layout>
		<Page ID="PAGE437" HEIGHT="4654" WIDTH="2980" PHYSICAL_IMG_NR="437" PROCESSING="OCR1" PC="0.69">
			<TopMargin HEIGHT="190" WIDTH="2980" HPOS="0" VPOS="0"/>
			<LeftMargin HEIGHT="3546" WIDTH="60" HPOS="0" VPOS="190"/>
			<RightMargin HEIGHT="3546" WIDTH="1024" HPOS="1956" VPOS="190"/>
			<BottomMargin HEIGHT="916" WIDTH="2980" HPOS="0" VPOS="3738"/>
			<PrintSpace ID="PRINTSPACE1" HEIGHT="3546" WIDTH="1894" HPOS="61" VPOS="191">
				<ComposedBlock xs:type="ComposedBlockType" ID="ARTICLE122472" HEIGHT="3546" WIDTH="1894" HPOS="61" VPOS="191" xlink:type="simple">
					<TextBlock xs:type="TextBlockType" ID="ZONE1264916" HEIGHT="95" WIDTH="112" HPOS="1791" VPOS="401" xlink:type="simple">
						<TextLine ID="LINE1" HEIGHT="94" WIDTH="112" HPOS="1791" VPOS="402">
							<String ID="STRING1" STYLEREFS="STYLE1" HEIGHT="94" WIDTH="112" HPOS="1791" VPOS="402" CONTENT="25" WC="1" LANG="nob"/>
						</TextLine>
					</TextBlock>
					<Illustration xs:type="IllustrationType" ID="ZONE1264917" HEIGHT="443" WIDTH="740" HPOS="637" VPOS="191" xlink:type="simple"/>
					<TextBlock xs:type="TextBlockType" ID="ZONE1264918" HEIGHT="103" WIDTH="790" HPOS="586" VPOS="634" xlink:type="simple">
						<TextLine ID="LINE2" HEIGHT="99" WIDTH="790" HPOS="586" VPOS="635">
							<String ID="STRING2" STYLEREFS="STYLE2" HEIGHT="98" WIDTH="158" HPOS="586" VPOS="636" CONTENT="Til" WC="0.58" LANG="dan"/>
							<SP ID="SP1" WIDTH="70" HPOS="744" VPOS="636"/>
							<String ID="STRING3" STYLEREFS="STYLE2" HEIGHT="98" WIDTH="562" HPOS="814" VPOS="635" CONTENT="Brændeviin." WC="0.58" LANG="dan"/>
						</TextLine>
					</TextBlock>
					<TextBlock xs:type="TextBlockType" ID="ZONE1264919" HEIGHT="2650" WIDTH="1894" HPOS="61" VPOS="858" xlink:type="simple">
						<TextLine ID="LINE3" HEIGHT="101" WIDTH="1742" HPOS="175" VPOS="862">
							<String ID="STRING4" STYLEREFS="STYLE3" HEIGHT="88" WIDTH="174" HPOS="175" VPOS="864" CONTENT="Der" WC="0.55" LANG="dan"/>
							<SP ID="SP2" WIDTH="30" HPOS="349" VPOS="864"/>
							<String ID="STRING5" STYLEREFS="STYLE3" HEIGHT="84" WIDTH="124" HPOS="379" VPOS="863" CONTENT="kan" WC="0.92" LANG="dan"/>
							<SP ID="SP3" WIDTH="34" HPOS="503" VPOS="863"/>
							<String ID="STRING6" STYLEREFS="STYLE3" HEIGHT="74" WIDTH="80" HPOS="537" VPOS="888" CONTENT="og" WC="0.7" LANG="dan"/>
							<SP ID="SP4" WIDTH="20" HPOS="617" VPOS="888"/>
							<String ID="STRING7" STYLEREFS="STYLE3" HEIGHT="76" WIDTH="148" HPOS="637" VPOS="871" CONTENT="med" WC="0.88" LANG="dan"/>
							<SP ID="SP5" WIDTH="42" HPOS="785" VPOS="871"/>
							<String ID="STRING8" STYLEREFS="STYLE3" HEIGHT="100" WIDTH="284" HPOS="827" VPOS="863" CONTENT="Fordeel" WC="0.73" LANG="dan"/>
							<SP ID="SP6" WIDTH="26" HPOS="1111" VPOS="863"/>
							<String ID="STRING9" STYLEREFS="STYLE3" HEIGHT="85" WIDTH="304" HPOS="1137" VPOS="862" CONTENT="brændes" WC="0.81" LANG="dan"/>
							<SP ID="SP7" WIDTH="18" HPOS="1441" VPOS="862"/>
							<String ID="STRING10" STYLEREFS="STYLE3" HEIGHT="94" WIDTH="458" HPOS="1459" VPOS="864" CONTENT="Brændeviin" WC="0.74" LANG="dan"/>
						</TextLine>
						<TextLine ID="LINE4" HEIGHT="110" WIDTH="1818" HPOS="72" VPOS="979">
							<String ID="STRING11" STYLEREFS="STYLE3" HEIGHT="96" WIDTH="72" HPOS="72" VPOS="982" CONTENT="af" WC="0.95" LANG="dan"/>
							<SP ID="SP8" WIDTH="27" HPOS="144" VPOS="982"/>
							<String ID="STRING12" STYLEREFS="STYLE3" HEIGHT="72" WIDTH="199" HPOS="171" VPOS="990" CONTENT="denne" WC="0.87" LANG="dan"/>
							<SP ID="SP9" WIDTH="37" HPOS="370" VPOS="990"/>
							<String ID="STRING13" STYLEREFS="STYLE3" HEIGHT="100" WIDTH="219" HPOS="407" VPOS="981" CONTENT="Frugt" WC="0.69" LANG="dan"/>
							<SP ID="SP10" WIDTH="27" HPOS="626" VPOS="981"/>
							<String ID="STRING14" STYLEREFS="STYLE3" HEIGHT="74" WIDTH="147" HPOS="653" VPOS="987" CONTENT="med" WC="0.92" LANG="dan"/>
							<SP ID="SP11" WIDTH="27" HPOS="800" VPOS="987"/>
							<String ID="STRING15" STYLEREFS="STYLE3" HEIGHT="102" WIDTH="377" HPOS="827" VPOS="979" CONTENT="Tilsætning" WC="0.74" LANG="dan"/>
							<SP ID="SP12" WIDTH="27" HPOS="1204" VPOS="979"/>
							<String ID="STRING16" STYLEREFS="STYLE3" HEIGHT="98" WIDTH="79" HPOS="1231" VPOS="979" CONTENT="af" WC="1" LANG="dan"/>
							<SP ID="SP13" WIDTH="25" HPOS="1310" VPOS="979"/>
							<String ID="STRING17" STYLEREFS="STYLE3" HEIGHT="85" WIDTH="215" HPOS="1335" VPOS="981" CONTENT="Malt." WC="0.77" LANG="dan"/>
							<SP ID="SP14" WIDTH="83" HPOS="1550" VPOS="981"/>
							<String ID="STRING18" STYLEREFS="STYLE3" HEIGHT="104" WIDTH="257" HPOS="1633" VPOS="985" CONTENT="Forhol" SUBS_TYPE="HypPart1" SUBS_CONTENT="Forholdet" WC="0.76" LANG="dan"/>
							<HYP CONTENT="-"/>
						</TextLine>
						<TextLine ID="LINE5" HEIGHT="111" WIDTH="1840" HPOS="76" VPOS="1093">
							<String ID="STRING19" STYLEREFS="STYLE3" HEIGHT="76" WIDTH="100" HPOS="76" VPOS="1106" CONTENT="det" SUBS_TYPE="HypPart2" SUBS_CONTENT="Forholdet" WC="0.55" LANG="dan"/>
							<SP ID="SP15" WIDTH="30" HPOS="176" VPOS="1106"/>
							<String ID="STRING20" STYLEREFS="STYLE3" HEIGHT="79" WIDTH="274" HPOS="206" VPOS="1100" CONTENT="imellem" WC="0.97" LANG="dan"/>
							<SP ID="SP16" WIDTH="34" HPOS="480" VPOS="1100"/>
							<String ID="STRING21" STYLEREFS="STYLE3" HEIGHT="96" WIDTH="190" HPOS="514" VPOS="1100" CONTENT="begge" WC="0.63" LANG="dan"/>
							<SP ID="SP17" WIDTH="38" HPOS="704" VPOS="1100"/>
							<String ID="STRING22" STYLEREFS="STYLE3" HEIGHT="88" WIDTH="230" HPOS="742" VPOS="1093" CONTENT="Deele" WC="0.85" LANG="dan"/>
							<SP ID="SP18" WIDTH="46" HPOS="972" VPOS="1093"/>
							<String ID="STRING23" STYLEREFS="STYLE3" HEIGHT="60" WIDTH="66" HPOS="1018" VPOS="1118" CONTENT="er" WC="0.86" LANG="dan"/>
							<SP ID="SP19" WIDTH="42" HPOS="1084" VPOS="1118"/>
							<String ID="STRING24" STYLEREFS="STYLE3" HEIGHT="77" WIDTH="198" HPOS="1126" VPOS="1102" CONTENT="dette:" WC="0.74" LANG="dan"/>
							<SP ID="SP20" WIDTH="86" HPOS="1324" VPOS="1102"/>
							<String ID="STRING25" STYLEREFS="STYLE3" HEIGHT="98" WIDTH="104" HPOS="1410" VPOS="1098" CONTENT="Af" WC="0.61" LANG="dan"/>
							<SP ID="SP21" WIDTH="38" HPOS="1514" VPOS="1098"/>
							<String ID="STRING26" STYLEREFS="STYLE3" HEIGHT="94" WIDTH="112" HPOS="1552" VPOS="1100" CONTENT="saa" WC="1" LANG="dan"/>
							<SP ID="SP22" WIDTH="44" HPOS="1664" VPOS="1100"/>
							<String ID="STRING27" STYLEREFS="STYLE3" HEIGHT="80" WIDTH="208" HPOS="1708" VPOS="1124" CONTENT="meget" WC="0.87" LANG="dan"/>
						</TextLine>
						<TextLine ID="LINE6" HEIGHT="101" WIDTH="1845" HPOS="72" VPOS="1213">
							<String ID="STRING28" STYLEREFS="STYLE3" HEIGHT="93" WIDTH="217" HPOS="72" VPOS="1216" CONTENT="Korn," WC="0.78" LANG="dan"/>
							<SP ID="SP23" WIDTH="57" HPOS="289" VPOS="1216"/>
							<String ID="STRING29" STYLEREFS="STYLE3" HEIGHT="94" WIDTH="135" HPOS="346" VPOS="1213" CONTENT="som" WC="0.77" LANG="dan"/>
							<SP ID="SP24" WIDTH="30" HPOS="481" VPOS="1213"/>
							<String ID="STRING30" STYLEREFS="STYLE3" HEIGHT="58" WIDTH="158" HPOS="511" VPOS="1236" CONTENT="man" WC="0.91" LANG="dan"/>
							<SP ID="SP25" WIDTH="34" HPOS="669" VPOS="1236"/>
							<String ID="STRING31" STYLEREFS="STYLE3" HEIGHT="72" WIDTH="188" HPOS="703" VPOS="1221" CONTENT="ellers" WC="0.97" LANG="dan"/>
							<SP ID="SP26" WIDTH="32" HPOS="891" VPOS="1221"/>
							<String ID="STRING32" STYLEREFS="STYLE3" HEIGHT="82" WIDTH="174" HPOS="923" VPOS="1214" CONTENT="vilde" WC="0.88" LANG="dan"/>
							<SP ID="SP27" WIDTH="26" HPOS="1097" VPOS="1214"/>
							<String ID="STRING33" STYLEREFS="STYLE3" HEIGHT="96" WIDTH="234" HPOS="1123" VPOS="1217" CONTENT="mæffe," WC="0.77" LANG="dan"/>
							<SP ID="SP28" WIDTH="68" HPOS="1357" VPOS="1217"/>
							<String ID="STRING34" STYLEREFS="STYLE3" HEIGHT="80" WIDTH="184" HPOS="1425" VPOS="1234" CONTENT="tager" WC="0.75" LANG="dan"/>
							<SP ID="SP29" WIDTH="36" HPOS="1609" VPOS="1234"/>
							<String ID="STRING35" STYLEREFS="STYLE3" HEIGHT="60" WIDTH="158" HPOS="1645" VPOS="1241" CONTENT="man" WC="0.9" LANG="dan"/>
							<SP ID="SP30" WIDTH="35" HPOS="1803" VPOS="1241"/>
							<String ID="STRING36" STYLEREFS="STYLE3" HEIGHT="78" WIDTH="79" HPOS="1838" VPOS="1228" CONTENT="dr" WC="0.35" LANG="dan"/>
						</TextLine>
						<TextLine ID="LINE7" HEIGHT="110" WIDTH="1842" HPOS="73" VPOS="1326">
							<String ID="STRING37" STYLEREFS="STYLE3" HEIGHT="94" WIDTH="290" HPOS="73" VPOS="1332" CONTENT="trefierde" WC="0.79" LANG="dan"/>
							<SP ID="SP31" WIDTH="30" HPOS="363" VPOS="1332"/>
							<String ID="STRING38" STYLEREFS="STYLE3" HEIGHT="100" WIDTH="280" HPOS="393" VPOS="1329" CONTENT="Parrer." WC="0.73" LANG="nob"/>
							<SP ID="SP32" WIDTH="72" HPOS="673" VPOS="1329"/>
							<String ID="STRING39" STYLEREFS="STYLE3" HEIGHT="100" WIDTH="68" HPOS="745" VPOS="1327" CONTENT="I" WC="1" LANG="dan"/>
							<SP ID="SP33" WIDTH="35" HPOS="813" VPOS="1327"/>
							<String ID="STRING40" STYLEREFS="STYLE4" HEIGHT="84" WIDTH="308" HPOS="848" VPOS="1326" CONTENT="Staden" WC="0.84" LANG="dan"/>
							<SP ID="SP34" WIDTH="31" HPOS="1156" VPOS="1326"/>
							<String ID="STRING41" STYLEREFS="STYLE3" HEIGHT="96" WIDTH="104" HPOS="1187" VPOS="1329" CONTENT="for" WC="0.75" LANG="dan"/>
							<SP ID="SP35" WIDTH="32" HPOS="1291" VPOS="1329"/>
							<String ID="STRING42" STYLEREFS="STYLE3" HEIGHT="75" WIDTH="106" HPOS="1323" VPOS="1337" CONTENT="det" WC="0.8" LANG="dan"/>
							<SP ID="SP36" WIDTH="32" HPOS="1429" VPOS="1337"/>
							<String ID="STRING43" STYLEREFS="STYLE3" HEIGHT="95" WIDTH="230" HPOS="1461" VPOS="1338" CONTENT="øvrige" WC="0.73" LANG="dan"/>
							<SP ID="SP37" WIDTH="30" HPOS="1691" VPOS="1338"/>
							<String ID="STRING44" STYLEREFS="STYLE3" HEIGHT="86" WIDTH="194" HPOS="1721" VPOS="1350" CONTENT="tages" WC="0.87" LANG="dan"/>
						</TextLine>
						<TextLine ID="LINE8" HEIGHT="103" WIDTH="1836" HPOS="80" VPOS="1442">
							<String ID="STRING45" STYLEREFS="STYLE3" HEIGHT="50" WIDTH="40" HPOS="80" VPOS="1468" CONTENT="*" WC="0.27" LANG="dan"/>
							<SP ID="SP38" WIDTH="52" HPOS="120" VPOS="1468"/>
							<String ID="STRING46" STYLEREFS="STYLE3" HEIGHT="97" WIDTH="342" HPOS="172" VPOS="1444" CONTENT="Skjepper" WC="0.6" LANG="nob"/>
							<SP ID="SP39" WIDTH="44" HPOS="514" VPOS="1444"/>
							<String ID="STRING47" STYLEREFS="STYLE3" HEIGHT="97" WIDTH="354" HPOS="558" VPOS="1446" CONTENT="Kartofler" WC="0.61" LANG="dan"/>
							<SP ID="SP40" WIDTH="61" HPOS="912" VPOS="1446"/>
							<String ID="STRING48" STYLEREFS="STYLE3" HEIGHT="96" WIDTH="107" HPOS="973" VPOS="1442" CONTENT="for" WC="0.87" LANG="dan"/>
							<SP ID="SP41" WIDTH="52" HPOS="1080" VPOS="1442"/>
							<String ID="STRING49" STYLEREFS="STYLE3" HEIGHT="99" WIDTH="156" HPOS="1132" VPOS="1446" CONTENT="hver" WC="0.52" LANG="dan"/>
							<SP ID="SP42" WIDTH="55" HPOS="1288" VPOS="1446"/>
							<String ID="STRING50" STYLEREFS="STYLE3" HEIGHT="100" WIDTH="313" HPOS="1343" VPOS="1445" CONTENT="Skjeppe" WC="0.68" LANG="nob"/>
							<SP ID="SP43" WIDTH="44" HPOS="1656" VPOS="1445"/>
							<String ID="STRING51" STYLEREFS="STYLE3" HEIGHT="87" WIDTH="216" HPOS="1700" VPOS="1453" CONTENT="Malt." WC="0.78" LANG="dan"/>
						</TextLine>
						<TextLine ID="LINE9" HEIGHT="108" WIDTH="1848" HPOS="74" VPOS="1558">
							<String ID="STRING52" STYLEREFS="STYLE3" HEIGHT="104" WIDTH="140" HPOS="74" VPOS="1562" CONTENT="For" WC="0.64" LANG="dan"/>
							<SP ID="SP44" WIDTH="28" HPOS="214" VPOS="1562"/>
							<String ID="STRING53" STYLEREFS="STYLE3" HEIGHT="99" WIDTH="348" HPOS="242" VPOS="1558" CONTENT="Exempel:" WC="0.79" LANG="dan"/>
							<SP ID="SP45" WIDTH="70" HPOS="590" VPOS="1558"/>
							<String ID="STRING54" STYLEREFS="STYLE5" HEIGHT="76" WIDTH="48" HPOS="660" VPOS="1558" CONTENT="6" WC="1" LANG="dan"/>
							<SP ID="SP46" WIDTH="32" HPOS="708" VPOS="1558"/>
							<String ID="STRING55" STYLEREFS="STYLE3" HEIGHT="107" WIDTH="350" HPOS="740" VPOS="1559" CONTENT="Skjepper" WC="0.68" LANG="nob"/>
							<SP ID="SP47" WIDTH="42" HPOS="1090" VPOS="1559"/>
							<String ID="STRING56" STYLEREFS="STYLE3" HEIGHT="83" WIDTH="194" HPOS="1132" VPOS="1562" CONTENT="Matt" WC="0.52" LANG="dan"/>
							<SP ID="SP48" WIDTH="50" HPOS="1326" VPOS="1562"/>
							<String ID="STRING57" STYLEREFS="STYLE3" HEIGHT="75" WIDTH="80" HPOS="1376" VPOS="1587" CONTENT="og" WC="0.77" LANG="dan"/>
							<SP ID="SP49" WIDTH="32" HPOS="1456" VPOS="1587"/>
							<String ID="STRING58" STYLEREFS="STYLE3" HEIGHT="72" WIDTH="48" HPOS="1488" VPOS="1584" CONTENT="4" WC="0.6" LANG="dan"/>
							<SP ID="SP50" WIDTH="32" HPOS="1536" VPOS="1584"/>
							<String ID="STRING59" STYLEREFS="STYLE3" HEIGHT="104" WIDTH="354" HPOS="1568" VPOS="1562" CONTENT="Skjepper" WC="0.73" LANG="nob"/>
						</TextLine>
						<TextLine ID="LINE10" HEIGHT="105" WIDTH="1846" HPOS="73" VPOS="1674">
							<String ID="STRING60" STYLEREFS="STYLE3" HEIGHT="103" WIDTH="348" HPOS="73" VPOS="1674" CONTENT="Kartofler" WC="0.83" LANG="dan"/>
							<SP ID="SP51" WIDTH="48" HPOS="421" VPOS="1674"/>
							<String ID="STRING61" STYLEREFS="STYLE3" HEIGHT="96" WIDTH="246" HPOS="469" VPOS="1678" CONTENT="udgiør" WC="0.64" LANG="dan"/>
							<SP ID="SP52" WIDTH="50" HPOS="715" VPOS="1678"/>
							<String ID="STRING62" STYLEREFS="STYLE3" HEIGHT="78" WIDTH="72" HPOS="765" VPOS="1679" CONTENT="til" WC="1" LANG="dan"/>
							<SP ID="SP53" WIDTH="46" HPOS="837" VPOS="1679"/>
							<String ID="STRING63" STYLEREFS="STYLE3" HEIGHT="100" WIDTH="372" HPOS="883" VPOS="1675" CONTENT="Mæffning" WC="0.59" LANG="dan"/>
							<SP ID="SP54" WIDTH="44" HPOS="1255" VPOS="1675"/>
							<String ID="STRING64" STYLEREFS="STYLE3" HEIGHT="76" WIDTH="106" HPOS="1299" VPOS="1685" CONTENT="der" WC="0.64" LANG="dan"/>
							<SP ID="SP55" WIDTH="44" HPOS="1405" VPOS="1685"/>
							<String ID="STRING65" STYLEREFS="STYLE3" HEIGHT="99" WIDTH="276" HPOS="1449" VPOS="1680" CONTENT="samme," WC="0.79" LANG="dan"/>
							<SP ID="SP56" WIDTH="58" HPOS="1725" VPOS="1680"/>
							<String ID="STRING66" STYLEREFS="STYLE3" HEIGHT="96" WIDTH="136" HPOS="1783" VPOS="1683" CONTENT="som" WC="0.85" LANG="dan"/>
						</TextLine>
						<TextLine ID="LINE11" HEIGHT="107" WIDTH="1846" HPOS="77" VPOS="1791">
							<String ID="STRING67" STYLEREFS="STYLE3" HEIGHT="60" WIDTH="110" HPOS="77" VPOS="1816" CONTENT="een" WC="1" LANG="dan"/>
							<SP ID="SP57" WIDTH="28" HPOS="187" VPOS="1816"/>
							<String ID="STRING68" STYLEREFS="STYLE3" HEIGHT="91" WIDTH="244" HPOS="215" VPOS="1792" CONTENT="Tønde" WC="0.76" LANG="dan"/>
							<SP ID="SP58" WIDTH="32" HPOS="459" VPOS="1792"/>
							<String ID="STRING69" STYLEREFS="STYLE3" HEIGHT="83" WIDTH="194" HPOS="491" VPOS="1793" CONTENT="Malt" WC="0.75" LANG="dan"/>
							<SP ID="SP59" WIDTH="48" HPOS="685" VPOS="1793"/>
							<String ID="STRING70" STYLEREFS="STYLE3" HEIGHT="80" WIDTH="148" HPOS="733" VPOS="1799" CONTENT="eller" WC="0.86" LANG="dan"/>
							<SP ID="SP60" WIDTH="28" HPOS="881" VPOS="1799"/>
							<String ID="STRING71" STYLEREFS="STYLE3" HEIGHT="85" WIDTH="220" HPOS="909" VPOS="1791" CONTENT="Korn." WC="0.77" LANG="dan"/>
							<SP ID="SP61" WIDTH="126" HPOS="1129" VPOS="1791"/>
							<String ID="STRING72" STYLEREFS="STYLE3" HEIGHT="105" WIDTH="436" HPOS="1255" VPOS="1793" CONTENT="Kartoflerne" WC="0.88" LANG="dan"/>
							<SP ID="SP62" WIDTH="48" HPOS="1691" VPOS="1793"/>
							<String ID="STRING73" STYLEREFS="STYLE3" HEIGHT="96" WIDTH="184" HPOS="1739" VPOS="1801" CONTENT="giver" WC="0.87" LANG="dan"/>
						</TextLine>
						<TextLine ID="LINE12" HEIGHT="109" WIDTH="1834" HPOS="72" VPOS="1906">
							<String ID="STRING74" STYLEREFS="STYLE3" HEIGHT="98" WIDTH="154" HPOS="72" VPOS="1910" CONTENT="halv" WC="0.72" LANG="dan"/>
							<SP ID="SP63" WIDTH="36" HPOS="226" VPOS="1910"/>
							<String ID="STRING75" STYLEREFS="STYLE3" HEIGHT="95" WIDTH="108" HPOS="262" VPOS="1908" CONTENT="saa" WC="0.91" LANG="dan"/>
							<SP ID="SP64" WIDTH="32" HPOS="370" VPOS="1908"/>
							<String ID="STRING76" STYLEREFS="STYLE3" HEIGHT="80" WIDTH="210" HPOS="402" VPOS="1926" CONTENT="meget" WC="0.84" LANG="dan"/>
							<SP ID="SP65" WIDTH="32" HPOS="612" VPOS="1926"/>
							<String ID="STRING77" STYLEREFS="STYLE3" HEIGHT="98" WIDTH="476" HPOS="644" VPOS="1906" CONTENT="Brændeviin," WC="0.66" LANG="dan"/>
							<SP ID="SP66" WIDTH="30" HPOS="1120" VPOS="1906"/>
							<String ID="STRING78" STYLEREFS="STYLE3" HEIGHT="97" WIDTH="134" HPOS="1150" VPOS="1906" CONTENT="som" WC="0.78" LANG="dan"/>
							<SP ID="SP67" WIDTH="28" HPOS="1284" VPOS="1906"/>
							<String ID="STRING79" STYLEREFS="STYLE3" HEIGHT="83" WIDTH="212" HPOS="1312" VPOS="1911" CONTENT="Malt." WC="0.93" LANG="dan"/>
							<SP ID="SP68" WIDTH="68" HPOS="1524" VPOS="1911"/>
							<String ID="STRING80" STYLEREFS="STYLE3" HEIGHT="103" WIDTH="314" HPOS="1592" VPOS="1912" CONTENT="Behand" SUBS_TYPE="HypPart1" SUBS_CONTENT="Behandlingen" WC="0.78" LANG="dan"/>
							<HYP CONTENT="-"/>
						</TextLine>
						<TextLine ID="LINE13" HEIGHT="103" WIDTH="1851" HPOS="76" VPOS="2025">
							<String ID="STRING81" STYLEREFS="STYLE3" HEIGHT="94" WIDTH="211" HPOS="76" VPOS="2028" CONTENT="lingen" SUBS_TYPE="HypPart2" SUBS_CONTENT="Behandlingen" WC="0.97" LANG="dan"/>
							<SP ID="SP69" WIDTH="35" HPOS="287" VPOS="2028"/>
							<String ID="STRING82" STYLEREFS="STYLE3" HEIGHT="58" WIDTH="65" HPOS="322" VPOS="2047" CONTENT="er" WC="0.81" LANG="dan"/>
							<SP ID="SP70" WIDTH="33" HPOS="387" VPOS="2047"/>
							<String ID="STRING83" STYLEREFS="STYLE3" HEIGHT="75" WIDTH="237" HPOS="420" VPOS="2031" CONTENT="denne:" WC="0.78" LANG="dan"/>
							<SP ID="SP71" WIDTH="69" HPOS="657" VPOS="2031"/>
							<String ID="STRING84" STYLEREFS="STYLE3" HEIGHT="98" WIDTH="199" HPOS="726" VPOS="2025" CONTENT="Først" WC="0.62" LANG="dan"/>
							<SP ID="SP72" WIDTH="33" HPOS="925" VPOS="2025"/>
							<String ID="STRING85" STYLEREFS="STYLE3" HEIGHT="94" WIDTH="257" HPOS="958" VPOS="2026" CONTENT="mæjkes" WC="0.83" LANG="dan"/>
							<SP ID="SP73" WIDTH="19" HPOS="1215" VPOS="2026"/>
							<String ID="STRING86" STYLEREFS="STYLE3" HEIGHT="85" WIDTH="257" HPOS="1234" VPOS="2025" CONTENT="Maltet" WC="0.8" LANG="dan"/>
							<SP ID="SP74" WIDTH="29" HPOS="1491" VPOS="2025"/>
							<String ID="STRING87" STYLEREFS="STYLE3" HEIGHT="81" WIDTH="239" HPOS="1520" VPOS="2036" CONTENT="alleene" WC="1" LANG="dan"/>
							<SP ID="SP75" WIDTH="31" HPOS="1759" VPOS="2036"/>
							<String ID="STRING88" STYLEREFS="STYLE3" HEIGHT="97" WIDTH="137" HPOS="1790" VPOS="2031" CONTENT="som" WC="0.69" LANG="dan"/>
						</TextLine>
						<TextLine ID="LINE14" HEIGHT="106" WIDTH="1850" HPOS="77" VPOS="2140">
							<String ID="STRING89" STYLEREFS="STYLE3" HEIGHT="97" WIDTH="420" HPOS="77" VPOS="2140" CONTENT="sædvanligt," WC="0.68" LANG="dan"/>
							<SP ID="SP76" WIDTH="64" HPOS="497" VPOS="2140"/>
							<String ID="STRING90" STYLEREFS="STYLE3" HEIGHT="74" WIDTH="80" HPOS="561" VPOS="2162" CONTENT="og" WC="0.88" LANG="dan"/>
							<SP ID="SP77" WIDTH="38" HPOS="641" VPOS="2162"/>
							<String ID="STRING91" STYLEREFS="STYLE3" HEIGHT="81" WIDTH="230" HPOS="679" VPOS="2140" CONTENT="kaldes" WC="0.82" LANG="dan"/>
							<SP ID="SP78" WIDTH="52" HPOS="909" VPOS="2140"/>
							<String ID="STRING92" STYLEREFS="STYLE3" HEIGHT="60" WIDTH="106" HPOS="961" VPOS="2160" CONTENT="rør" WC="0.51" LANG="dan"/>
							<SP ID="SP79" WIDTH="44" HPOS="1067" VPOS="2160"/>
							<String ID="STRING93" STYLEREFS="STYLE3" HEIGHT="100" WIDTH="388" HPOS="1111" VPOS="2140" CONTENT="Mæffning." WC="0.74" LANG="dan"/>
							<SP ID="SP80" WIDTH="116" HPOS="1499" VPOS="2140"/>
							<String ID="STRING94" STYLEREFS="STYLE3" HEIGHT="101" WIDTH="312" HPOS="1615" VPOS="2145" CONTENT="Derpaa" WC="0.74" LANG="dan"/>
						</TextLine>
						<TextLine ID="LINE15" HEIGHT="108" WIDTH="1847" HPOS="77" VPOS="2254">
							<String ID="STRING95" STYLEREFS="STYLE3" HEIGHT="96" WIDTH="245" HPOS="77" VPOS="2256" CONTENT="kaages" WC="0.77" LANG="dan"/>
							<SP ID="SP81" WIDTH="29" HPOS="322" VPOS="2256"/>
							<String ID="STRING96" STYLEREFS="STYLE3" HEIGHT="99" WIDTH="431" HPOS="351" VPOS="2255" CONTENT="Kartoflerne" WC="0.67" LANG="dan"/>
							<SP ID="SP82" WIDTH="33" HPOS="782" VPOS="2255"/>
							<String ID="STRING97" STYLEREFS="STYLE3" HEIGHT="78" WIDTH="19" HPOS="815" VPOS="2257" CONTENT="i" WC="0.49" LANG="dan"/>
							<SP ID="SP83" WIDTH="33" HPOS="834" VPOS="2257"/>
							<String ID="STRING98" STYLEREFS="STYLE3" HEIGHT="74" WIDTH="107" HPOS="867" VPOS="2261" CONTENT="det" WC="0.65" LANG="dan"/>
							<SP ID="SP84" WIDTH="31" HPOS="974" VPOS="2261"/>
							<String ID="STRING99" STYLEREFS="STYLE3" HEIGHT="99" WIDTH="271" HPOS="1005" VPOS="2254" CONTENT="Vand," WC="0.73" LANG="dan"/>
							<SP ID="SP85" WIDTH="67" HPOS="1276" VPOS="2254"/>
							<String ID="STRING100" STYLEREFS="STYLE3" HEIGHT="94" WIDTH="133" HPOS="1343" VPOS="2255" CONTENT="som" WC="0.72" LANG="dan"/>
							<SP ID="SP86" WIDTH="37" HPOS="1476" VPOS="2255"/>
							<String ID="STRING101" STYLEREFS="STYLE4" HEIGHT="96" WIDTH="133" HPOS="1513" VPOS="2260" CONTENT="skal" WC="0.85" LANG="dan"/>
							<SP ID="SP87" WIDTH="29" HPOS="1646" VPOS="2260"/>
							<String ID="STRING102" STYLEREFS="STYLE3" HEIGHT="99" WIDTH="249" HPOS="1675" VPOS="2263" CONTENT="bruges" WC="0.79" LANG="dan"/>
						</TextLine>
						<TextLine ID="LINE16" HEIGHT="103" WIDTH="1842" HPOS="80" VPOS="2370">
							<String ID="STRING103" STYLEREFS="STYLE3" HEIGHT="78" WIDTH="72" HPOS="80" VPOS="2376" CONTENT="til" WC="0.63" LANG="dan"/>
							<SP ID="SP88" WIDTH="44" HPOS="152" VPOS="2376"/>
							<String ID="STRING104" STYLEREFS="STYLE3" HEIGHT="97" WIDTH="516" HPOS="196" VPOS="2370" CONTENT="Opmæffning," WC="0.75" LANG="dan"/>
							<SP ID="SP89" WIDTH="66" HPOS="712" VPOS="2370"/>
							<String ID="STRING105" STYLEREFS="STYLE3" HEIGHT="81" WIDTH="296" HPOS="778" VPOS="2371" CONTENT="kommes" WC="0.91" LANG="dan"/>
							<SP ID="SP90" WIDTH="46" HPOS="1074" VPOS="2371"/>
							<String ID="STRING106" STYLEREFS="STYLE3" HEIGHT="78" WIDTH="18" HPOS="1120" VPOS="2374" CONTENT="i" WC="1" LANG="dan"/>
							<SP ID="SP91" WIDTH="46" HPOS="1138" VPOS="2374"/>
							<String ID="STRING107" STYLEREFS="STYLE3" HEIGHT="97" WIDTH="294" HPOS="1184" VPOS="2373" CONTENT="Mæffen" WC="0.77" LANG="dan"/>
							<SP ID="SP92" WIDTH="48" HPOS="1478" VPOS="2373"/>
							<String ID="STRING108" STYLEREFS="STYLE3" HEIGHT="95" WIDTH="198" HPOS="1526" VPOS="2378" CONTENT="tillige" WC="0.78" LANG="dan"/>
							<SP ID="SP93" WIDTH="46" HPOS="1724" VPOS="2378"/>
							<String ID="STRING109" STYLEREFS="STYLE3" HEIGHT="76" WIDTH="152" HPOS="1770" VPOS="2390" CONTENT="med" WC="0.76" LANG="dan"/>
						</TextLine>
						<TextLine ID="LINE17" HEIGHT="105" WIDTH="1841" HPOS="84" VPOS="2488">
							<String ID="STRING110" STYLEREFS="STYLE3" HEIGHT="95" WIDTH="319" HPOS="84" VPOS="2488" CONTENT="Vander," WC="0.7" LANG="dan"/>
							<SP ID="SP94" WIDTH="69" HPOS="403" VPOS="2488"/>
							<String ID="STRING111" STYLEREFS="STYLE3" HEIGHT="74" WIDTH="79" HPOS="472" VPOS="2508" CONTENT="og" WC="0.83" LANG="dan"/>
							<SP ID="SP95" WIDTH="29" HPOS="551" VPOS="2508"/>
							<String ID="STRING112" STYLEREFS="STYLE3" HEIGHT="69" WIDTH="195" HPOS="580" VPOS="2497" CONTENT="røres" WC="0.85" LANG="dan"/>
							<SP ID="SP96" WIDTH="39" HPOS="775" VPOS="2497"/>
							<String ID="STRING113" STYLEREFS="STYLE3" HEIGHT="77" WIDTH="149" HPOS="814" VPOS="2507" CONTENT="om," WC="0.8" LANG="dan"/>
							<SP ID="SP97" WIDTH="69" HPOS="963" VPOS="2507"/>
							<String ID="STRING114" STYLEREFS="STYLE3" HEIGHT="64" WIDTH="69" HPOS="1032" VPOS="2504" CONTENT="ar" WC="0.62" LANG="dan"/>
							<SP ID="SP98" WIDTH="35" HPOS="1101" VPOS="2504"/>
							<String ID="STRING115" STYLEREFS="STYLE3" HEIGHT="77" WIDTH="73" HPOS="1136" VPOS="2492" CONTENT="de" WC="0.76" LANG="dan"/>
							<SP ID="SP99" WIDTH="27" HPOS="1209" VPOS="2492"/>
							<String ID="STRING116" STYLEREFS="STYLE3" HEIGHT="80" WIDTH="125" HPOS="1236" VPOS="2489" CONTENT="kan" WC="0.83" LANG="dan"/>
							<SP ID="SP100" WIDTH="31" HPOS="1361" VPOS="2489"/>
							<String ID="STRING117" STYLEREFS="STYLE3" HEIGHT="74" WIDTH="165" HPOS="1392" VPOS="2512" CONTENT="gaae" WC="0.92" LANG="dan"/>
							<SP ID="SP101" WIDTH="43" HPOS="1557" VPOS="2512"/>
							<String ID="STRING118" STYLEREFS="STYLE3" HEIGHT="76" WIDTH="21" HPOS="1600" VPOS="2499" CONTENT="i" WC="1" LANG="dan"/>
							<SP ID="SP102" WIDTH="47" HPOS="1621" VPOS="2499"/>
							<String ID="STRING119" STYLEREFS="STYLE3" HEIGHT="98" WIDTH="257" HPOS="1668" VPOS="2495" CONTENT="stykker." WC="0.79" LANG="dan"/>
						</TextLine>
						<TextLine ID="LINE18" HEIGHT="115" WIDTH="1846" HPOS="85" VPOS="2601">
							<String ID="STRING120" STYLEREFS="STYLE3" HEIGHT="86" WIDTH="240" HPOS="85" VPOS="2602" CONTENT="Siden" WC="0.6" LANG="dan"/>
							<SP ID="SP103" WIDTH="32" HPOS="325" VPOS="2602"/>
							<String ID="STRING121" STYLEREFS="STYLE3" HEIGHT="60" WIDTH="62" HPOS="357" VPOS="2623" CONTENT="er" WC="0.77" LANG="dan"/>
							<SP ID="SP104" WIDTH="26" HPOS="419" VPOS="2623"/>
							<String ID="STRING122" STYLEREFS="STYLE3" HEIGHT="99" WIDTH="412" HPOS="445" VPOS="2601" CONTENT="Omgangen" WC="0.79" LANG="dan"/>
							<SP ID="SP105" WIDTH="30" HPOS="857" VPOS="2601"/>
							<String ID="STRING123" STYLEREFS="STYLE3" HEIGHT="75" WIDTH="264" HPOS="887" VPOS="2609" CONTENT="dermed" WC="0.65" LANG="dan"/>
							<SP ID="SP106" WIDTH="46" HPOS="1151" VPOS="2609"/>
							<String ID="STRING124" STYLEREFS="STYLE3" HEIGHT="94" WIDTH="136" HPOS="1197" VPOS="2603" CONTENT="som" WC="0.87" LANG="dan"/>
							<SP ID="SP107" WIDTH="26" HPOS="1333" VPOS="2603"/>
							<String ID="STRING125" STYLEREFS="STYLE3" HEIGHT="108" WIDTH="418" HPOS="1359" VPOS="2603" CONTENT="sædvanligt," WC="0.82" LANG="dan"/>
							<SP ID="SP108" WIDTH="70" HPOS="1777" VPOS="2603"/>
							<String ID="STRING126" STYLEREFS="STYLE3" HEIGHT="76" WIDTH="84" HPOS="1847" VPOS="2640" CONTENT="og" WC="0.69" LANG="dan"/>
						</TextLine>
						<TextLine ID="LINE19" HEIGHT="105" WIDTH="1851" HPOS="85" VPOS="2718">
							<String ID="STRING127" STYLEREFS="STYLE3" HEIGHT="62" WIDTH="185" HPOS="85" VPOS="2740" CONTENT="maae" WC="0.89" LANG="dan"/>
							<SP ID="SP109" WIDTH="31" HPOS="270" VPOS="2740"/>
							<String ID="STRING128" STYLEREFS="STYLE3" HEIGHT="76" WIDTH="239" HPOS="301" VPOS="2725" CONTENT="alleene" WC="1" LANG="dan"/>
							<SP ID="SP110" WIDTH="49" HPOS="540" VPOS="2725"/>
							<String ID="STRING129" STYLEREFS="STYLE3" HEIGHT="95" WIDTH="335" HPOS="589" VPOS="2720" CONTENT="iagttages" WC="0.69" LANG="dan"/>
							<SP ID="SP111" WIDTH="57" HPOS="924" VPOS="2720"/>
							<String ID="STRING130" STYLEREFS="STYLE3" HEIGHT="74" WIDTH="123" HPOS="981" VPOS="2726" CONTENT="ved" WC="1" LANG="dan"/>
							<SP ID="SP112" WIDTH="33" HPOS="1104" VPOS="2726"/>
							<String ID="STRING131" STYLEREFS="STYLE3" HEIGHT="105" WIDTH="493" HPOS="1137" VPOS="2718" CONTENT="Brændingen," WC="0.75" LANG="dan"/>
							<SP ID="SP113" WIDTH="39" HPOS="1630" VPOS="2718"/>
							<String ID="STRING132" STYLEREFS="STYLE3" HEIGHT="66" WIDTH="71" HPOS="1669" VPOS="2743" CONTENT="at" WC="1" LANG="dan"/>
							<SP ID="SP114" WIDTH="25" HPOS="1740" VPOS="2743"/>
							<String ID="STRING133" STYLEREFS="STYLE3" HEIGHT="65" WIDTH="171" HPOS="1765" VPOS="2751" CONTENT="naar" WC="0.86" LANG="dan"/>
						</TextLine>
						<TextLine ID="LINE20" HEIGHT="113" WIDTH="1844" HPOS="88" VPOS="2833">
							<String ID="STRING134" STYLEREFS="STYLE3" HEIGHT="97" WIDTH="288" HPOS="88" VPOS="2834" CONTENT="Mæffen" WC="0.62" LANG="dan"/>
							<SP ID="SP115" WIDTH="48" HPOS="376" VPOS="2834"/>
							<String ID="STRING135" STYLEREFS="STYLE3" HEIGHT="58" WIDTH="66" HPOS="424" VPOS="2857" CONTENT="er" WC="0.92" LANG="dan"/>
							<SP ID="SP116" WIDTH="34" HPOS="490" VPOS="2857"/>
							<String ID="STRING136" STYLEREFS="STYLE3" HEIGHT="80" WIDTH="302" HPOS="524" VPOS="2836" CONTENT="kommen" WC="0.83" LANG="dan"/>
							<SP ID="SP117" WIDTH="42" HPOS="826" VPOS="2836"/>
							<String ID="STRING137" STYLEREFS="STYLE3" HEIGHT="78" WIDTH="20" HPOS="868" VPOS="2837" CONTENT="i" WC="0.77" LANG="dan"/>
							<SP ID="SP118" WIDTH="42" HPOS="888" VPOS="2837"/>
							<String ID="STRING138" STYLEREFS="STYLE3" HEIGHT="102" WIDTH="358" HPOS="930" VPOS="2833" CONTENT="Kjedelen," WC="0.85" LANG="dan"/>
							<SP ID="SP119" WIDTH="62" HPOS="1288" VPOS="2833"/>
							<String ID="STRING139" STYLEREFS="STYLE3" HEIGHT="70" WIDTH="198" HPOS="1350" VPOS="2852" CONTENT="røres" WC="0.86" LANG="dan"/>
							<SP ID="SP120" WIDTH="44" HPOS="1548" VPOS="2852"/>
							<String ID="STRING140" STYLEREFS="STYLE3" HEIGHT="77" WIDTH="110" HPOS="1592" VPOS="2846" CONTENT="der" WC="0.76" LANG="dan"/>
							<SP ID="SP121" WIDTH="38" HPOS="1702" VPOS="2846"/>
							<String ID="STRING141" STYLEREFS="STYLE3" HEIGHT="90" WIDTH="192" HPOS="1740" VPOS="2856" CONTENT="nogle" WC="1" LANG="dan"/>
						</TextLine>
						<TextLine ID="LINE21" HEIGHT="103" WIDTH="1845" HPOS="88" VPOS="2949">
							<String ID="STRING142" STYLEREFS="STYLE3" HEIGHT="97" WIDTH="253" HPOS="88" VPOS="2950" CONTENT="Gange" WC="0.83" LANG="dan"/>
							<SP ID="SP122" WIDTH="39" HPOS="341" VPOS="2950"/>
							<String ID="STRING143" STYLEREFS="STYLE3" HEIGHT="79" WIDTH="151" HPOS="380" VPOS="2971" CONTENT="om," WC="0.87" LANG="dan"/>
							<SP ID="SP123" WIDTH="65" HPOS="531" VPOS="2971"/>
							<String ID="STRING144" STYLEREFS="STYLE3" HEIGHT="81" WIDTH="191" HPOS="596" VPOS="2952" CONTENT="indtil" WC="0.75" LANG="dan"/>
							<SP ID="SP124" WIDTH="23" HPOS="787" VPOS="2952"/>
							<String ID="STRING145" STYLEREFS="STYLE3" HEIGHT="94" WIDTH="323" HPOS="810" VPOS="2949" CONTENT="Kjedelen" WC="0.88" LANG="dan"/>
							<SP ID="SP125" WIDTH="37" HPOS="1133" VPOS="2949"/>
							<String ID="STRING146" STYLEREFS="STYLE3" HEIGHT="62" WIDTH="65" HPOS="1170" VPOS="2973" CONTENT="er" WC="0.72" LANG="dan"/>
							<SP ID="SP126" WIDTH="37" HPOS="1235" VPOS="2973"/>
							<String ID="STRING147" STYLEREFS="STYLE3" HEIGHT="101" WIDTH="231" HPOS="1272" VPOS="2951" CONTENT="færdig" WC="0.81" LANG="dan"/>
							<SP ID="SP127" WIDTH="33" HPOS="1503" VPOS="2951"/>
							<String ID="STRING148" STYLEREFS="STYLE3" HEIGHT="65" WIDTH="69" HPOS="1536" VPOS="2974" CONTENT="at" WC="0.69" LANG="dan"/>
							<SP ID="SP128" WIDTH="27" HPOS="1605" VPOS="2974"/>
							<String ID="STRING149" STYLEREFS="STYLE3" HEIGHT="85" WIDTH="253" HPOS="1632" VPOS="2959" CONTENT="komme" WC="0.9" LANG="dan"/>
							<SP ID="SP129" WIDTH="27" HPOS="1885" VPOS="2959"/>
							<String ID="STRING150" STYLEREFS="STYLE3" HEIGHT="76" WIDTH="21" HPOS="1912" VPOS="2968" CONTENT="i" WC="1" LANG="dan"/>
						</TextLine>
						<TextLine ID="LINE22" HEIGHT="118" WIDTH="1848" HPOS="91" VPOS="3066">
							<String ID="STRING151" STYLEREFS="STYLE3" HEIGHT="99" WIDTH="258" HPOS="91" VPOS="3066" CONTENT="Gang," WC="0.73" LANG="dan"/>
							<SP ID="SP130" WIDTH="66" HPOS="349" VPOS="3066"/>
							<String ID="STRING152" STYLEREFS="STYLE3" HEIGHT="78" WIDTH="136" HPOS="415" VPOS="3087" CONTENT="paa" WC="0.87" LANG="dan"/>
							<SP ID="SP131" WIDTH="50" HPOS="551" VPOS="3087"/>
							<String ID="STRING153" STYLEREFS="STYLE3" HEIGHT="76" WIDTH="104" HPOS="601" VPOS="3072" CONTENT="det" WC="0.63" LANG="dan"/>
							<SP ID="SP132" WIDTH="40" HPOS="705" VPOS="3072"/>
							<String ID="STRING154" STYLEREFS="STYLE3" HEIGHT="64" WIDTH="72" HPOS="745" VPOS="3085" CONTENT="ar" WC="0.66" LANG="dan"/>
							<SP ID="SP133" WIDTH="30" HPOS="817" VPOS="3085"/>
							<String ID="STRING155" STYLEREFS="STYLE3" HEIGHT="101" WIDTH="434" HPOS="847" VPOS="3067" CONTENT="Kartoflerne" WC="0.77" LANG="dan"/>
							<SP ID="SP134" WIDTH="44" HPOS="1281" VPOS="3067"/>
							<String ID="STRING156" STYLEREFS="STYLE3" HEIGHT="93" WIDTH="52" HPOS="1325" VPOS="3069" CONTENT="ej" WC="0.75" LANG="dan"/>
							<SP ID="SP135" WIDTH="40" HPOS="1377" VPOS="3069"/>
							<String ID="STRING157" STYLEREFS="STYLE6" HEIGHT="114" WIDTH="126" HPOS="1417" VPOS="3070" CONTENT="skal" WC="0.85" LANG="dan"/>
							<SP ID="SP136" WIDTH="44" HPOS="1543" VPOS="3070"/>
							<String ID="STRING158" STYLEREFS="STYLE3" HEIGHT="95" WIDTH="176" HPOS="1587" VPOS="3068" CONTENT="falde" WC="0.91" LANG="dan"/>
							<SP ID="SP137" WIDTH="38" HPOS="1763" VPOS="3068"/>
							<String ID="STRING159" STYLEREFS="STYLE3" HEIGHT="79" WIDTH="138" HPOS="1801" VPOS="3097" CONTENT="paa" WC="0.8" LANG="dan"/>
						</TextLine>
						<TextLine ID="LINE23" HEIGHT="103" WIDTH="1817" HPOS="91" VPOS="3180">
							<String ID="STRING160" STYLEREFS="STYLE3" HEIGHT="88" WIDTH="315" HPOS="91" VPOS="3180" CONTENT="Bunden" WC="0.76" LANG="dan"/>
							<SP ID="SP138" WIDTH="41" HPOS="406" VPOS="3180"/>
							<String ID="STRING161" STYLEREFS="STYLE3" HEIGHT="100" WIDTH="369" HPOS="447" VPOS="3181" CONTENT="formedelst" WC="0.81" LANG="dan"/>
							<SP ID="SP139" WIDTH="41" HPOS="816" VPOS="3181"/>
							<String ID="STRING162" STYLEREFS="STYLE3" HEIGHT="75" WIDTH="187" HPOS="857" VPOS="3191" CONTENT="deres" WC="0.85" LANG="dan"/>
							<SP ID="SP140" WIDTH="49" HPOS="1044" VPOS="3191"/>
							<String ID="STRING163" STYLEREFS="STYLE3" HEIGHT="101" WIDTH="303" HPOS="1093" VPOS="3182" CONTENT="Tyngde." WC="0.7" LANG="dan"/>
							<SP ID="SP141" WIDTH="133" HPOS="1396" VPOS="3182"/>
							<String ID="STRING164" STYLEREFS="STYLE3" HEIGHT="89" WIDTH="379" HPOS="1529" VPOS="3186" CONTENT="Brændevi" SUBS_TYPE="HypPart1" SUBS_CONTENT="Brændevinen" WC="0.74" LANG="dan"/>
							<HYP CONTENT="-"/>
						</TextLine>
						<TextLine ID="LINE24" HEIGHT="115" WIDTH="1854" HPOS="90" VPOS="3295">
							<String ID="STRING165" STYLEREFS="STYLE3" HEIGHT="60" WIDTH="130" HPOS="90" VPOS="3320" CONTENT="nen" SUBS_TYPE="HypPart2" SUBS_CONTENT="Brændevinen" WC="0.78" LANG="dan"/>
							<SP ID="SP142" WIDTH="40" HPOS="220" VPOS="3320"/>
							<String ID="STRING166" STYLEREFS="STYLE3" HEIGHT="100" WIDTH="192" HPOS="260" VPOS="3295" CONTENT="heraf" WC="0.71" LANG="dan"/>
							<SP ID="SP143" WIDTH="24" HPOS="452" VPOS="3295"/>
							<String ID="STRING167" STYLEREFS="STYLE3" HEIGHT="99" WIDTH="202" HPOS="476" VPOS="3299" CONTENT="haver" WC="0.8" LANG="dan"/>
							<SP ID="SP144" WIDTH="26" HPOS="678" VPOS="3299"/>
							<String ID="STRING168" STYLEREFS="STYLE3" HEIGHT="77" WIDTH="20" HPOS="704" VPOS="3302" CONTENT="i" WC="0.42" LANG="dan"/>
							<SP ID="SP145" WIDTH="30" HPOS="724" VPOS="3302"/>
							<String ID="STRING169" STYLEREFS="STYLE3" HEIGHT="94" WIDTH="94" HPOS="754" VPOS="3303" CONTENT="sin" WC="0.75" LANG="dan"/>
							<SP ID="SP146" WIDTH="28" HPOS="848" VPOS="3303"/>
							<String ID="STRING170" STYLEREFS="STYLE3" HEIGHT="101" WIDTH="252" HPOS="876" VPOS="3299" CONTENT="Smag" WC="0.74" LANG="dan"/>
							<SP ID="SP147" WIDTH="34" HPOS="1128" VPOS="3299"/>
							<String ID="STRING171" STYLEREFS="STYLE3" HEIGHT="66" WIDTH="60" HPOS="1162" VPOS="3317" CONTENT="et" WC="0.8" LANG="dan"/>
							<SP ID="SP148" WIDTH="30" HPOS="1222" VPOS="3317"/>
							<String ID="STRING172" STYLEREFS="STYLE3" HEIGHT="103" WIDTH="250" HPOS="1252" VPOS="3301" CONTENT="Slags" WC="0.79" LANG="dan"/>
							<SP ID="SP149" WIDTH="20" HPOS="1502" VPOS="3301"/>
							<String ID="STRING173" STYLEREFS="STYLE3" HEIGHT="106" WIDTH="280" HPOS="1522" VPOS="3304" CONTENT="Fortrin" WC="0.75" LANG="dan"/>
							<SP ID="SP150" WIDTH="32" HPOS="1802" VPOS="3304"/>
							<String ID="STRING174" STYLEREFS="STYLE3" HEIGHT="102" WIDTH="110" HPOS="1834" VPOS="3306" CONTENT="for" WC="0.76" LANG="dan"/>
						</TextLine>
						<TextLine ID="LINE25" HEIGHT="91" WIDTH="1109" HPOS="96" VPOS="3412">
							<String ID="STRING175" STYLEREFS="STYLE3" HEIGHT="80" WIDTH="101" HPOS="96" VPOS="3420" CONTENT="det" WC="0.54" LANG="dan"/>
							<SP ID="SP151" WIDTH="43" HPOS="197" VPOS="3420"/>
							<String ID="STRING176" STYLEREFS="STYLE3" HEIGHT="89" WIDTH="197" HPOS="240" VPOS="3412" CONTENT="blotte" WC="0.83" LANG="dan"/>
							<SP ID="SP152" WIDTH="37" HPOS="437" VPOS="3412"/>
							<String ID="STRING177" STYLEREFS="STYLE3" HEIGHT="90" WIDTH="731" HPOS="474" VPOS="3413" CONTENT="Kom-Brændeviin." WC="0.71" LANG="dan"/>
						</TextLine>
					</TextBlock>
					<TextBlock xs:type="TextBlockType" ID="ZONE1264920" HEIGHT="133" WIDTH="1053" HPOS="901" VPOS="3604" xlink:type="simple">
						<TextLine ID="LINE26" HEIGHT="124" WIDTH="1051" HPOS="902" VPOS="3609">
							<String ID="STRING178" STYLEREFS="STYLE2" HEIGHT="105" WIDTH="199" HPOS="902" VPOS="3628" CONTENT="B;" WC="0.29" LANG="dan"/>
							<SP ID="SP153" WIDTH="701" HPOS="1101" VPOS="3628"/>
							<String ID="STRING179" STYLEREFS="STYLE2" HEIGHT="124" WIDTH="151" HPOS="1802" VPOS="3609" CONTENT="Lit" WC="0.32" LANG="dan"/>
						</TextLine>
					</TextBlock>
				</ComposedBlock>
			</PrintSpace>
		</Page>
	</Layout>
</alto>
