<?xml version="1.0" encoding="utf-8"?>
<alto xmlns="http://www.loc.gov/standards/alto/ns-v3#" xmlns:xs="http://www.w3.org/2001/XMLSchema-instance" xmlns:xlink="http://www.w3.org/1999/xlink">
	<Description>
		<MeasurementUnit>pixel</MeasurementUnit>
		<sourceImageInformation>
			<fileName>130017168119_2_014_001_054.tif</fileName>
		</sourceImageInformation>
		<OCRProcessing ID="OCR1">
			<ocrProcessingStep>
				<processingDateTime>2018-09-15</processingDateTime>
				<processingAgency>Zissor AS</processingAgency>
				<processingStepSettings>Combined OCR</processingStepSettings>
				<processingSoftware>
					<softwareCreator>Zissor AS</softwareCreator>
					<softwareName>ContentOCR-11; ContentOCR-Tesseract</softwareName>
					<softwareVersion>2.0.2; 2.0.0</softwareVersion>
					<applicationDescription>OCR Component for Zissor Content System</applicationDescription>
				</processingSoftware>
			</ocrProcessingStep>
		</OCRProcessing>
	</Description>
	<Styles>
		<TextStyle ID="STYLE1" FONTFAMILY="Times New Roman" FONTSIZE="14" FONTSTYLE=""/>
		<TextStyle ID="STYLE2" FONTFAMILY="Arial" FONTSIZE="12" FONTSTYLE=""/>
		<TextStyle ID="STYLE3" FONTFAMILY="Times New Roman" FONTSIZE="21" FONTSTYLE="italics"/>
		<TextStyle ID="STYLE4" FONTFAMILY="Times New Roman" FONTSIZE="11" FONTSTYLE=""/>
		<TextStyle ID="STYLE5" FONTFAMILY="Times New Roman" FONTSIZE="5" FONTSTYLE="bold"/>
		<TextStyle ID="STYLE6" FONTFAMILY="Arial" FONTSIZE="13" FONTSTYLE=""/>
		<TextStyle ID="STYLE7" FONTFAMILY="Arial" FONTSIZE="11" FONTSTYLE=""/>
	</Styles>
	<Layout>
		<Page ID="PAGE54" HEIGHT="4625" WIDTH="2861" PHYSICAL_IMG_NR="54" PROCESSING="OCR1" PC="0.74">
			<TopMargin HEIGHT="0" WIDTH="2861" HPOS="0" VPOS="0"/>
			<LeftMargin HEIGHT="4629" WIDTH="62" HPOS="0" VPOS="0"/>
			<RightMargin HEIGHT="4629" WIDTH="158" HPOS="2703" VPOS="0"/>
			<BottomMargin HEIGHT="-6" WIDTH="2861" HPOS="0" VPOS="4631"/>
			<PrintSpace ID="PRINTSPACE1" HEIGHT="4629" WIDTH="2639" HPOS="63" VPOS="1">
				<ComposedBlock xs:type="ComposedBlockType" ID="ARTICLE122089" HEIGHT="4629" WIDTH="2639" HPOS="63" VPOS="1" xlink:type="simple">
					<Illustration xs:type="IllustrationType" ID="ZONE1261993" HEIGHT="1325" WIDTH="177" HPOS="86" VPOS="1" xlink:type="simple"/>
					<Illustration xs:type="IllustrationType" ID="ZONE1261994" HEIGHT="548" WIDTH="1486" HPOS="1036" VPOS="75" xlink:type="simple"/>
					<TextBlock xs:type="TextBlockType" ID="ZONE1261995" HEIGHT="709" WIDTH="1739" HPOS="922" VPOS="617" xlink:type="simple">
						<TextLine ID="LINE1" HEIGHT="104" WIDTH="1695" HPOS="925" VPOS="620">
							<String ID="STRING1" STYLEREFS="STYLE1" HEIGHT="98" WIDTH="399" HPOS="925" VPOS="624" CONTENT="Dunsterne" WC="0.59" LANG="dan"/>
							<SP ID="SP1" WIDTH="67" HPOS="1324" VPOS="624"/>
							<String ID="STRING2" STYLEREFS="STYLE1" HEIGHT="94" WIDTH="77" HPOS="1391" VPOS="620" CONTENT="af" WC="0.31" LANG="dan"/>
							<SP ID="SP2" WIDTH="63" HPOS="1468" VPOS="620"/>
							<String ID="STRING3" STYLEREFS="STYLE1" HEIGHT="98" WIDTH="271" HPOS="1531" VPOS="624" CONTENT="Jorden" WC="0.71" LANG="dan"/>
							<SP ID="SP3" WIDTH="69" HPOS="1802" VPOS="624"/>
							<String ID="STRING4" STYLEREFS="STYLE1" HEIGHT="75" WIDTH="85" HPOS="1871" VPOS="645" CONTENT="og" WC="0.41" LANG="dan"/>
							<SP ID="SP4" WIDTH="71" HPOS="1956" VPOS="645"/>
							<String ID="STRING5" STYLEREFS="STYLE1" HEIGHT="74" WIDTH="75" HPOS="2027" VPOS="632" CONTENT="de" WC="0.64" LANG="dan"/>
							<SP ID="SP5" WIDTH="53" HPOS="2102" VPOS="632"/>
							<String ID="STRING6" STYLEREFS="STYLE1" HEIGHT="95" WIDTH="257" HPOS="2155" VPOS="624" CONTENT="flemme" WC="0.59" LANG="dan"/>
							<SP ID="SP6" WIDTH="53" HPOS="2412" VPOS="624"/>
							<String ID="STRING7" STYLEREFS="STYLE1" HEIGHT="100" WIDTH="155" HPOS="2465" VPOS="624" CONTENT="Ind" SUBS_TYPE="HypPart1" SUBS_CONTENT="Indflydelser" WC="0.75" LANG="dan"/>
							<HYP CONTENT="-"/>
						</TextLine>
						<TextLine ID="LINE2" HEIGHT="102" WIDTH="1726" HPOS="928" VPOS="724">
							<String ID="STRING8" STYLEREFS="STYLE1" HEIGHT="100" WIDTH="282" HPOS="928" VPOS="726" CONTENT="flydelser" SUBS_TYPE="HypPart2" SUBS_CONTENT="Indflydelser" WC="0.67" LANG="dan"/>
							<SP ID="SP7" WIDTH="34" HPOS="1210" VPOS="726"/>
							<String ID="STRING9" STYLEREFS="STYLE1" HEIGHT="94" WIDTH="78" HPOS="1244" VPOS="725" CONTENT="af" WC="0.94" LANG="dan"/>
							<SP ID="SP8" WIDTH="22" HPOS="1322" VPOS="725"/>
							<String ID="STRING10" STYLEREFS="STYLE1" HEIGHT="90" WIDTH="248" HPOS="1344" VPOS="726" CONTENT="Luften." WC="0.75" LANG="dan"/>
							<SP ID="SP9" WIDTH="108" HPOS="1592" VPOS="726"/>
							<String ID="STRING11" STYLEREFS="STYLE1" HEIGHT="96" WIDTH="146" HPOS="1700" VPOS="725" CONTENT="Jeg" WC="0.75" LANG="dan"/>
							<SP ID="SP10" WIDTH="38" HPOS="1846" VPOS="725"/>
							<String ID="STRING12" STYLEREFS="STYLE1" HEIGHT="88" WIDTH="122" HPOS="1884" VPOS="729" CONTENT="har" WC="0.75" LANG="dan"/>
							<SP ID="SP11" WIDTH="32" HPOS="2006" VPOS="729"/>
							<String ID="STRING13" STYLEREFS="STYLE1" HEIGHT="74" WIDTH="82" HPOS="2038" VPOS="746" CONTENT="og" WC="0.34" LANG="dan"/>
							<SP ID="SP12" WIDTH="42" HPOS="2120" VPOS="746"/>
							<String ID="STRING14" STYLEREFS="STYLE1" HEIGHT="99" WIDTH="186" HPOS="2162" VPOS="724" CONTENT="faaer" WC="0.78" LANG="dan"/>
							<SP ID="SP13" WIDTH="28" HPOS="2348" VPOS="724"/>
							<String ID="STRING15" STYLEREFS="STYLE1" HEIGHT="92" WIDTH="52" HPOS="2376" VPOS="725" CONTENT="ej" WC="0.77" LANG="dan"/>
							<SP ID="SP14" WIDTH="40" HPOS="2428" VPOS="725"/>
							<String ID="STRING16" STYLEREFS="STYLE1" HEIGHT="88" WIDTH="186" HPOS="2468" VPOS="732" CONTENT="heller" WC="0.75" LANG="dan"/>
						</TextLine>
						<TextLine ID="LINE3" HEIGHT="104" WIDTH="1726" HPOS="932" VPOS="820">
							<String ID="STRING17" STYLEREFS="STYLE1" HEIGHT="74" WIDTH="214" HPOS="932" VPOS="850" CONTENT="nogen" WC="0.74" LANG="dan"/>
							<SP ID="SP15" WIDTH="14" HPOS="1146" VPOS="850"/>
							<String ID="STRING18" STYLEREFS="STYLE1" HEIGHT="91" WIDTH="134" HPOS="1160" VPOS="824" CONTENT="Tid" WC="0.41" LANG="dan"/>
							<SP ID="SP16" WIDTH="20" HPOS="1294" VPOS="824"/>
							<String ID="STRING19" STYLEREFS="STYLE1" HEIGHT="96" WIDTH="84" HPOS="1314" VPOS="823" CONTENT="af" WC="1" LANG="dan"/>
							<SP ID="SP17" WIDTH="16" HPOS="1398" VPOS="823"/>
							<String ID="STRING20" STYLEREFS="STYLE1" HEIGHT="99" WIDTH="338" HPOS="1414" VPOS="820" CONTENT="Nimftoft" WC="0.59" LANG="dan"/>
							<SP ID="SP18" WIDTH="18" HPOS="1752" VPOS="820"/>
							<String ID="STRING21" STYLEREFS="STYLE1" HEIGHT="99" WIDTH="384" HPOS="1770" VPOS="821" CONTENT="forbrændt," WC="0.62" LANG="dan"/>
							<SP ID="SP19" WIDTH="58" HPOS="2154" VPOS="821"/>
							<String ID="STRING22" STYLEREFS="STYLE1" HEIGHT="92" WIDTH="152" HPOS="2212" VPOS="825" CONTENT="sort," WC="0.52" LANG="dan"/>
							<SP ID="SP20" WIDTH="60" HPOS="2364" VPOS="825"/>
							<String ID="STRING23" STYLEREFS="STYLE1" HEIGHT="94" WIDTH="234" HPOS="2424" VPOS="826" CONTENT="rustigt" WC="0.45" LANG="dan"/>
						</TextLine>
						<TextLine ID="LINE4" HEIGHT="97" WIDTH="1728" HPOS="929" VPOS="925">
							<String ID="STRING24" STYLEREFS="STYLE1" HEIGHT="74" WIDTH="144" HPOS="929" VPOS="934" CONTENT="eller" WC="0.85" LANG="dan"/>
							<SP ID="SP21" WIDTH="40" HPOS="1073" VPOS="934"/>
							<String ID="STRING25" STYLEREFS="STYLE1" HEIGHT="95" WIDTH="76" HPOS="1113" VPOS="926" CONTENT="af" WC="0.64" LANG="dan"/>
							<SP ID="SP22" WIDTH="34" HPOS="1189" VPOS="926"/>
							<String ID="STRING26" STYLEREFS="STYLE1" HEIGHT="91" WIDTH="324" HPOS="1223" VPOS="927" CONTENT="Meeldug" WC="0.67" LANG="dan"/>
							<SP ID="SP23" WIDTH="36" HPOS="1547" VPOS="927"/>
							<String ID="STRING27" STYLEREFS="STYLE2" HEIGHT="96" WIDTH="353" HPOS="1583" VPOS="925" CONTENT="beskadiget" WC="0.75" LANG="dan"/>
							<SP ID="SP24" WIDTH="38" HPOS="1936" VPOS="925"/>
							<String ID="STRING28" STYLEREFS="STYLE1" HEIGHT="78" WIDTH="223" HPOS="1974" VPOS="926" CONTENT="Korn." WC="0.74" LANG="dan"/>
							<SP ID="SP25" WIDTH="111" HPOS="2197" VPOS="926"/>
							<String ID="STRING29" STYLEREFS="STYLE1" HEIGHT="97" WIDTH="245" HPOS="2308" VPOS="925" CONTENT="Endog" WC="0.58" LANG="dan"/>
							<SP ID="SP26" WIDTH="28" HPOS="2553" VPOS="925"/>
							<String ID="STRING30" STYLEREFS="STYLE1" HEIGHT="68" WIDTH="76" HPOS="2581" VPOS="936" CONTENT="de" WC="0.6" LANG="dan"/>
						</TextLine>
						<TextLine ID="LINE5" HEIGHT="104" WIDTH="1728" HPOS="927" VPOS="1022">
							<String ID="STRING31" STYLEREFS="STYLE1" HEIGHT="99" WIDTH="258" HPOS="927" VPOS="1027" CONTENT="flemme" WC="0.61" LANG="dan"/>
							<SP ID="SP27" WIDTH="60" HPOS="1185" VPOS="1027"/>
							<String ID="STRING32" STYLEREFS="STYLE1" HEIGHT="89" WIDTH="242" HPOS="1245" VPOS="1025" CONTENT="Korn," WC="0.7" LANG="dan"/>
							<SP ID="SP28" WIDTH="52" HPOS="1487" VPOS="1025"/>
							<String ID="STRING33" STYLEREFS="STYLE1" HEIGHT="92" WIDTH="132" HPOS="1539" VPOS="1022" CONTENT="som" WC="0.49" LANG="dan"/>
							<SP ID="SP29" WIDTH="46" HPOS="1671" VPOS="1022"/>
							<String ID="STRING34" STYLEREFS="STYLE1" HEIGHT="72" WIDTH="104" HPOS="1717" VPOS="1031" CONTENT="det" WC="0.74" LANG="dan"/>
							<SP ID="SP30" WIDTH="50" HPOS="1821" VPOS="1031"/>
							<String ID="STRING35" STYLEREFS="STYLE1" HEIGHT="77" WIDTH="324" HPOS="1871" VPOS="1027" CONTENT="bekiendte" WC="0.69" LANG="dan"/>
							<SP ID="SP31" WIDTH="54" HPOS="2195" VPOS="1027"/>
							<String ID="STRING36" STYLEREFS="STYLE1" HEIGHT="89" WIDTH="270" HPOS="2249" VPOS="1025" CONTENT="Ukrud," WC="0.75" LANG="dan"/>
							<SP ID="SP32" WIDTH="54" HPOS="2519" VPOS="1025"/>
							<String ID="STRING37" STYLEREFS="STYLE1" HEIGHT="74" WIDTH="82" HPOS="2573" VPOS="1046" CONTENT="og" WC="0.39" LANG="dan"/>
						</TextLine>
						<TextLine ID="LINE6" HEIGHT="102" WIDTH="1727" HPOS="931" VPOS="1121">
							<String ID="STRING38" STYLEREFS="STYLE1" HEIGHT="80" WIDTH="215" HPOS="931" VPOS="1128" CONTENT="Gold-" WC="0.59" LANG="dan"/>
							<SP ID="SP33" WIDTH="43" HPOS="1146" VPOS="1128"/>
							<String ID="STRING39" STYLEREFS="STYLE1" HEIGHT="76" WIDTH="145" HPOS="1189" VPOS="1131" CONTENT="eller" WC="0.85" LANG="dan"/>
							<SP ID="SP34" WIDTH="33" HPOS="1334" VPOS="1131"/>
							<String ID="STRING40" STYLEREFS="STYLE1" HEIGHT="85" WIDTH="413" HPOS="1367" VPOS="1123" CONTENT="Vildkornet" WC="0.57" LANG="dan"/>
							<SP ID="SP35" WIDTH="53" HPOS="1780" VPOS="1123"/>
							<String ID="STRING41" STYLEREFS="STYLE1" HEIGHT="98" WIDTH="127" HPOS="1833" VPOS="1121" CONTENT="sees" WC="0.92" LANG="dan"/>
							<SP ID="SP36" WIDTH="43" HPOS="1960" VPOS="1121"/>
							<String ID="STRING42" STYLEREFS="STYLE1" HEIGHT="93" WIDTH="217" HPOS="2003" VPOS="1128" CONTENT="aldrig" WC="0.8" LANG="dan"/>
							<SP ID="SP37" WIDTH="63" HPOS="2220" VPOS="1128"/>
							<String ID="STRING43" STYLEREFS="STYLE1" HEIGHT="78" WIDTH="137" HPOS="2283" VPOS="1145" CONTENT="paa" WC="0.91" LANG="dan"/>
							<SP ID="SP38" WIDTH="67" HPOS="2420" VPOS="1145"/>
							<String ID="STRING44" STYLEREFS="STYLE1" HEIGHT="80" WIDTH="171" HPOS="2487" VPOS="1128" CONTENT="mine" WC="0.73" LANG="dan"/>
						</TextLine>
						<TextLine ID="LINE7" HEIGHT="99" WIDTH="204" HPOS="924" VPOS="1221">
							<String ID="STRING45" STYLEREFS="STYLE1" HEIGHT="99" WIDTH="204" HPOS="924" VPOS="1221" CONTENT="Agre." WC="0.58" LANG="dan"/>
						</TextLine>
					</TextBlock>
					<TextBlock xs:type="TextBlockType" ID="ZONE1261996" HEIGHT="118" WIDTH="75" HPOS="85" VPOS="1386" xlink:type="simple">
						<TextLine ID="LINE8" HEIGHT="118" WIDTH="73" HPOS="86" VPOS="1386">
							<String ID="STRING46" STYLEREFS="STYLE3" HEIGHT="118" WIDTH="73" HPOS="86" VPOS="1386" CONTENT="I" WC="0" LANG="dan"/>
						</TextLine>
					</TextBlock>
					<TextBlock xs:type="TextBlockType" ID="ZONE1261997" HEIGHT="73" WIDTH="52" HPOS="115" VPOS="1796" xlink:type="simple">
						<TextLine ID="LINE9" HEIGHT="73" WIDTH="52" HPOS="115" VPOS="1796">
							<String ID="STRING47" STYLEREFS="STYLE4" HEIGHT="73" WIDTH="52" HPOS="115" VPOS="1796" CONTENT=".I*" WC="0.57" LANG="dan"/>
						</TextLine>
					</TextBlock>
					<Illustration xs:type="IllustrationType" ID="ZONE1261998" HEIGHT="515" WIDTH="200" HPOS="68" VPOS="2085" xlink:type="simple"/>
					<TextBlock xs:type="TextBlockType" ID="ZONE1261999" HEIGHT="66" WIDTH="100" HPOS="63" VPOS="2685" xlink:type="simple">
						<TextLine ID="LINE10" HEIGHT="66" WIDTH="100" HPOS="63" VPOS="2685">
							<String ID="STRING48" STYLEREFS="STYLE5" HEIGHT="66" WIDTH="100" HPOS="63" VPOS="2685" CONTENT="'M," WC="0.75" LANG="dan"/>
						</TextLine>
					</TextBlock>
					<Illustration xs:type="IllustrationType" ID="ZONE1262000" HEIGHT="339" WIDTH="128" HPOS="65" VPOS="2903" xlink:type="simple"/>
					<TextBlock xs:type="TextBlockType" ID="ZONE1262001" HEIGHT="1003" WIDTH="1750" HPOS="922" VPOS="1417" xlink:type="simple">
						<TextLine ID="LINE11" HEIGHT="105" WIDTH="1511" HPOS="1142" VPOS="1420">
							<String ID="STRING49" STYLEREFS="STYLE1" HEIGHT="97" WIDTH="119" HPOS="1142" VPOS="1420" CONTENT="Til" WC="0.37" LANG="dan"/>
							<SP ID="SP39" WIDTH="59" HPOS="1261" VPOS="1420"/>
							<String ID="STRING50" STYLEREFS="STYLE1" HEIGHT="90" WIDTH="263" HPOS="1320" VPOS="1421" CONTENT="Bevils" WC="0.65" LANG="dan"/>
							<SP ID="SP40" WIDTH="26" HPOS="1583" VPOS="1421"/>
							<String ID="STRING51" STYLEREFS="STYLE6" HEIGHT="103" WIDTH="381" HPOS="1609" VPOS="1421" CONTENT="paa-hvad" WC="0.79" LANG="dan"/>
							<SP ID="SP41" WIDTH="-178" HPOS="1990" VPOS="1421"/>
							<String ID="STRING52" STYLEREFS="STYLE1" HEIGHT="102" WIDTH="179" HPOS="1812" VPOS="1423" CONTENT="hvad" WC="0.53" LANG="dan"/>
							<SP ID="SP42" WIDTH="55" HPOS="1991" VPOS="1423"/>
							<String ID="STRING53" STYLEREFS="STYLE1" HEIGHT="100" WIDTH="101" HPOS="2046" VPOS="1424" CONTENT="jeg" WC="0.59" LANG="dan"/>
							<SP ID="SP43" WIDTH="51" HPOS="2147" VPOS="1424"/>
							<String ID="STRING54" STYLEREFS="STYLE1" HEIGHT="100" WIDTH="189" HPOS="2198" VPOS="1425" CONTENT="siger," WC="0.63" LANG="dan"/>
							<SP ID="SP44" WIDTH="57" HPOS="2387" VPOS="1425"/>
							<String ID="STRING55" STYLEREFS="STYLE1" HEIGHT="84" WIDTH="209" HPOS="2444" VPOS="1424" CONTENT="kunde" WC="0.82" LANG="dan"/>
						</TextLine>
						<TextLine ID="LINE12" HEIGHT="103" WIDTH="1736" HPOS="925" VPOS="1519">
							<String ID="STRING56" STYLEREFS="STYLE1" HEIGHT="99" WIDTH="102" HPOS="925" VPOS="1519" CONTENT="jeg" WC="0.59" LANG="dan"/>
							<SP ID="SP45" WIDTH="30" HPOS="1027" VPOS="1519"/>
							<String ID="STRING57" STYLEREFS="STYLE1" HEIGHT="95" WIDTH="232" HPOS="1057" VPOS="1526" CONTENT="anføre" WC="0.69" LANG="dan"/>
							<SP ID="SP46" WIDTH="30" HPOS="1289" VPOS="1526"/>
							<String ID="STRING58" STYLEREFS="STYLE1" HEIGHT="92" WIDTH="156" HPOS="1319" VPOS="1527" CONTENT="hver" WC="0.64" LANG="dan"/>
							<SP ID="SP47" WIDTH="34" HPOS="1475" VPOS="1527"/>
							<String ID="STRING59" STYLEREFS="STYLE1" HEIGHT="93" WIDTH="184" HPOS="1509" VPOS="1528" CONTENT="Høst" WC="0.55" LANG="dan"/>
							<SP ID="SP48" WIDTH="40" HPOS="1693" VPOS="1528"/>
							<String ID="STRING60" STYLEREFS="STYLE1" HEIGHT="92" WIDTH="100" HPOS="1733" VPOS="1529" CONTENT="jeg" WC="0.61" LANG="dan"/>
							<SP ID="SP49" WIDTH="54" HPOS="1833" VPOS="1529"/>
							<String ID="STRING61" STYLEREFS="STYLE1" HEIGHT="90" WIDTH="124" HPOS="1887" VPOS="1529" CONTENT="har" WC="0.42" LANG="dan"/>
							<SP ID="SP50" WIDTH="44" HPOS="2011" VPOS="1529"/>
							<String ID="STRING62" STYLEREFS="STYLE1" HEIGHT="92" WIDTH="178" HPOS="2055" VPOS="1526" CONTENT="faaet" WC="0.67" LANG="dan"/>
							<SP ID="SP51" WIDTH="52" HPOS="2233" VPOS="1526"/>
							<String ID="STRING63" STYLEREFS="STYLE1" HEIGHT="92" WIDTH="108" HPOS="2285" VPOS="1529" CONTENT="fra" WC="0.61" LANG="dan"/>
							<SP ID="SP52" WIDTH="50" HPOS="2393" VPOS="1529"/>
							<String ID="STRING64" STYLEREFS="STYLE1" HEIGHT="74" WIDTH="218" HPOS="2443" VPOS="1548" CONTENT="1742," WC="0.71" LANG="dan"/>
						</TextLine>
						<TextLine ID="LINE13" HEIGHT="100" WIDTH="1727" HPOS="929" VPOS="1622">
							<String ID="STRING65" STYLEREFS="STYLE1" HEIGHT="58" WIDTH="151" HPOS="929" VPOS="1644" CONTENT="men" WC="0.76" LANG="dan"/>
							<SP ID="SP53" WIDTH="61" HPOS="1080" VPOS="1644"/>
							<String ID="STRING66" STYLEREFS="STYLE1" HEIGHT="87" WIDTH="95" HPOS="1141" VPOS="1630" CONTENT="jeg" WC="0.73" LANG="dan"/>
							<SP ID="SP54" WIDTH="53" HPOS="1236" VPOS="1630"/>
							<String ID="STRING67" STYLEREFS="STYLE1" HEIGHT="72" WIDTH="87" HPOS="1289" VPOS="1631" CONTENT="vil" WC="0.84" LANG="dan"/>
							<SP ID="SP55" WIDTH="49" HPOS="1376" VPOS="1631"/>
							<String ID="STRING68" STYLEREFS="STYLE1" HEIGHT="78" WIDTH="183" HPOS="1425" VPOS="1626" CONTENT="ikkun" WC="0.63" LANG="dan"/>
							<SP ID="SP56" WIDTH="55" HPOS="1608" VPOS="1626"/>
							<String ID="STRING69" STYLEREFS="STYLE1" HEIGHT="97" WIDTH="293" HPOS="1663" VPOS="1622" CONTENT="forestille" WC="0.76" LANG="dan"/>
							<SP ID="SP57" WIDTH="45" HPOS="1956" VPOS="1622"/>
							<String ID="STRING70" STYLEREFS="STYLE1" HEIGHT="100" WIDTH="261" HPOS="2001" VPOS="1622" CONTENT="Hosten" WC="0.67" LANG="dan"/>
							<SP ID="SP58" WIDTH="55" HPOS="2262" VPOS="1622"/>
							<String ID="STRING71" STYLEREFS="STYLE1" HEIGHT="94" WIDTH="81" HPOS="2317" VPOS="1623" CONTENT="af" WC="0.87" LANG="dan"/>
							<SP ID="SP59" WIDTH="43" HPOS="2398" VPOS="1623"/>
							<String ID="STRING72" STYLEREFS="STYLE1" HEIGHT="86" WIDTH="215" HPOS="2441" VPOS="1636" CONTENT="1764." WC="0.77" LANG="dan"/>
						</TextLine>
						<TextLine ID="LINE14" HEIGHT="104" WIDTH="1738" HPOS="932" VPOS="1720">
							<String ID="STRING73" STYLEREFS="STYLE1" HEIGHT="84" WIDTH="146" HPOS="932" VPOS="1720" CONTENT="Alle" WC="0.86" LANG="dan"/>
							<SP ID="SP60" WIDTH="34" HPOS="1078" VPOS="1720"/>
							<String ID="STRING74" STYLEREFS="STYLE1" HEIGHT="76" WIDTH="172" HPOS="1112" VPOS="1727" CONTENT="mine" WC="0.84" LANG="dan"/>
							<SP ID="SP61" WIDTH="18" HPOS="1284" VPOS="1727"/>
							<String ID="STRING75" STYLEREFS="STYLE1" HEIGHT="81" WIDTH="284" HPOS="1302" VPOS="1723" CONTENT="Naboer" WC="0.63" LANG="dan"/>
							<SP ID="SP62" WIDTH="46" HPOS="1586" VPOS="1723"/>
							<String ID="STRING76" STYLEREFS="STYLE1" HEIGHT="94" WIDTH="212" HPOS="1632" VPOS="1724" CONTENT="havde" WC="0.66" LANG="dan"/>
							<SP ID="SP63" WIDTH="22" HPOS="1844" VPOS="1724"/>
							<String ID="STRING77" STYLEREFS="STYLE1" HEIGHT="94" WIDTH="502" HPOS="1866" VPOS="1727" CONTENT="Kornmarker," WC="0.71" LANG="dan"/>
							<SP ID="SP64" WIDTH="56" HPOS="2368" VPOS="1727"/>
							<String ID="STRING78" STYLEREFS="STYLE1" HEIGHT="100" WIDTH="246" HPOS="2424" VPOS="1724" CONTENT="hvoraf" WC="0.72" LANG="dan"/>
						</TextLine>
						<TextLine ID="LINE15" HEIGHT="101" WIDTH="1726" HPOS="932" VPOS="1821">
							<String ID="STRING79" STYLEREFS="STYLE1" HEIGHT="58" WIDTH="204" HPOS="932" VPOS="1842" CONTENT="meere" WC="0.85" LANG="dan"/>
							<SP ID="SP65" WIDTH="40" HPOS="1136" VPOS="1842"/>
							<String ID="STRING80" STYLEREFS="STYLE1" HEIGHT="68" WIDTH="122" HPOS="1176" VPOS="1833" CONTENT="end" WC="0.75" LANG="dan"/>
							<SP ID="SP66" WIDTH="38" HPOS="1298" VPOS="1833"/>
							<String ID="STRING81" STYLEREFS="STYLE1" HEIGHT="98" WIDTH="436" HPOS="1336" VPOS="1821" CONTENT="Halvparten" WC="0.77" LANG="dan"/>
							<SP ID="SP67" WIDTH="36" HPOS="1772" VPOS="1821"/>
							<String ID="STRING82" STYLEREFS="STYLE1" HEIGHT="62" WIDTH="126" HPOS="1808" VPOS="1843" CONTENT="var" WC="0.87" LANG="dan"/>
							<SP ID="SP68" WIDTH="60" HPOS="1934" VPOS="1843"/>
							<String ID="STRING83" STYLEREFS="STYLE1" HEIGHT="96" WIDTH="366" HPOS="1994" VPOS="1824" CONTENT="fordervet," WC="0.73" LANG="nob"/>
							<SP ID="SP69" WIDTH="52" HPOS="2360" VPOS="1824"/>
							<String ID="STRING84" STYLEREFS="STYLE1" HEIGHT="73" WIDTH="90" HPOS="2412" VPOS="1833" CONTENT="da" WC="0.7" LANG="dan"/>
							<SP ID="SP70" WIDTH="58" HPOS="2502" VPOS="1833"/>
							<String ID="STRING85" STYLEREFS="STYLE1" HEIGHT="88" WIDTH="98" HPOS="2560" VPOS="1834" CONTENT="jeg" WC="0.64" LANG="dan"/>
						</TextLine>
						<TextLine ID="LINE16" HEIGHT="105" WIDTH="1735" HPOS="928" VPOS="1920">
							<String ID="STRING86" STYLEREFS="STYLE2" HEIGHT="99" WIDTH="354" HPOS="928" VPOS="1920" CONTENT="imidlertid" WC="0.77" LANG="dan"/>
							<SP ID="SP71" WIDTH="36" HPOS="1282" VPOS="1920"/>
							<String ID="STRING87" STYLEREFS="STYLE1" HEIGHT="78" WIDTH="125" HPOS="1318" VPOS="1923" CONTENT="ikke" WC="0.9" LANG="dan"/>
							<SP ID="SP72" WIDTH="33" HPOS="1443" VPOS="1923"/>
							<String ID="STRING88" STYLEREFS="STYLE1" HEIGHT="94" WIDTH="83" HPOS="1476" VPOS="1924" CONTENT="fik" WC="1" LANG="dan"/>
							<SP ID="SP73" WIDTH="30" HPOS="1559" VPOS="1924"/>
							<String ID="STRING89" STYLEREFS="STYLE1" HEIGHT="64" WIDTH="58" HPOS="1589" VPOS="1938" CONTENT="et" WC="0.91" LANG="dan"/>
							<SP ID="SP74" WIDTH="28" HPOS="1647" VPOS="1938"/>
							<String ID="STRING90" STYLEREFS="STYLE1" HEIGHT="96" WIDTH="198" HPOS="1675" VPOS="1925" CONTENT="eneste" WC="0.84" LANG="dan"/>
							<SP ID="SP75" WIDTH="27" HPOS="1873" VPOS="1925"/>
							<String ID="STRING91" STYLEREFS="STYLE2" HEIGHT="97" WIDTH="183" HPOS="1900" VPOS="1922" CONTENT="slemt" WC="0.84" LANG="dan"/>
							<SP ID="SP76" WIDTH="47" HPOS="2083" VPOS="1922"/>
							<String ID="STRING92" STYLEREFS="STYLE1" HEIGHT="99" WIDTH="101" HPOS="2130" VPOS="1926" CONTENT="Ax" WC="0.26" LANG="dan"/>
							<SP ID="SP77" WIDTH="36" HPOS="2231" VPOS="1926"/>
							<String ID="STRING93" STYLEREFS="STYLE1" HEIGHT="72" WIDTH="134" HPOS="2267" VPOS="1947" CONTENT="paa" WC="0.97" LANG="dan"/>
							<SP ID="SP78" WIDTH="58" HPOS="2401" VPOS="1947"/>
							<String ID="STRING94" STYLEREFS="STYLE1" HEIGHT="60" WIDTH="204" HPOS="2459" VPOS="1946" CONTENT="meere" WC="0.91" LANG="dan"/>
						</TextLine>
						<TextLine ID="LINE17" HEIGHT="101" WIDTH="1732" HPOS="931" VPOS="2021">
							<String ID="STRING95" STYLEREFS="STYLE1" HEIGHT="68" WIDTH="124" HPOS="931" VPOS="2030" CONTENT="end" WC="0.74" LANG="dan"/>
							<SP ID="SP79" WIDTH="40" HPOS="1055" VPOS="2030"/>
							<String ID="STRING96" STYLEREFS="STYLE1" HEIGHT="83" WIDTH="86" HPOS="1095" VPOS="2028" CONTENT="65" WC="1" LANG="dan"/>
							<SP ID="SP80" WIDTH="44" HPOS="1181" VPOS="2028"/>
							<String ID="STRING97" STYLEREFS="STYLE1" HEIGHT="90" WIDTH="274" HPOS="1225" VPOS="2021" CONTENT="Tonder" WC="0.57" LANG="dan"/>
							<SP ID="SP81" WIDTH="48" HPOS="1499" VPOS="2021"/>
							<String ID="STRING98" STYLEREFS="STYLE1" HEIGHT="82" WIDTH="204" HPOS="1547" VPOS="2022" CONTENT="Land." WC="0.73" LANG="dan"/>
							<SP ID="SP82" WIDTH="108" HPOS="1751" VPOS="2022"/>
							<String ID="STRING99" STYLEREFS="STYLE1" HEIGHT="99" WIDTH="170" HPOS="1859" VPOS="2023" CONTENT="Hvo" WC="0.44" LANG="dan"/>
							<SP ID="SP83" WIDTH="38" HPOS="2029" VPOS="2023"/>
							<String ID="STRING100" STYLEREFS="STYLE1" HEIGHT="90" WIDTH="132" HPOS="2067" VPOS="2024" CONTENT="som" WC="0.71" LANG="dan"/>
							<SP ID="SP84" WIDTH="40" HPOS="2199" VPOS="2024"/>
							<String ID="STRING101" STYLEREFS="STYLE1" HEIGHT="78" WIDTH="122" HPOS="2239" VPOS="2027" CONTENT="ikke" WC="1" LANG="dan"/>
							<SP ID="SP85" WIDTH="40" HPOS="2361" VPOS="2027"/>
							<String ID="STRING102" STYLEREFS="STYLE1" HEIGHT="74" WIDTH="88" HPOS="2401" VPOS="2032" CONTENT="vil" WC="0.76" LANG="dan"/>
							<SP ID="SP86" WIDTH="34" HPOS="2489" VPOS="2032"/>
							<String ID="STRING103" STYLEREFS="STYLE1" HEIGHT="60" WIDTH="140" HPOS="2523" VPOS="2048" CONTENT="troe" WC="0.51" LANG="dan"/>
						</TextLine>
						<TextLine ID="LINE18" HEIGHT="96" WIDTH="1729" HPOS="933" VPOS="2119">
							<String ID="STRING104" STYLEREFS="STYLE1" HEIGHT="92" WIDTH="141" HPOS="933" VPOS="2120" CONTENT="mig" WC="0.46" LANG="dan"/>
							<SP ID="SP87" WIDTH="35" HPOS="1074" VPOS="2120"/>
							<String ID="STRING105" STYLEREFS="STYLE1" HEIGHT="93" WIDTH="133" HPOS="1109" VPOS="2119" CONTENT="heri" WC="0.72" LANG="dan"/>
							<SP ID="SP88" WIDTH="25" HPOS="1242" VPOS="2119"/>
							<String ID="STRING106" STYLEREFS="STYLE1" HEIGHT="72" WIDTH="137" HPOS="1267" VPOS="2137" CONTENT="paa" WC="0.77" LANG="dan"/>
							<SP ID="SP89" WIDTH="33" HPOS="1404" VPOS="2137"/>
							<String ID="STRING107" STYLEREFS="STYLE1" HEIGHT="76" WIDTH="123" HPOS="1437" VPOS="2122" CONTENT="mit" WC="0.62" LANG="dan"/>
							<SP ID="SP90" WIDTH="43" HPOS="1560" VPOS="2122"/>
							<String ID="STRING108" STYLEREFS="STYLE1" HEIGHT="93" WIDTH="209" HPOS="1603" VPOS="2122" CONTENT="Ord," WC="0.55" LANG="dan"/>
							<SP ID="SP91" WIDTH="59" HPOS="1812" VPOS="2122"/>
							<String ID="STRING109" STYLEREFS="STYLE1" HEIGHT="77" WIDTH="209" HPOS="1871" VPOS="2125" CONTENT="kunde" WC="0.72" LANG="dan"/>
							<SP ID="SP92" WIDTH="59" HPOS="2080" VPOS="2125"/>
							<String ID="STRING110" STYLEREFS="STYLE1" HEIGHT="72" WIDTH="79" HPOS="2139" VPOS="2130" CONTENT="let" WC="0.82" LANG="dan"/>
							<SP ID="SP93" WIDTH="45" HPOS="2218" VPOS="2130"/>
							<String ID="STRING111" STYLEREFS="STYLE1" HEIGHT="85" WIDTH="399" HPOS="2263" VPOS="2129" CONTENT="overbevises" WC="0.8" LANG="dan"/>
						</TextLine>
						<TextLine ID="LINE19" HEIGHT="94" WIDTH="1704" HPOS="928" VPOS="2219">
							<String ID="STRING112" STYLEREFS="STYLE1" HEIGHT="89" WIDTH="254" HPOS="928" VPOS="2222" CONTENT="derom," WC="0.65" LANG="dan"/>
							<SP ID="SP94" WIDTH="58" HPOS="1182" VPOS="2222"/>
							<String ID="STRING113" STYLEREFS="STYLE1" HEIGHT="92" WIDTH="154" HPOS="1240" VPOS="2219" CONTENT="hvis" WC="0.77" LANG="dan"/>
							<SP ID="SP95" WIDTH="28" HPOS="1394" VPOS="2219"/>
							<String ID="STRING114" STYLEREFS="STYLE1" HEIGHT="89" WIDTH="134" HPOS="1422" VPOS="2219" CONTENT="han" WC="0.75" LANG="dan"/>
							<SP ID="SP96" WIDTH="34" HPOS="1556" VPOS="2219"/>
							<String ID="STRING115" STYLEREFS="STYLE1" HEIGHT="93" WIDTH="370" HPOS="1590" VPOS="2220" CONTENT="betragtede" WC="0.61" LANG="dan"/>
							<SP ID="SP97" WIDTH="28" HPOS="1960" VPOS="2220"/>
							<String ID="STRING116" STYLEREFS="STYLE1" HEIGHT="78" WIDTH="138" HPOS="1988" VPOS="2224" CONTENT="min" WC="0.87" LANG="dan"/>
							<SP ID="SP98" WIDTH="30" HPOS="2126" VPOS="2224"/>
							<String ID="STRING117" STYLEREFS="STYLE1" HEIGHT="87" WIDTH="194" HPOS="2156" VPOS="2220" CONTENT="Sæd" WC="0.52" LANG="dan"/>
							<SP ID="SP99" WIDTH="30" HPOS="2350" VPOS="2220"/>
							<String ID="STRING118" STYLEREFS="STYLE1" HEIGHT="78" WIDTH="18" HPOS="2380" VPOS="2227" CONTENT="i" WC="1" LANG="dan"/>
							<SP ID="SP100" WIDTH="32" HPOS="2398" VPOS="2227"/>
							<String ID="STRING119" STYLEREFS="STYLE1" HEIGHT="83" WIDTH="202" HPOS="2430" VPOS="2225" CONTENT="Lader" SUBS_TYPE="HypPart1" SUBS_CONTENT="Laderne" WC="0.63" LANG="dan"/>
							<HYP CONTENT="-"/>
						</TextLine>
						<TextLine ID="LINE20" HEIGHT="104" WIDTH="842" HPOS="932" VPOS="2312">
							<String ID="STRING120" STYLEREFS="STYLE1" HEIGHT="62" WIDTH="80" HPOS="932" VPOS="2334" CONTENT="ne" SUBS_TYPE="HypPart2" SUBS_CONTENT="Laderne" WC="0.98" LANG="dan"/>
							<SP ID="SP101" WIDTH="36" HPOS="1012" VPOS="2334"/>
							<String ID="STRING121" STYLEREFS="STYLE1" HEIGHT="98" WIDTH="78" HPOS="1048" VPOS="2314" CONTENT="af" WC="0.75" LANG="dan"/>
							<SP ID="SP102" WIDTH="32" HPOS="1126" VPOS="2314"/>
							<String ID="STRING122" STYLEREFS="STYLE1" HEIGHT="104" WIDTH="616" HPOS="1158" VPOS="2312" CONTENT="Belle-Fontaine." WC="0.76" LANG="deu"/>
						</TextLine>
					</TextBlock>
					<TextBlock xs:type="TextBlockType" ID="ZONE1262002" HEIGHT="718" WIDTH="1739" HPOS="926" VPOS="2508" xlink:type="simple">
						<TextLine ID="LINE21" HEIGHT="113" WIDTH="1532" HPOS="1131" VPOS="2511">
							<String ID="STRING123" STYLEREFS="STYLE1" HEIGHT="93" WIDTH="166" HPOS="1131" VPOS="2512" CONTENT="Det" WC="0.55" LANG="dan"/>
							<SP ID="SP103" WIDTH="66" HPOS="1297" VPOS="2512"/>
							<String ID="STRING124" STYLEREFS="STYLE1" HEIGHT="89" WIDTH="206" HPOS="1363" VPOS="2511" CONTENT="bliver" WC="0.7" LANG="dan"/>
							<SP ID="SP104" WIDTH="54" HPOS="1569" VPOS="2511"/>
							<String ID="STRING125" STYLEREFS="STYLE1" HEIGHT="100" WIDTH="212" HPOS="1623" VPOS="2511" CONTENT="altfaa" WC="0.8" LANG="dan"/>
							<SP ID="SP105" WIDTH="30" HPOS="1835" VPOS="2511"/>
							<String ID="STRING126" STYLEREFS="STYLE1" HEIGHT="62" WIDTH="84" HPOS="1865" VPOS="2537" CONTENT="en" WC="1" LANG="dan"/>
							<SP ID="SP106" WIDTH="46" HPOS="1949" VPOS="2537"/>
							<String ID="STRING127" STYLEREFS="STYLE1" HEIGHT="106" WIDTH="250" HPOS="1995" VPOS="2514" CONTENT="afgiort" WC="0.8" LANG="dan"/>
							<SP ID="SP107" WIDTH="50" HPOS="2245" VPOS="2514"/>
							<String ID="STRING128" STYLEREFS="STYLE1" HEIGHT="103" WIDTH="228" HPOS="2295" VPOS="2521" CONTENT="Sag," WC="0.57" LANG="dan"/>
							<SP ID="SP108" WIDTH="66" HPOS="2523" VPOS="2521"/>
							<String ID="STRING129" STYLEREFS="STYLE1" HEIGHT="70" WIDTH="74" HPOS="2589" VPOS="2542" CONTENT="at" WC="0.6" LANG="dan"/>
						</TextLine>
						<TextLine ID="LINE22" HEIGHT="115" WIDTH="1727" HPOS="933" VPOS="2612">
							<String ID="STRING130" STYLEREFS="STYLE1" HEIGHT="84" WIDTH="141" HPOS="933" VPOS="2612" CONTENT="min" WC="0.5" LANG="dan"/>
							<SP ID="SP109" WIDTH="57" HPOS="1074" VPOS="2612"/>
							<String ID="STRING131" STYLEREFS="STYLE1" HEIGHT="81" WIDTH="273" HPOS="1131" VPOS="2620" CONTENT="Maade" WC="0.82" LANG="dan"/>
							<SP ID="SP110" WIDTH="41" HPOS="1404" VPOS="2620"/>
							<String ID="STRING132" STYLEREFS="STYLE1" HEIGHT="62" WIDTH="75" HPOS="1445" VPOS="2638" CONTENT="at" WC="0.66" LANG="dan"/>
							<SP ID="SP111" WIDTH="61" HPOS="1520" VPOS="2638"/>
							<String ID="STRING133" STYLEREFS="STYLE1" HEIGHT="80" WIDTH="169" HPOS="1581" VPOS="2620" CONTENT="kalke" WC="0.84" LANG="dan"/>
							<SP ID="SP112" WIDTH="53" HPOS="1750" VPOS="2620"/>
							<String ID="STRING134" STYLEREFS="STYLE1" HEIGHT="89" WIDTH="275" HPOS="1803" VPOS="2619" CONTENT="Sæden" WC="0.71" LANG="dan"/>
							<SP ID="SP113" WIDTH="79" HPOS="2078" VPOS="2619"/>
							<String ID="STRING135" STYLEREFS="STYLE1" HEIGHT="105" WIDTH="325" HPOS="2157" VPOS="2622" CONTENT="forskaffer" WC="0.58" LANG="dan"/>
							<SP ID="SP114" WIDTH="55" HPOS="2482" VPOS="2622"/>
							<String ID="STRING136" STYLEREFS="STYLE1" HEIGHT="70" WIDTH="123" HPOS="2537" VPOS="2640" CONTENT="den" WC="0.75" LANG="dan"/>
						</TextLine>
						<TextLine ID="LINE23" HEIGHT="111" WIDTH="1734" HPOS="928" VPOS="2715">
							<String ID="STRING137" STYLEREFS="STYLE1" HEIGHT="90" WIDTH="228" HPOS="928" VPOS="2716" CONTENT="Salte" WC="0.75" LANG="dan"/>
							<SP ID="SP115" WIDTH="38" HPOS="1156" VPOS="2716"/>
							<String ID="STRING138" STYLEREFS="STYLE1" HEIGHT="76" WIDTH="80" HPOS="1194" VPOS="2737" CONTENT="og" WC="0.48" LANG="dan"/>
							<SP ID="SP116" WIDTH="52" HPOS="1274" VPOS="2737"/>
							<String ID="STRING139" STYLEREFS="STYLE1" HEIGHT="97" WIDTH="292" HPOS="1326" VPOS="2715" CONTENT="Safter," WC="0.82" LANG="dan"/>
							<SP ID="SP117" WIDTH="56" HPOS="1618" VPOS="2715"/>
							<String ID="STRING140" STYLEREFS="STYLE1" HEIGHT="91" WIDTH="132" HPOS="1674" VPOS="2718" CONTENT="som" WC="0.76" LANG="dan"/>
							<SP ID="SP118" WIDTH="42" HPOS="1806" VPOS="2718"/>
							<String ID="STRING141" STYLEREFS="STYLE1" HEIGHT="88" WIDTH="238" HPOS="1848" VPOS="2724" CONTENT="remser" WC="0.57" LANG="dan"/>
							<SP ID="SP119" WIDTH="52" HPOS="2086" VPOS="2724"/>
							<String ID="STRING142" STYLEREFS="STYLE1" HEIGHT="85" WIDTH="148" HPOS="2138" VPOS="2732" CONTENT="den," WC="0.79" LANG="dan"/>
							<SP ID="SP120" WIDTH="54" HPOS="2286" VPOS="2732"/>
							<String ID="STRING143" STYLEREFS="STYLE1" HEIGHT="76" WIDTH="82" HPOS="2340" VPOS="2747" CONTENT="og" WC="0.35" LANG="dan"/>
							<SP ID="SP121" WIDTH="54" HPOS="2422" VPOS="2747"/>
							<String ID="STRING144" STYLEREFS="STYLE1" HEIGHT="94" WIDTH="186" HPOS="2476" VPOS="2732" CONTENT="giver" WC="0.68" LANG="dan"/>
						</TextLine>
						<TextLine ID="LINE24" HEIGHT="116" WIDTH="1732" HPOS="930" VPOS="2811">
							<String ID="STRING145" STYLEREFS="STYLE1" HEIGHT="74" WIDTH="128" HPOS="930" VPOS="2820" CONTENT="den" WC="0.8" LANG="deu"/>
							<SP ID="SP122" WIDTH="30" HPOS="1058" VPOS="2820"/>
							<String ID="STRING146" STYLEREFS="STYLE1" HEIGHT="72" WIDTH="10" HPOS="1088" VPOS="2832" CONTENT="j" WC="0.32" LANG="dan"/>
							<SP ID="SP123" WIDTH="32" HPOS="1098" VPOS="2832"/>
							<String ID="STRING147" STYLEREFS="STYLE1" HEIGHT="71" WIDTH="124" HPOS="1130" VPOS="2824" CONTENT="den" WC="0.75" LANG="deu"/>
							<SP ID="SP124" WIDTH="76" HPOS="1254" VPOS="2824"/>
							<String ID="STRING148" STYLEREFS="STYLE1" HEIGHT="87" WIDTH="160" HPOS="1330" VPOS="2817" CONTENT="beste" WC="0.63" LANG="deu"/>
							<SP ID="SP125" WIDTH="72" HPOS="1490" VPOS="2817"/>
							<String ID="STRING149" STYLEREFS="STYLE1" HEIGHT="106" WIDTH="502" HPOS="1562" VPOS="2811" CONTENT="Beskaffenhed." WC="0.65" LANG="dan"/>
							<SP ID="SP126" WIDTH="108" HPOS="2064" VPOS="2811"/>
							<String ID="STRING150" STYLEREFS="STYLE1" HEIGHT="103" WIDTH="274" HPOS="2172" VPOS="2824" CONTENT="Enhver" WC="0.76" LANG="dan"/>
							<SP ID="SP127" WIDTH="84" HPOS="2446" VPOS="2824"/>
							<String ID="STRING151" STYLEREFS="STYLE1" HEIGHT="80" WIDTH="132" HPOS="2530" VPOS="2830" CONTENT="kan" WC="1" LANG="dan"/>
						</TextLine>
						<TextLine ID="LINE25" HEIGHT="108" WIDTH="1729" HPOS="934" VPOS="2912">
							<String ID="STRING152" STYLEREFS="STYLE1" HEIGHT="88" WIDTH="241" HPOS="934" VPOS="2912" CONTENT="betiene" WC="0.84" LANG="dan"/>
							<SP ID="SP128" WIDTH="67" HPOS="1175" VPOS="2912"/>
							<String ID="STRING153" STYLEREFS="STYLE1" HEIGHT="98" WIDTH="91" HPOS="1242" VPOS="2915" CONTENT="sig" WC="0.45" LANG="dan"/>
							<SP ID="SP129" WIDTH="59" HPOS="1333" VPOS="2915"/>
							<String ID="STRING154" STYLEREFS="STYLE1" HEIGHT="96" WIDTH="81" HPOS="1392" VPOS="2914" CONTENT="af" WC="1" LANG="dan"/>
							<SP ID="SP130" WIDTH="51" HPOS="1473" VPOS="2914"/>
							<String ID="STRING155" STYLEREFS="STYLE1" HEIGHT="75" WIDTH="203" HPOS="1524" VPOS="2924" CONTENT="denne" WC="0.83" LANG="dan"/>
							<SP ID="SP131" WIDTH="65" HPOS="1727" VPOS="2924"/>
							<String ID="STRING156" STYLEREFS="STYLE1" HEIGHT="99" WIDTH="349" HPOS="1792" VPOS="2921" CONTENT="Methode," WC="0.56" LANG="deu"/>
							<SP ID="SP132" WIDTH="61" HPOS="2141" VPOS="2921"/>
							<String ID="STRING157" STYLEREFS="STYLE1" HEIGHT="70" WIDTH="87" HPOS="2202" VPOS="2937" CONTENT="da" WC="0.62" LANG="dan"/>
							<SP ID="SP133" WIDTH="59" HPOS="2289" VPOS="2937"/>
							<String ID="STRING158" STYLEREFS="STYLE1" HEIGHT="71" WIDTH="121" HPOS="2348" VPOS="2939" CONTENT="den" WC="0.76" LANG="dan"/>
							<SP ID="SP134" WIDTH="49" HPOS="2469" VPOS="2939"/>
							<String ID="STRING159" STYLEREFS="STYLE1" HEIGHT="80" WIDTH="145" HPOS="2518" VPOS="2932" CONTENT="blot" WC="0.46" LANG="dan"/>
						</TextLine>
						<TextLine ID="LINE26" HEIGHT="118" WIDTH="1729" HPOS="932" VPOS="3012">
							<String ID="STRING160" STYLEREFS="STYLE2" HEIGHT="100" WIDTH="292" HPOS="932" VPOS="3012" CONTENT="besaaer" WC="0.78" LANG="dan"/>
							<SP ID="SP135" WIDTH="35" HPOS="1224" VPOS="3012"/>
							<String ID="STRING161" STYLEREFS="STYLE1" HEIGHT="76" WIDTH="18" HPOS="1259" VPOS="3019" CONTENT="i" WC="1" LANG="dan"/>
							<SP ID="SP136" WIDTH="18" HPOS="1277" VPOS="3019"/>
							<String ID="STRING162" STYLEREFS="STYLE2" HEIGHT="105" WIDTH="347" HPOS="1295" VPOS="3012" CONTENT="saadanne" WC="0.78" LANG="dan"/>
							<SP ID="SP137" WIDTH="25" HPOS="1642" VPOS="3012"/>
							<String ID="STRING163" STYLEREFS="STYLE1" HEIGHT="102" WIDTH="448" HPOS="1667" VPOS="3016" CONTENT="Materialier," WC="0.71" LANG="dan"/>
							<SP ID="SP138" WIDTH="56" HPOS="2115" VPOS="3016"/>
							<String ID="STRING164" STYLEREFS="STYLE1" HEIGHT="95" WIDTH="136" HPOS="2171" VPOS="3024" CONTENT="som" WC="0.68" LANG="dan"/>
							<SP ID="SP139" WIDTH="40" HPOS="2307" VPOS="3024"/>
							<String ID="STRING165" STYLEREFS="STYLE1" HEIGHT="76" WIDTH="122" HPOS="2347" VPOS="3035" CONTENT="alle" WC="0.88" LANG="dan"/>
							<SP ID="SP140" WIDTH="24" HPOS="2469" VPOS="3035"/>
							<String ID="STRING166" STYLEREFS="STYLE1" HEIGHT="102" WIDTH="168" HPOS="2493" VPOS="3028" CONTENT="Folk" WC="0.68" LANG="dan"/>
						</TextLine>
						<TextLine ID="LINE27" HEIGHT="109" WIDTH="1323" HPOS="935" VPOS="3116">
							<String ID="STRING167" STYLEREFS="STYLE1" HEIGHT="80" WIDTH="211" HPOS="935" VPOS="3130" CONTENT="meget" WC="0.72" LANG="dan"/>
							<SP ID="SP141" WIDTH="47" HPOS="1146" VPOS="3130"/>
							<String ID="STRING168" STYLEREFS="STYLE1" HEIGHT="97" WIDTH="317" HPOS="1193" VPOS="3117" CONTENT="letteligen" WC="0.88" LANG="dan"/>
							<SP ID="SP142" WIDTH="37" HPOS="1510" VPOS="3117"/>
							<String ID="STRING169" STYLEREFS="STYLE1" HEIGHT="89" WIDTH="209" HPOS="1547" VPOS="3116" CONTENT="kunne" WC="0.79" LANG="dan"/>
							<SP ID="SP143" WIDTH="45" HPOS="1756" VPOS="3116"/>
							<String ID="STRING170" STYLEREFS="STYLE1" HEIGHT="104" WIDTH="279" HPOS="1801" VPOS="3120" CONTENT="anskaffe" WC="0.87" LANG="dan"/>
							<SP ID="SP144" WIDTH="57" HPOS="2080" VPOS="3120"/>
							<String ID="STRING171" STYLEREFS="STYLE1" HEIGHT="99" WIDTH="121" HPOS="2137" VPOS="3126" CONTENT="sig." WC="0.69" LANG="dan"/>
						</TextLine>
					</TextBlock>
					<Illustration xs:type="IllustrationType" ID="ZONE1262003" HEIGHT="23" WIDTH="1652" HPOS="119" VPOS="3291" xlink:type="simple"/>
					<Illustration xs:type="IllustrationType" ID="ZONE1262004" HEIGHT="117" WIDTH="1674" HPOS="119" VPOS="3307" xlink:type="simple"/>
					<Illustration xs:type="IllustrationType" ID="ZONE1262005" HEIGHT="93" WIDTH="1637" HPOS="119" VPOS="3417" xlink:type="simple"/>
					<Illustration xs:type="IllustrationType" ID="ZONE1262006" HEIGHT="22" WIDTH="2464" HPOS="118" VPOS="3503" xlink:type="simple"/>
					<Illustration xs:type="IllustrationType" ID="ZONE1262007" HEIGHT="1115" WIDTH="2584" HPOS="118" VPOS="3515" xlink:type="simple"/>
					<TextBlock xs:type="TextBlockType" ID="ZONE1262008" HEIGHT="193" WIDTH="849" HPOS="1811" VPOS="3323" xlink:type="simple">
						<TextLine ID="LINE28" HEIGHT="107" WIDTH="804" HPOS="1856" VPOS="3325">
							<String ID="STRING172" STYLEREFS="STYLE1" HEIGHT="80" WIDTH="190" HPOS="1856" VPOS="3330" CONTENT="ender" WC="0.72" LANG="dan"/>
							<SP ID="SP145" WIDTH="66" HPOS="2046" VPOS="3330"/>
							<String ID="STRING173" STYLEREFS="STYLE1" HEIGHT="79" WIDTH="204" HPOS="2112" VPOS="3332" CONTENT="denne" WC="0.86" LANG="dan"/>
							<SP ID="SP146" WIDTH="68" HPOS="2316" VPOS="3332"/>
							<String ID="STRING174" STYLEREFS="STYLE1" HEIGHT="107" WIDTH="276" HPOS="2384" VPOS="3325" CONTENT="Artikel," WC="0.67" LANG="dan"/>
						</TextLine>
						<TextLine ID="LINE29" HEIGHT="91" WIDTH="847" HPOS="1812" VPOS="3425">
							<String ID="STRING175" STYLEREFS="STYLE1" HEIGHT="87" WIDTH="265" HPOS="1812" VPOS="3425" CONTENT="berette," WC="0.72" LANG="dan"/>
							<SP ID="SP147" WIDTH="66" HPOS="2077" VPOS="3425"/>
							<String ID="STRING176" STYLEREFS="STYLE1" HEIGHT="62" WIDTH="74" HPOS="2143" VPOS="3449" CONTENT="at" WC="0.8" LANG="dan"/>
							<SP ID="SP148" WIDTH="63" HPOS="2217" VPOS="3449"/>
							<String ID="STRING177" STYLEREFS="STYLE7" HEIGHT="66" WIDTH="97" HPOS="2280" VPOS="3450" CONTENT="jeg" WC="0.8" LANG="dan"/>
							<SP ID="SP149" WIDTH="54" HPOS="2377" VPOS="3450"/>
							<String ID="STRING178" STYLEREFS="STYLE1" HEIGHT="82" WIDTH="228" HPOS="2431" VPOS="3434" CONTENT="tilforn" WC="0.8" LANG="dan"/>
						</TextLine>
					</TextBlock>
				</ComposedBlock>
			</PrintSpace>
		</Page>
	</Layout>
</alto>
