2824 4566
963 354 34 73 S
1013 351 46 68 4

972 540 178 93 høje,
1200 534 130 92 som
1376 555 158 60 man
1594 534 176 99 kan,
1826 558 84 74 og
1954 540 186 88 storke
2184 545 122 73 den
2348 558 110 61 ene
2504 541 174 81 imod

963 648 124 67 den
1115 648 234 68 anden.
1464 635 173 83 Men
1673 659 172 57 naar
1873 662 160 57 man
2070 641 269 86 handler
2372 639 311 99 fraledes,

965 738 286 79 kommer
1291 746 120 69 den
1449 738 184 92 meste
1677 737 188 84 Sæd
1897 742 72 78 til
2005 757 69 62 at
2109 743 165 93 ligge
2311 760 138 74 paa
2491 739 165 97 Ryg-

966 858 122 73 gen
1116 836 78 90 af
1226 836 302 98 Furene;
1586 837 252 88 Deraf
1858 840 288 79 kommer
2180 851 138 79 der,
2364 859 72 62 ar
2480 853 198 69 denne

962 938 189 85 Deel
1186 958 65 58 er
1284 935 125 94 ofte
1468 937 185 79 bedre
1696 939 249 95 forster,
2004 949 121 70 end
2164 947 117 71 den
2308 949 99 70 vel
2462 943 219 94 ffulde.

963 1038 132 85 De
1133 1046 204 71 andre
1383 1035 188 84 Snit
1621 1058 204 72 gaaer
1871 1046 246 89 derpaa
2169 1043 234 79 immer
2449 1049 236 89 lavere,

967 1159 81 72 og
1097 1151 111 85 de,
1265 1138 131 92 som
1439 1159 97 60 ere
1583 1141 307 97 underst,
1947 1150 163 88 have
2158 1138 128 100 ofte
2331 1142 121 83 ikke
2495 1141 189 87 Sæd

962 1239 144 80 nok.

1167 1436 221 88 Derte
1437 1461 65 61 er
1541 1462 75 58 en
1663 1443 213 95 vidrig
1915 1440 581 105 Omstændighed,
2555 1444 131 96 som

962 1558 166 63 man
1178 1546 160 74 altid
1384 1541 128 77 kan
1552 1552 346 85 undgaae,
1956 1567 172 58 naar
2186 1569 162 61 man
2408 1545 276 90 udfaaer

956 1638 271 85 Sæden
1274 1653 143 66 med
1448 1641 309 97 Harven,
1814 1665 81 73 og
1926 1642 269 100 Jorden
2236 1644 447 100 fornemmelig

953 1751 194 68 røres
1185 1744 100 74 ve!
1341 1763 80 66 op
1473 1750 118 72 ved
1639 1751 164 84 gode
1845 1746 204 94 jævne
2101 1747 448 98 Pløjninger,
2605 1772 82 72 og

956 1841 228 92 giøres
1266 1845 246 76 muldet
1589 1838 365 100 formedelst
2017 1845 469 94 Glødninger,
2551 1848 135 92 som

952 1937 212 98 passer
1218 1938 89 90 sig
1356 1941 70 78 til
1490 1949 166 71 dens
1732 1941 264 82 Natur.
2102 1945 403 98 Erfaringen
2562 1949 124 95 skal

953 2043 166 74 altid
1165 2038 148 90 vise,
1371 2055 72 62 ar
1475 2039 334 83 Beedviis
1855 2050 244 86 pløjede
2131 2047 214 93 Agre,
2403 2049 130 78 som
2581 2070 98 58 ere

953 2157 203 60 meere
1187 2142 141 75 eller
1367 2141 251 77 mindre
1667 2141 327 98 ophøjede,
2051 2157 91 66 alt
2187 2147 127 89 som
2342 2143 308 98 Jordma-

928 2240 144 94 «nen
928 2242 146 73 Men
1104 2257 64 59 er
1202 2256 108 62 tør
1348 2243 140 74 eller
1544 2251 216 78 vaad,
1816 2265 82 73 vg
1950 2244 266 83 Sæden
2264 2248 246 89 kilstraer
2556 2262 122 66 ved

946 2334 333 97 Harven,
1334 2339 51 86 ej
1456 2342 177 76 alene
1700 2341 203 81 bliver
1960 2342 341 92 forvarede
2384 2349 101 92 for
2555 2356 126 72 alle

945 2436 304 94 skadelige
1337 2435 328 97 Tilfælde,
1727 2463 146 59 men
1939 2444 210 89 ogsaa
2235 2448 124 78 ikke
2455 2451 226 88 giøres

948 2537 310 84 uffikkede
1314 2537 82 94 af
1438 2558 212 74 nogen
1698 2543 166 95 ledig
1922 2544 284 98 Plads,
2263 2546 94 94 thi
2404 2547 272 84 Sæde«

946 2634 207 84 bliver
1218 2646 89 68 da
1372 2643 325 93 allevegne
1776 2647 119 89 lige
1954 2647 321 95 udbredt,
2336 2672 83 73 og
2486 2649 187 92 faaer

945 2734 190 81 bedre
1199 2734 228 93 Skik,
1483 2750 120 70 end
1661 2761 110 58 om
1817 2763 160 59 man
2033 2749 210 90 havde
2307 2750 238 84 berienr
2583 2752 92 94 sig

945 2831 81 96 af
1063 2857 75 58 en
1185 2838 191 98 Plov
1423 2846 145 76 med
1639 2864 77 55 er»
1779 2843 347 100 Skræppe
2177 2854 141 76 eller
2377 2849 273 86 Qværn-

948 2934 256 94 ffcuve,
1290 2944 144 75 eller
1510 2956 58 64 er
1648 2949 200 73 ander
1926 2944 180 97 Ager
2150 2979 26 36 -
2212 2950 462 100 Instrument,

948 3034 201 97 hvilke
1189 3035 377 99 Redskab-er
1599 3046 184 77 ellers
1825 3044 209 94 ogsaa
2081 3051 148 92 giør
2273 3058 214 74 endda
2518 3050 155 86 Bes-

946 3133 360 99 kosninger
947 3134 360 98 kostninger
1337 3139 284 81 dobbelt.
1725 3139 145 99 Jeg
1921 3168 226 73 regner
2189 3150 114 96 her
2351 3153 163 94 ikke,
2577 3170 97 80 ar,

944 3240 88 73 da
1118 3242 140 74 min
1330 3241 326 85 Methode
1750 3243 126 94 har
1960 3248 158 81 intet
2206 3250 468 98 besynderligt,

942 3330 453 103 Forpagterne
1440 3341 123 78 ikke
1596 3362 95 60 ere
1722 3345 209 95 bange
1986 3347 243 95 derfor,
2282 3362 91 67 da
2408 3363 75 68 de
2524 3351 149 93 seer,

939 3451 74 66 at
1061 3455 160 65 man
1267 3436 24 82 i
1339 3439 212 103 Folge
1623 3442 248 96 famme
1917 3446 278 90 betjener
2255 3452 90 102 sig
2419 3453 128 84 kun
2599 3452 88 100 af

2473 3553 193 101 Plov
