3031 4684
575 539 134 72 om
765 521 404 112 Patatss.
1546 521 116 110 337

105 743 394 94 vaffningen,
535 763 176 58 naar
739 749 76 74 de
837 743 264 80 beredes
1123 745 70 76 til
1215 737 450 106 Kraft-Mæl,

109 909 76 74 og
211 907 164 60 naar
419 895 72 70 de
531 887 278 96 kaages,
871 887 114 90 saa
1029 885 358 96 bortkastes
1439 885 200 82 Skal-

103 1041 142 74 lene.
327 1029 182 84 Saa
561 1037 200 90 længe
809 1029 380 86 Bønderne
1229 1029 124 98 har
1407 1025 260 100 Brød,

103 1177 104 94 saa
237 1181 230 90 lægges
499 1181 114 74 der
657 1177 162 80 altid
853 1193 196 78 noget
1081 1177 74 80 til
1195 1171 470 102 Suul-Mad;

97 1343 140 60 men
293 1318 453 112 Sum-Mad
813 1321 172 80 kand
1051 1319 124 80 ikke
1217 1317 212 100 spiises
1493 1327 172 70 uden

97 1463 220 88 Brod.
401 1463 304 100 Parater
755 1465 172 80 kand
973 1469 106 78 læt
1121 1461 364 100 fordærves
1553 1481 110 64 om

99 1609 358 96 Vinteren,
491 1629 152 60 men
669 1631 174 60 naar
875 1617 76 72 de
985 1629 100 60 ere
1115 1619 254 70 tørrede
1409 1629 80 76 og
1523 1629 116 60 ma-

95 1759 120 80 lede
245 1755 72 78 til
349 1751 220 98 Mæl,
633 1751 112 96 saa
777 1775 100 60 ere
907 1759 76 74 de
1025 1759 100 76 vel
1159 1751 368 98 forvarede,
1575 1775 84 74 og

91 1899 106 94 saa
229 1899 172 80 kand
435 1897 284 86 Brødet
745 1897 188 98 spises
983 1907 168 72 uden
1199 1919 210 76 nogen
1451 1897 178 84 Mod-

87 2041 398 102 bydelighed,
515 2041 138 94 som
687 2051 198 72 ander
927 2043 256 96 Brød,
1225 2051 106 74 der
1377 2063 64 62 er
1475 2049 186 74 ellers

83 2207 148 64 rarr
289 2205 72 64 ar
411 2189 178 96 finde
653 2187 126 98 hos
845 2185 412 102 Bønderne,
1323 2185 110 96 saa
1499 2195 164 86 gode

81 2335 364 94 Kiæidere,
513 2349 72 64 ar
619 2341 112 72 der
765 2353 72 74 ey
875 2327 202 102 fryser
1121 2337 18 76 i
1183 2341 184 88 dem,
1435 2329 220 96 derfor

81 2481 118 100 har
233 2485 76 74 de
359 2497 74 76 ey
479 2477 188 98 heller
697 2481 198 90 længe
929 2475 192 84 Kaal
1171 2483 142 74 eller
1345 2475 306 100 Ræpxer

81 2631 84 74 ud
201 2643 134 76 paa
367 2619 366 88 Winteren.
827 2619 358 98 Endffiønt
1221 2643 92 60 nu
1347 2621 306 102 Parater

85 2767 390 98 indsvinder,
515 2765 136 94 som
693 2771 120 74 alle
841 2775 204 72 andre
1077 2775 256 74 tørrede
1365 2765 284 100 Wahre,

85 2913 106 92 saa
220 2933 105 75 ere
363 2921 76 72 de
473 2919 130 88 dog
641 2907 156 100 efter
847 2911 174 80 mine
1063 2907 264 92 Tanker
1377 2915 152 96 mest
1571 2913 76 80 ril

83 3059 246 98 Nytte,
393 3077 172 60 naar
605 3065 76 72 de
745 3055 172 82 kand
969 3059 244 94 bruges
1259 3059 72 78 ril
1387 3053 262 98 Brød;

83 3205 86 98 chi
205 3221 72 66 ar
325 3201 206 100 fattes
579 3201 216 88 Brød
847 3203 18 78 i
917 3221 76 62 en
1043 3197 490 108 Himshoidmg
1577 3217 66 64 er

81 3357 110 74 den
223 3349 406 100 betydeligste
655 3345 308 100 Mangel.
