2783 4542
1778 369 90 86 83

143 563 110 96 jeg
293 562 272 84 tildække
597 564 144 76 dem
777 561 142 74 med
949 553 192 98 Jord
1159 607 24 45 ,
1237 560 254 94 ligesom
1511 568 184 83 dem,
1749 573 112 76 der

139 669 150 76 laar
341 686 158 58 oven
537 684 130 74 paa
709 656 292 99 Jorden,
1063 679 138 66 paa
1239 670 104 70 det
1393 682 70 60 at
1499 666 98 92 jeg
1647 669 206 78 kunde

143 765 168 92 ploje
339 770 336 88 allevegne,
727 771 166 68 uden
923 775 70 62 ar
1025 755 266 100 Ploven
1331 762 198 90 skulde
1585 764 272 91 hindres

139 869 146 74 eller
329 862 268 80 brækkes
649 864 18 76 i
723 876 94 62 tu.
919 855 102 92 Af
1065 869 162 69 dette
1263 860 276 94 Arbejde
1585 864 120 95 har
1753 869 102 92 jeg

141 961 159 94 havt
338 984 72 58 en
455 962 251 80 dobbelt
741 956 307 101 Fordeel:
1112 969 64 88 i)
1211 958 161 100 Har
1411 966 97 92 jeg
1542 968 170 90 giort
1735 968 121 78 mit

142 1061 154 96 heele
358 1062 174 80 Land
602 1064 294 94 beqvemt
952 1063 70 74 ril
1086 1075 70 64 at
1206 1063 212 91 pleies
1470 1082 80 74 og
1606 1067 244 78 drives.

142 1163 72 96 2)
252 1161 170 83 Ved
456 1172 96 70 det
584 1164 98 90 jeg
726 1168 104 73 lod
888 1177 200 76 grave
1138 1167 126 85 der,
1312 1162 120 92 har
1484 1166 100 90 jeg
1636 1163 220 96 truffet

134 1277 202 76 meget
386 1270 126 86 god
572 1262 296 93 Mergel,
928 1257 130 92 som
1094 1279 160 59 man
1302 1266 80 74 ler
1420 1262 206 80 kunde
1666 1263 182 96 faae,

130 1357 241 92 saassm
426 1368 121 70 den
600 1368 143 72 låne
802 1361 123 76 kun
964 1379 75 56 en
1104 1359 153 92 halv
1308 1360 163 84 Alen
1524 1363 131 96 dyb
1704 1375 145 66 nev.

123 1455 146 94 Jeg
313 1459 122 89 har
471 1466 172 72 ladet
697 1466 198 87 lægge
943 1473 192 78 noget
1183 1458 196 92 deraf
1427 1482 136 72 paa
1613 1463 240 80 samme

121 1553 394 96 Jordmon,
571 1556 186 92 hvori
809 1563 102 90 jeg
961 1555 122 94 har
1121 1555 226 92 fundet
1387 1568 148 84 den,
1587 1582 86 73 og
1717 1561 134 88 som

125 1655 216 92 havde
389 1664 120 68 den
567 1658 244 93 Modig,
869 1655 216 86 saavel
1137 1655 134 86 som
1329 1676 80 72 og
1459 1678 138 72 paa
1647 1669 208 66 andre

125 1771 136 58 nær
313 1771 134 75 paa
487 1754 296 92 stødende
825 1753 209 96 Agre;
1091 1773 81 74 øg
1219 1752 144 94 disse
1411 1752 224 98 Jorde
1689 1757 166 92 have

122 1851 178 92 givet
352 1854 134 90 mig
526 1854 316 92 ffiønnere
896 1873 82 72 og
1038 1853 204 94 rigere
1290 1850 250 98 Hoste,
1596 1863 118 70 end
1756 1865 98 78 de,

120 1969 140 72 paa
302 1949 198 95 hvilke
550 1952 100 92 jeg
690 1950 212 94 havde
932 1957 168 72 ladet
1164 1955 196 89 lægge
1412 1956 258 89 aleneste
1714 1953 144 98 Fæ«

122 2065 156 76 møg
334 2048 82 90 af
478 2050 476 95 Modingerne.
1058 2045 218 98 Hvad
1326 2058 146 70 dem
1528 2039 324 104 angaåer,

122 2147 162 92 hvor
318 2148 342 82 Steenene
694 2168 158 60 vare
906 2149 234 88 næsten
1172 2148 120 78 ikke
1332 2150 222 92 større,
1614 2171 80 68 vg
1724 2149 130 80 ikke

116 2267 257 75 engang
426 2244 107 90 saa
590 2250 183 88 store,
830 2247 131 88 som
1006 2227 183 108 jhiaa
1244 2244 355 100 Stumper
1636 2246 182 84 Stee-

113 2365 103 80 ne,·
115 2367 102 72 ne,
275 2353 108 71 der
431 2344 298 98 udfylder
763 2347 288 92 Muure,
1109 2353 86 72 da
1231 2346 120 94 har
1385 2352 94 88 jeg
1519 2365 172 78 taget
1723 2359 122 68 den

109 2443 390 88 Resolution
547 2462 72 62 at
665 2456 144 70 lade
855 2457 144 70 dem
1053 2445 170 83 kiore
1273 2448 76 78 til
1399 2446 296 97 Vejene,
1753 2457 94 74 da

105 2551 100 88 jeg
253 2547 200 93 tillige
521 2554 104 70 lod
673 2548 224 91 bringe
971 2545 314 95 Mergel,
1339 2546 372 86 Grønsvær
1763 2569 82 72 øg

103 2641 149 96 friss
289 2643 189 99 Jord
539 2646 241 95 tilbage
823 2669 135 74 paa
1009 2647 391 82 Grundene.
1511 2646 145 97 Jeg
1715 2647 121 94 har

102 2749 238 76 derved
382 2748 124 78 ikke
548 2766 200 58 meere
776 2763 192 64 været
992 2743 232 92 udsadt
1276 2766 208 74 nogen
1514 2748 176 96 Fare
1736 2753 104 86 for

104 2859 72 62 at
208 2843 84 92 see
320 2848 172 78 mine
520 2846 222 100 Plove
778 2845 482 92 sonderbrudke.
1366 2846 206 82 Mine
1604 2844 230 101 Heste,

104 2963 84 72 og
240 2953 118 85 de,
406 2946 132 90 som
584 2946 208 80 kiorer
846 2947 356 95 Karrem,
1256 2948 154 80 lider
1462 2948 124 80 ikke
1646 2949 188 94 heller

108 3061 198 62 meere
354 3056 256 70 derved.
722 3045 198 98 Disse
972 3045 262 84 Steene
1284 3048 162 94 have
1498 3048 124 80 ikke
1666 3051 176 90 siden

107 3147 186 86 qvalt
341 3152 140 72 eller
525 3146 356 92 forbrændt
929 3145 582 95 Kornplanterne,
1583 3148 130 89 som
1759 3159 78 64 de

102 3240 217 99 skulde
343 3244 160 94 have
535 3250 194 96 gjort,
780 3255 278 74 naaede
985 3255 74 74 de
1089 3265 160 65 vare
1285 3248 222 82 blevne
1539 3246 184 102 heede
1765 3245 82 98 af

113 3339 260 88 Solen.

885 3549 83 90 G
1034 3571 42 76 z
1645 3545 195 84 Man

1874 4179 24 38 /
