2813 4591
1725 421 149 62 ror

159 620 201 84 gaaer
398 594 126 106 ofte
574 605 244 85 tildeels
853 600 287 94 forloren
1184 612 148 77 eller
1377 604 357 100 forringes,
1784 632 85 77 og

159 709 285 93 Agrene,
495 704 124 91 som
653 726 158 59 man
839 702 124 96 stal
995 708 203 98 drive,
1257 704 104 101 for
1397 726 72 67 at
1505 723 150 87 tage
1689 713 180 92 snart

166 815 177 75 imod
378 805 287 101 Sæden,
718 805 414 98 forsømmes.

366 1007 179 96 Dog
586 1025 127 64 var
752 1009 157 80 intet
954 1015 269 91 kættere,
1274 1015 127 79 end
1446 1031 71 66 at
1562 1027 309 91 undgaae

165 1107 143 95 disse
361 1109 575 98 Besværligheder.
1047 1114 137 95 Thi
1237 1112 19 78 i
1293 1115 189 92 stedet
1553 1116 101 98 for
1711 1145 163 60 man

164 1207 363 99 sysselsætter
568 1209 109 90 saa
702 1230 241 77 mange
978 1209 163 101 Folk
1182 1223 143 73 med
1372 1230 69 66 at
1496 1235 149 77 tage
1692 1229 181 75 imod

163 1311 291 88 Tienden
517 1313 143 77 eller
729 1321 73 69 de
863 1310 293 101 Næger,
1217 1322 129 88 som
1393 1314 147 99 jstal
1583 1328 161 84 ydes
1803 1329 75 78 til

164 1407 399 101 Herstaber,
630 1410 199 92 hvilke
888 1412 207 95 falder
1160 1423 103 73 det
1308 1413 437 104 Almindelige
1806 1433 73 74 til

165 1509 111 88 saa
319 1510 123 95 stor
483 1508 283 96 Byrde,
813 1511 204 98 skulde
1067 1534 159 60 man
1275 1519 141 90 give
1463 1525 73 70 de
1585 1522 159 92 store
1790 1548 86 75 og

164 1611 137 89 rige
332 1606 467 98 Tienbetagere
817 1666 20 36 ,
892 1629 181 65 enten
1106 1619 19 74 i
1158 1622 175 73 reede
1372 1616 237 98 Penge
1665 1629 144 75 eller
1856 1631 23 76 i

169 1706 381 95 Skieppen,
606 1713 230 90 næsten
875 1710 241 91 samme
1145 1711 285 87 Værdie
1466 1717 74 92 af
1567 1730 125 81 det,
1747 1722 133 92 som

170 1815 79 71 de
278 1806 119 94 stal
430 1808 163 92 have
629 1806 152 88 ester
835 1816 120 75 alle
988 1813 559 97 Omkostningers
1592 1819 289 102 Afdrag.

171 1903 203 97 Hvor
410 1927 236 72 mange
673 1906 327 99 Personer
1029 1912 205 80 kunde
1273 1915 243 93 bruges
1566 1924 66 74 til
1678 1943 204 64 tneere

172 2005 259 93 Nytte,
491 2026 172 58 naar
715 2019 160 67 dette
936 2009 248 93 skrede-?
1237 2014 132 89 Thi
1421 2025 118 68 ved
1585 2036 58 63 et
1691 2021 192 86 Kalv

168 2101 82 93 af
272 2100 276 98 ongefær
597 2105 189 74 1200
832 2108 216 80 Livres
1082 2109 180 98 (Zoo
1288 2111 371 103 Rixdaler),
1716 2127 167 89 hvor

169 2203 306 101 Præsten
513 2204 122 93 har
679 2202 337 98 Tienden,
1075 2212 236 94 bruger
1357 2215 132 97 han
1531 2235 89 65 tre
1657 2219 191 104 Dag-

170 2311 293 81 lønnete,
516 2322 76 59 en
652 2302 257 95 Kudst,
966 2327 74 57 en
1102 2307 229 98 Vogn
1396 2332 83 75 og
1542 2333 65 63 to
1656 2319 225 105 Heste.

167 2401 263 99 Herren
465 2406 139 75 eller
633 2402 447 98 Forpagteren
1109 2431 159 60 maa
1313 2411 161 98 have
1511 2439 75 59 en
1617 2420 265 103 Mand,

162 2501 133 92 som
332 2519 217 79 tegner
582 2501 335 96 Nægerne
952 2507 131 95 han
1142 2516 87 72 vil
1282 2513 189 96 have.
1580 2520 155 83 See
1782 2537 97 72 alt

163 2598 115 97 faa
321 2604 19 75 i
385 2611 101 69 det
547 2605 267 92 mindste
877 2604 127 91 fem
1061 2608 365 99 Personer,
1473 2613 129 94 som
1656 2624 222 85 kunde

168 2700 253 93 arbejde
464 2704 69 77 til
564 2701 271 101 Public!
868 2702 253 101 Nytte,
1192 2716 193 85 naae
1410 2722 73 73 de
1526 2718 123 81 ikke
1690 2729 193 82 tieme

163 2807 79 74 de
305 2816 63 65 to
447 2802 593 103 Privatpersoner,
1093 2819 169 77 uden
1301 2809 271 105 Fordeel
1621 2818 103 101 for
1781 2840 101 71 det

166 2897 455 102 Almindelige.

378 3101 131 89 De
560 3107 157 93 store
772 3109 473 102 Tienbetagere
1297 3139 86 79 og
1438 3118 453 107 Hekstaberne

169 3206 169 78 vilde
379 3201 99 96 for
513 3205 243 99 Resten
796 3218 192 78 vinde
1020 3227 122 68 ved
1185 3228 161 71 dette
1375 3222 324 105 Arbejde,
1756 3233 110 90 saa-

168 3300 140 94 som
170 3301 139 94 som
360 3309 71 71 de
491 3309 54 92 ej
609 3330 200 59 meere
878 3312 209 97 havde
1139 3323 206 92 nødig
1403 3344 72 59 at
1527 3327 208 98 frygte
1795 3332 116 89 for

166 3410 164 71 ondt
363 3401 213 98 Vejr,
632 3432 78 71 og
740 3412 238 97 derhos
1023 3416 198 92 skulde
1276 3430 310 83 undgaae
1630 3442 72 63 ve
1750 3430 126 87 Be-

166 3501 439 101 sværligheder
635 3530 81 77 og
755 3521 124 75 drn
891 3515 451 102 Bekostning,
1397 3522 131 96 som
1581 3526 315 102 Hostens
