<?xml version="1.0" encoding="utf-8"?>
<alto xmlns="http://www.loc.gov/standards/alto/ns-v3#" xmlns:xs="http://www.w3.org/2001/XMLSchema-instance" xmlns:xlink="http://www.w3.org/1999/xlink">
	<Description>
		<MeasurementUnit>pixel</MeasurementUnit>
		<sourceImageInformation>
			<fileName>130017168119_2_014_001_112.tif</fileName>
		</sourceImageInformation>
		<OCRProcessing ID="OCR1">
			<ocrProcessingStep>
				<processingDateTime>2018-09-15</processingDateTime>
				<processingAgency>Zissor AS</processingAgency>
				<processingStepSettings>Combined OCR</processingStepSettings>
				<processingSoftware>
					<softwareCreator>Zissor AS</softwareCreator>
					<softwareName>ContentOCR-11; ContentOCR-Tesseract</softwareName>
					<softwareVersion>2.0.2; 2.0.0</softwareVersion>
					<applicationDescription>OCR Component for Zissor Content System</applicationDescription>
				</processingSoftware>
			</ocrProcessingStep>
		</OCRProcessing>
	</Description>
	<Styles>
		<TextStyle ID="STYLE1" FONTFAMILY="Times New Roman" FONTSIZE="12" FONTSTYLE="italics"/>
		<TextStyle ID="STYLE2" FONTFAMILY="Times New Roman" FONTSIZE="12" FONTSTYLE="bold"/>
		<TextStyle ID="STYLE3" FONTFAMILY="Times New Roman" FONTSIZE="14" FONTSTYLE=""/>
		<TextStyle ID="STYLE4" FONTFAMILY="Arial" FONTSIZE="12" FONTSTYLE=""/>
		<TextStyle ID="STYLE5" FONTFAMILY="Times New Roman" FONTSIZE="15" FONTSTYLE="bold"/>
	</Styles>
	<Layout>
		<Page ID="PAGE112" HEIGHT="4541" WIDTH="2809" PHYSICAL_IMG_NR="112" PROCESSING="OCR1" PC="0.58">
			<TopMargin HEIGHT="442" WIDTH="2809" HPOS="0" VPOS="0"/>
			<LeftMargin HEIGHT="3309" WIDTH="943" HPOS="0" VPOS="442"/>
			<RightMargin HEIGHT="3309" WIDTH="121" HPOS="2688" VPOS="442"/>
			<BottomMargin HEIGHT="788" WIDTH="2809" HPOS="0" VPOS="3753"/>
			<PrintSpace ID="PRINTSPACE1" HEIGHT="3309" WIDTH="1743" HPOS="944" VPOS="443">
				<ComposedBlock xs:type="ComposedBlockType" ID="ARTICLE122147" HEIGHT="3309" WIDTH="1743" HPOS="944" VPOS="443" xlink:type="simple">
					<TextBlock xs:type="TextBlockType" ID="ZONE1262295" HEIGHT="72" WIDTH="107" HPOS="995" VPOS="443" xlink:type="simple">
						<TextLine ID="LINE1" HEIGHT="72" WIDTH="105" HPOS="996" VPOS="443">
							<String ID="STRING1" STYLEREFS="STYLE1" HEIGHT="72" WIDTH="53" HPOS="996" VPOS="443" CONTENT="9" WC="0.05" LANG="nob"/>
							<SP ID="SP1" WIDTH="3" HPOS="1049" VPOS="443"/>
							<String ID="STRING2" STYLEREFS="STYLE2" HEIGHT="72" WIDTH="49" HPOS="1052" VPOS="443" CONTENT="4" WC="0.4" LANG="nob"/>
						</TextLine>
					</TextBlock>
					<TextBlock xs:type="TextBlockType" ID="ZONE1262296" HEIGHT="718" WIDTH="1723" HPOS="964" VPOS="620" xlink:type="simple">
						<TextLine ID="LINE2" HEIGHT="111" WIDTH="1707" HPOS="979" VPOS="623">
							<String ID="STRING3" STYLEREFS="STYLE3" HEIGHT="98" WIDTH="175" HPOS="979" VPOS="623" CONTENT="visset" WC="0.7" LANG="dan"/>
							<SP ID="SP2" WIDTH="35" HPOS="1154" VPOS="623"/>
							<String ID="STRING4" STYLEREFS="STYLE3" HEIGHT="75" WIDTH="133" HPOS="1189" VPOS="646" CONTENT="om," WC="0.75" LANG="dan"/>
							<SP ID="SP3" WIDTH="51" HPOS="1322" VPOS="646"/>
							<String ID="STRING5" STYLEREFS="STYLE3" HEIGHT="66" WIDTH="71" HPOS="1373" VPOS="648" CONTENT="at" WC="0.28" LANG="dan"/>
							<SP ID="SP4" WIDTH="29" HPOS="1444" VPOS="648"/>
							<String ID="STRING6" STYLEREFS="STYLE3" HEIGHT="74" WIDTH="75" HPOS="1473" VPOS="638" CONTENT="de" WC="0.63" LANG="dan"/>
							<SP ID="SP5" WIDTH="27" HPOS="1548" VPOS="638"/>
							<String ID="STRING7" STYLEREFS="STYLE3" HEIGHT="94" WIDTH="219" HPOS="1575" VPOS="636" CONTENT="aldrig" WC="0.81" LANG="dan"/>
							<SP ID="SP6" WIDTH="43" HPOS="1794" VPOS="636"/>
							<String ID="STRING8" STYLEREFS="STYLE3" HEIGHT="97" WIDTH="123" HPOS="1837" VPOS="632" CONTENT="stak" WC="0.44" LANG="dan"/>
							<SP ID="SP7" WIDTH="49" HPOS="1960" VPOS="632"/>
							<String ID="STRING9" STYLEREFS="STYLE3" HEIGHT="80" WIDTH="149" HPOS="2009" VPOS="650" CONTENT="tage" WC="0.75" LANG="dan"/>
							<SP ID="SP8" WIDTH="37" HPOS="2158" VPOS="650"/>
							<String ID="STRING10" STYLEREFS="STYLE3" HEIGHT="98" WIDTH="81" HPOS="2195" VPOS="629" CONTENT="af" WC="1" LANG="dan"/>
							<SP ID="SP9" WIDTH="31" HPOS="2276" VPOS="629"/>
							<String ID="STRING11" STYLEREFS="STYLE3" HEIGHT="78" WIDTH="19" HPOS="2307" VPOS="636" CONTENT="i" WC="0.43" LANG="dan"/>
							<SP ID="SP10" WIDTH="49" HPOS="2326" VPOS="636"/>
							<String ID="STRING12" STYLEREFS="STYLE3" HEIGHT="102" WIDTH="311" HPOS="2375" VPOS="632" CONTENT="Godhed," WC="0.61" LANG="dan"/>
						</TextLine>
						<TextLine ID="LINE3" HEIGHT="104" WIDTH="1709" HPOS="976" VPOS="725">
							<String ID="STRING13" STYLEREFS="STYLE3" HEIGHT="93" WIDTH="248" HPOS="976" VPOS="725" CONTENT="saasom" WC="0.85" LANG="dan"/>
							<SP ID="SP11" WIDTH="32" HPOS="1224" VPOS="725"/>
							<String ID="STRING14" STYLEREFS="STYLE3" HEIGHT="95" WIDTH="95" HPOS="1256" VPOS="728" CONTENT="jeg" WC="0.52" LANG="dan"/>
							<SP ID="SP12" WIDTH="41" HPOS="1351" VPOS="728"/>
							<String ID="STRING15" STYLEREFS="STYLE3" HEIGHT="78" WIDTH="197" HPOS="1392" VPOS="737" CONTENT="bærer" WC="0.57" LANG="dan"/>
							<SP ID="SP13" WIDTH="45" HPOS="1589" VPOS="737"/>
							<String ID="STRING16" STYLEREFS="STYLE3" HEIGHT="93" WIDTH="295" HPOS="1634" VPOS="735" CONTENT="Ømsorg" WC="0.6" LANG="dan"/>
							<SP ID="SP14" WIDTH="49" HPOS="1929" VPOS="735"/>
							<String ID="STRING17" STYLEREFS="STYLE3" HEIGHT="97" WIDTH="105" HPOS="1978" VPOS="731" CONTENT="for" WC="0.49" LANG="dan"/>
							<SP ID="SP15" WIDTH="57" HPOS="2083" VPOS="731"/>
							<String ID="STRING18" STYLEREFS="STYLE3" HEIGHT="60" WIDTH="71" HPOS="2140" VPOS="753" CONTENT="ar" WC="0.64" LANG="dan"/>
							<SP ID="SP16" WIDTH="45" HPOS="2211" VPOS="753"/>
							<String ID="STRING19" STYLEREFS="STYLE3" HEIGHT="90" WIDTH="429" HPOS="2256" VPOS="739" CONTENT="vedligeholde" WC="0.57" LANG="dan"/>
						</TextLine>
						<TextLine ID="LINE4" HEIGHT="106" WIDTH="1706" HPOS="979" VPOS="828">
							<String ID="STRING20" STYLEREFS="STYLE3" HEIGHT="71" WIDTH="186" HPOS="979" VPOS="835" CONTENT="deres" WC="0.71" LANG="dan"/>
							<SP ID="SP17" WIDTH="30" HPOS="1165" VPOS="835"/>
							<String ID="STRING21" STYLEREFS="STYLE3" HEIGHT="84" WIDTH="216" HPOS="1195" VPOS="828" CONTENT="Salte" WC="0.72" LANG="dan"/>
							<SP ID="SP18" WIDTH="46" HPOS="1411" VPOS="828"/>
							<String ID="STRING22" STYLEREFS="STYLE3" HEIGHT="74" WIDTH="82" HPOS="1457" VPOS="856" CONTENT="og" WC="0.36" LANG="dan"/>
							<SP ID="SP19" WIDTH="46" HPOS="1539" VPOS="856"/>
							<String ID="STRING23" STYLEREFS="STYLE3" HEIGHT="94" WIDTH="228" HPOS="1585" VPOS="834" CONTENT="Safte" WC="0.87" LANG="dan"/>
							<SP ID="SP20" WIDTH="52" HPOS="1813" VPOS="834"/>
							<String ID="STRING24" STYLEREFS="STYLE3" HEIGHT="70" WIDTH="120" HPOS="1865" VPOS="843" CONTENT="ved" WC="0.91" LANG="dan"/>
							<SP ID="SP21" WIDTH="48" HPOS="1985" VPOS="843"/>
							<String ID="STRING25" STYLEREFS="STYLE3" HEIGHT="68" WIDTH="74" HPOS="2033" VPOS="846" CONTENT="de" WC="1" LANG="dan"/>
							<SP ID="SP22" WIDTH="46" HPOS="2107" VPOS="846"/>
							<String ID="STRING26" STYLEREFS="STYLE3" HEIGHT="74" WIDTH="240" HPOS="2153" VPOS="854" CONTENT="mange" WC="0.66" LANG="dan"/>
							<SP ID="SP23" WIDTH="52" HPOS="2393" VPOS="854"/>
							<String ID="STRING27" STYLEREFS="STYLE3" HEIGHT="99" WIDTH="240" HPOS="2445" VPOS="835" CONTENT="Slags" WC="0.75" LANG="dan"/>
						</TextLine>
						<TextLine ID="LINE5" HEIGHT="106" WIDTH="1713" HPOS="969" VPOS="926">
							<String ID="STRING28" STYLEREFS="STYLE3" HEIGHT="95" WIDTH="187" HPOS="969" VPOS="927" CONTENT="Mog" WC="0.31" LANG="dan"/>
							<SP ID="SP24" WIDTH="45" HPOS="1156" VPOS="927"/>
							<String ID="STRING29" STYLEREFS="STYLE3" HEIGHT="97" WIDTH="79" HPOS="1201" VPOS="926" CONTENT="af" WC="0.97" LANG="dan"/>
							<SP ID="SP25" WIDTH="31" HPOS="1280" VPOS="926"/>
							<String ID="STRING30" STYLEREFS="STYLE3" HEIGHT="94" WIDTH="661" HPOS="1311" VPOS="933" CONTENT="Bøndergaardene," WC="0.71" LANG="dan"/>
							<SP ID="SP26" WIDTH="61" HPOS="1972" VPOS="933"/>
							<String ID="STRING31" STYLEREFS="STYLE3" HEIGHT="67" WIDTH="123" HPOS="2033" VPOS="946" CONTENT="ved" WC="0.76" LANG="dan"/>
							<SP ID="SP27" WIDTH="55" HPOS="2156" VPOS="946"/>
							<String ID="STRING32" STYLEREFS="STYLE3" HEIGHT="69" WIDTH="121" HPOS="2211" VPOS="945" CONTENT="den" WC="0.76" LANG="dan"/>
							<SP ID="SP28" WIDTH="42" HPOS="2332" VPOS="945"/>
							<String ID="STRING33" STYLEREFS="STYLE3" HEIGHT="95" WIDTH="308" HPOS="2374" VPOS="937" CONTENT="adskillige" WC="0.65" LANG="dan"/>
						</TextLine>
						<TextLine ID="LINE6" HEIGHT="105" WIDTH="1709" HPOS="970" VPOS="1025">
							<String ID="STRING34" STYLEREFS="STYLE3" HEIGHT="96" WIDTH="171" HPOS="970" VPOS="1025" CONTENT="friste" WC="0.63" LANG="dan"/>
							<SP ID="SP29" WIDTH="25" HPOS="1141" VPOS="1025"/>
							<String ID="STRING35" STYLEREFS="STYLE3" HEIGHT="96" WIDTH="189" HPOS="1166" VPOS="1028" CONTENT="Jord" WC="0.72" LANG="dan"/>
							<SP ID="SP30" WIDTH="35" HPOS="1355" VPOS="1028"/>
							<String ID="STRING36" STYLEREFS="STYLE3" HEIGHT="87" WIDTH="95" HPOS="1390" VPOS="1039" CONTENT="jeg" WC="0.74" LANG="dan"/>
							<SP ID="SP31" WIDTH="37" HPOS="1485" VPOS="1039"/>
							<String ID="STRING37" STYLEREFS="STYLE3" HEIGHT="75" WIDTH="177" HPOS="1522" VPOS="1040" CONTENT="laber" WC="0.81" LANG="dan"/>
							<SP ID="SP32" WIDTH="39" HPOS="1699" VPOS="1040"/>
							<String ID="STRING38" STYLEREFS="STYLE3" HEIGHT="72" WIDTH="249" HPOS="1738" VPOS="1042" CONTENT="komme" WC="0.63" LANG="dan"/>
							<SP ID="SP33" WIDTH="31" HPOS="1987" VPOS="1042"/>
							<String ID="STRING39" STYLEREFS="STYLE3" HEIGHT="74" WIDTH="137" HPOS="2018" VPOS="1054" CONTENT="paa" WC="0.97" LANG="dan"/>
							<SP ID="SP34" WIDTH="31" HPOS="2155" VPOS="1054"/>
							<String ID="STRING40" STYLEREFS="STYLE3" HEIGHT="81" WIDTH="191" HPOS="2186" VPOS="1045" CONTENT="dem," WC="0.56" LANG="dan"/>
							<SP ID="SP35" WIDTH="59" HPOS="2377" VPOS="1045"/>
							<String ID="STRING41" STYLEREFS="STYLE3" HEIGHT="92" WIDTH="131" HPOS="2436" VPOS="1033" CONTENT="som" WC="0.44" LANG="dan"/>
							<SP ID="SP36" WIDTH="23" HPOS="2567" VPOS="1033"/>
							<String ID="STRING42" STYLEREFS="STYLE3" HEIGHT="86" WIDTH="89" HPOS="2590" VPOS="1044" CONTENT="jeg" WC="0.75" LANG="dan"/>
						</TextLine>
						<TextLine ID="LINE7" HEIGHT="105" WIDTH="1716" HPOS="965" VPOS="1125">
							<String ID="STRING43" STYLEREFS="STYLE3" HEIGHT="96" WIDTH="224" HPOS="965" VPOS="1125" CONTENT="tilforn" WC="0.74" LANG="dan"/>
							<SP ID="SP37" WIDTH="40" HPOS="1189" VPOS="1125"/>
							<String ID="STRING44" STYLEREFS="STYLE3" HEIGHT="89" WIDTH="122" HPOS="1229" VPOS="1134" CONTENT="har" WC="0.66" LANG="dan"/>
							<SP ID="SP38" WIDTH="28" HPOS="1351" VPOS="1134"/>
							<String ID="STRING45" STYLEREFS="STYLE3" HEIGHT="90" WIDTH="168" HPOS="1379" VPOS="1136" CONTENT="viist," WC="0.69" LANG="dan"/>
							<SP ID="SP39" WIDTH="54" HPOS="1547" VPOS="1136"/>
							<String ID="STRING46" STYLEREFS="STYLE3" HEIGHT="75" WIDTH="144" HPOS="1601" VPOS="1139" CONTENT="eller" WC="0.73" LANG="dan"/>
							<SP ID="SP40" WIDTH="32" HPOS="1745" VPOS="1139"/>
							<String ID="STRING47" STYLEREFS="STYLE3" HEIGHT="68" WIDTH="120" HPOS="1777" VPOS="1147" CONTENT="ved" WC="0.75" LANG="dan"/>
							<SP ID="SP41" WIDTH="44" HPOS="1897" VPOS="1147"/>
							<String ID="STRING48" STYLEREFS="STYLE3" HEIGHT="75" WIDTH="212" HPOS="1941" VPOS="1155" CONTENT="nogen" WC="0.83" LANG="dan"/>
							<SP ID="SP42" WIDTH="46" HPOS="2153" VPOS="1155"/>
							<String ID="STRING49" STYLEREFS="STYLE3" HEIGHT="70" WIDTH="234" HPOS="2199" VPOS="1144" CONTENT="anden." WC="0.76" LANG="dan"/>
							<SP ID="SP43" WIDTH="32" HPOS="2433" VPOS="1144"/>
							<String ID="STRING50" STYLEREFS="STYLE3" HEIGHT="85" WIDTH="216" HPOS="2465" VPOS="1135" CONTENT="Giød»" WC="0.6" LANG="dan"/>
						</TextLine>
						<TextLine ID="LINE8" HEIGHT="98" WIDTH="1516" HPOS="966" VPOS="1233">
							<String ID="STRING51" STYLEREFS="STYLE3" HEIGHT="82" WIDTH="184" HPOS="966" VPOS="1246" CONTENT="mig," WC="0.62" LANG="dan"/>
							<SP ID="SP44" WIDTH="57" HPOS="1150" VPOS="1246"/>
							<String ID="STRING52" STYLEREFS="STYLE3" HEIGHT="73" WIDTH="109" HPOS="1207" VPOS="1240" CONTENT="der" WC="0.51" LANG="dan"/>
							<SP ID="SP45" WIDTH="39" HPOS="1316" VPOS="1240"/>
							<String ID="STRING53" STYLEREFS="STYLE3" HEIGHT="97" WIDTH="215" HPOS="1355" VPOS="1233" CONTENT="stikker" WC="0.65" LANG="dan"/>
							<SP ID="SP46" WIDTH="41" HPOS="1570" VPOS="1233"/>
							<String ID="STRING54" STYLEREFS="STYLE3" HEIGHT="94" WIDTH="89" HPOS="1611" VPOS="1237" CONTENT="sig" WC="0.43" LANG="dan"/>
							<SP ID="SP47" WIDTH="36" HPOS="1700" VPOS="1237"/>
							<String ID="STRING55" STYLEREFS="STYLE3" HEIGHT="74" WIDTH="96" HPOS="1736" VPOS="1242" CONTENT="vel" WC="1" LANG="dan"/>
							<SP ID="SP48" WIDTH="29" HPOS="1832" VPOS="1242"/>
							<String ID="STRING56" STYLEREFS="STYLE3" HEIGHT="96" WIDTH="101" HPOS="1861" VPOS="1233" CONTENT="for" WC="0.75" LANG="dan"/>
							<SP ID="SP49" WIDTH="33" HPOS="1962" VPOS="1233"/>
							<String ID="STRING57" STYLEREFS="STYLE3" HEIGHT="70" WIDTH="185" HPOS="1995" VPOS="1245" CONTENT="deres" WC="0.94" LANG="dan"/>
							<SP ID="SP50" WIDTH="39" HPOS="2180" VPOS="1245"/>
							<String ID="STRING58" STYLEREFS="STYLE3" HEIGHT="85" WIDTH="263" HPOS="2219" VPOS="1233" CONTENT="Natur." WC="0.79" LANG="dan"/>
						</TextLine>
					</TextBlock>
					<TextBlock xs:type="TextBlockType" ID="ZONE1262297" HEIGHT="1924" WIDTH="1737" HPOS="944" VPOS="1424" xlink:type="simple">
						<TextLine ID="LINE9" HEIGHT="103" WIDTH="1508" HPOS="1173" VPOS="1430">
							<String ID="STRING59" STYLEREFS="STYLE3" HEIGHT="96" WIDTH="68" HPOS="1173" VPOS="1430" CONTENT="I" WC="1" LANG="dan"/>
							<SP ID="SP51" WIDTH="28" HPOS="1241" VPOS="1430"/>
							<String ID="STRING60" STYLEREFS="STYLE3" HEIGHT="97" WIDTH="266" HPOS="1269" VPOS="1431" CONTENT="Øvrigt" WC="0.68" LANG="dan"/>
							<SP ID="SP52" WIDTH="28" HPOS="1535" VPOS="1431"/>
							<String ID="STRING61" STYLEREFS="STYLE3" HEIGHT="60" WIDTH="66" HPOS="1563" VPOS="1455" CONTENT="er" WC="0.64" LANG="dan"/>
							<SP ID="SP53" WIDTH="32" HPOS="1629" VPOS="1455"/>
							<String ID="STRING62" STYLEREFS="STYLE3" HEIGHT="73" WIDTH="104" HPOS="1661" VPOS="1441" CONTENT="det" WC="0.75" LANG="dan"/>
							<SP ID="SP54" WIDTH="32" HPOS="1765" VPOS="1441"/>
							<String ID="STRING63" STYLEREFS="STYLE3" HEIGHT="93" WIDTH="188" HPOS="1797" VPOS="1434" CONTENT="klart," WC="0.86" LANG="dan"/>
							<SP ID="SP55" WIDTH="54" HPOS="1985" VPOS="1434"/>
							<String ID="STRING64" STYLEREFS="STYLE3" HEIGHT="64" WIDTH="72" HPOS="2039" VPOS="1450" CONTENT="at" WC="1" LANG="dan"/>
							<SP ID="SP56" WIDTH="56" HPOS="2111" VPOS="1450"/>
							<String ID="STRING65" STYLEREFS="STYLE3" HEIGHT="82" WIDTH="98" HPOS="2167" VPOS="1443" CONTENT="de," WC="0.6" LANG="dan"/>
							<SP ID="SP57" WIDTH="52" HPOS="2265" VPOS="1443"/>
							<String ID="STRING66" STYLEREFS="STYLE3" HEIGHT="71" WIDTH="114" HPOS="2317" VPOS="1444" CONTENT="der" WC="0.61" LANG="dan"/>
							<SP ID="SP58" WIDTH="46" HPOS="2431" VPOS="1444"/>
							<String ID="STRING67" STYLEREFS="STYLE3" HEIGHT="98" WIDTH="204" HPOS="2477" VPOS="1435" CONTENT="fælder" WC="0.76" LANG="dan"/>
						</TextLine>
						<TextLine ID="LINE10" HEIGHT="103" WIDTH="1713" HPOS="967" VPOS="1531">
							<String ID="STRING68" STYLEREFS="STYLE3" HEIGHT="89" WIDTH="327" HPOS="967" VPOS="1532" CONTENT="saadanne" WC="0.81" LANG="dan"/>
							<SP ID="SP59" WIDTH="37" HPOS="1294" VPOS="1532"/>
							<String ID="STRING69" STYLEREFS="STYLE3" HEIGHT="90" WIDTH="339" HPOS="1331" VPOS="1531" CONTENT="Domme," WC="0.78" LANG="dan"/>
							<SP ID="SP60" WIDTH="41" HPOS="1670" VPOS="1531"/>
							<String ID="STRING70" STYLEREFS="STYLE3" HEIGHT="92" WIDTH="131" HPOS="1711" VPOS="1534" CONTENT="fom" WC="0.34" LANG="dan"/>
							<SP ID="SP61" WIDTH="27" HPOS="1842" VPOS="1534"/>
							<String ID="STRING71" STYLEREFS="STYLE3" HEIGHT="92" WIDTH="95" HPOS="1869" VPOS="1537" CONTENT="jeg" WC="0.76" LANG="dan"/>
							<SP ID="SP62" WIDTH="35" HPOS="1964" VPOS="1537"/>
							<String ID="STRING72" STYLEREFS="STYLE3" HEIGHT="92" WIDTH="319" HPOS="1999" VPOS="1536" CONTENT="bestrider," WC="0.62" LANG="dan"/>
							<SP ID="SP63" WIDTH="50" HPOS="2318" VPOS="1536"/>
							<String ID="STRING73" STYLEREFS="STYLE3" HEIGHT="75" WIDTH="142" HPOS="2368" VPOS="1542" CONTENT="vide" WC="0.49" LANG="dan"/>
							<SP ID="SP64" WIDTH="30" HPOS="2510" VPOS="1542"/>
							<String ID="STRING74" STYLEREFS="STYLE3" HEIGHT="93" WIDTH="140" HPOS="2540" VPOS="1541" CONTENT="ikke," WC="0.9" LANG="dan"/>
						</TextLine>
						<TextLine ID="LINE11" HEIGHT="104" WIDTH="1713" HPOS="966" VPOS="1634">
							<String ID="STRING75" STYLEREFS="STYLE3" HEIGHT="62" WIDTH="73" HPOS="966" VPOS="1647" CONTENT="at" WC="1" LANG="dan"/>
							<SP ID="SP65" WIDTH="29" HPOS="1039" VPOS="1647"/>
							<String ID="STRING76" STYLEREFS="STYLE3" HEIGHT="71" WIDTH="109" HPOS="1068" VPOS="1639" CONTENT="der" WC="0.61" LANG="dan"/>
							<SP ID="SP66" WIDTH="29" HPOS="1177" VPOS="1639"/>
							<String ID="STRING77" STYLEREFS="STYLE3" HEIGHT="88" WIDTH="185" HPOS="1206" VPOS="1638" CONTENT="gives" WC="0.85" LANG="dan"/>
							<SP ID="SP67" WIDTH="27" HPOS="1391" VPOS="1638"/>
							<String ID="STRING78" STYLEREFS="STYLE3" HEIGHT="95" WIDTH="309" HPOS="1418" VPOS="1636" CONTENT="adskillige" WC="0.72" LANG="dan"/>
							<SP ID="SP68" WIDTH="39" HPOS="1727" VPOS="1636"/>
							<String ID="STRING79" STYLEREFS="STYLE3" HEIGHT="85" WIDTH="265" HPOS="1766" VPOS="1634" CONTENT="Sorter" WC="0.77" LANG="dan"/>
							<SP ID="SP69" WIDTH="31" HPOS="2031" VPOS="1634"/>
							<String ID="STRING80" STYLEREFS="STYLE3" HEIGHT="95" WIDTH="287" HPOS="2062" VPOS="1638" CONTENT="Mergel," WC="0.68" LANG="dan"/>
							<SP ID="SP70" WIDTH="113" HPOS="2349" VPOS="1638"/>
							<String ID="STRING81" STYLEREFS="STYLE3" HEIGHT="99" WIDTH="217" HPOS="2462" VPOS="1639" CONTENT="Nogle" WC="0.67" LANG="dan"/>
						</TextLine>
						<TextLine ID="LINE12" HEIGHT="107" WIDTH="1704" HPOS="973" VPOS="1729">
							<String ID="STRING82" STYLEREFS="STYLE3" HEIGHT="58" WIDTH="102" HPOS="973" VPOS="1749" CONTENT="ere" WC="0.29" LANG="dan"/>
							<SP ID="SP71" WIDTH="64" HPOS="1075" VPOS="1749"/>
							<String ID="STRING83" STYLEREFS="STYLE3" HEIGHT="80" WIDTH="206" HPOS="1139" VPOS="1747" CONTENT="meget" WC="0.87" LANG="dan"/>
							<SP ID="SP72" WIDTH="56" HPOS="1345" VPOS="1747"/>
							<String ID="STRING84" STYLEREFS="STYLE3" HEIGHT="98" WIDTH="208" HPOS="1401" VPOS="1729" CONTENT="feede," WC="1" LANG="dan"/>
							<SP ID="SP73" WIDTH="52" HPOS="1609" VPOS="1729"/>
							<String ID="STRING85" STYLEREFS="STYLE3" HEIGHT="72" WIDTH="204" HPOS="1661" VPOS="1744" CONTENT="andre" WC="0.85" LANG="dan"/>
							<SP ID="SP74" WIDTH="54" HPOS="1865" VPOS="1744"/>
							<String ID="STRING86" STYLEREFS="STYLE3" HEIGHT="91" WIDTH="288" HPOS="1919" VPOS="1738" CONTENT="mindre," WC="0.76" LANG="dan"/>
							<SP ID="SP75" WIDTH="58" HPOS="2207" VPOS="1738"/>
							<String ID="STRING87" STYLEREFS="STYLE3" HEIGHT="69" WIDTH="200" HPOS="2265" VPOS="1748" CONTENT="andre" WC="0.74" LANG="dan"/>
							<SP ID="SP76" WIDTH="52" HPOS="2465" VPOS="1748"/>
							<String ID="STRING88" STYLEREFS="STYLE3" HEIGHT="93" WIDTH="160" HPOS="2517" VPOS="1743" CONTENT="igien" WC="0.66" LANG="dan"/>
						</TextLine>
						<TextLine ID="LINE13" HEIGHT="98" WIDTH="1702" HPOS="946" VPOS="1828">
							<String ID="STRING89" STYLEREFS="STYLE4" HEIGHT="89" WIDTH="140" HPOS="946" VPOS="1828" CONTENT="saa" WC="0.77" LANG="dan"/>
							<SP ID="SP77" WIDTH="36" HPOS="1086" VPOS="1828"/>
							<String ID="STRING90" STYLEREFS="STYLE3" HEIGHT="77" WIDTH="216" HPOS="1122" VPOS="1846" CONTENT="tørre," WC="0.81" LANG="dan"/>
							<SP ID="SP78" WIDTH="54" HPOS="1338" VPOS="1846"/>
							<String ID="STRING91" STYLEREFS="STYLE3" HEIGHT="62" WIDTH="70" HPOS="1392" VPOS="1850" CONTENT="at" WC="1" LANG="dan"/>
							<SP ID="SP79" WIDTH="48" HPOS="1462" VPOS="1850"/>
							<String ID="STRING92" STYLEREFS="STYLE3" HEIGHT="69" WIDTH="74" HPOS="1510" VPOS="1844" CONTENT="de" WC="0.62" LANG="dan"/>
							<SP ID="SP80" WIDTH="56" HPOS="1584" VPOS="1844"/>
							<String ID="STRING93" STYLEREFS="STYLE3" HEIGHT="90" WIDTH="330" HPOS="1640" VPOS="1836" CONTENT="indeholde" WC="0.77" LANG="dan"/>
							<SP ID="SP81" WIDTH="52" HPOS="1970" VPOS="1836"/>
							<String ID="STRING94" STYLEREFS="STYLE3" HEIGHT="80" WIDTH="188" HPOS="2022" VPOS="1836" CONTENT="ikkun" WC="0.81" LANG="dan"/>
							<SP ID="SP82" WIDTH="60" HPOS="2210" VPOS="1836"/>
							<String ID="STRING95" STYLEREFS="STYLE3" HEIGHT="71" WIDTH="72" HPOS="2270" VPOS="1845" CONTENT="de" WC="0.62" LANG="dan"/>
							<SP ID="SP83" WIDTH="60" HPOS="2342" VPOS="1845"/>
							<String ID="STRING96" STYLEREFS="STYLE3" HEIGHT="75" WIDTH="246" HPOS="2402" VPOS="1849" CONTENT="nødven" SUBS_TYPE="HypPart1" SUBS_CONTENT="nødvendige" WC="0.88" LANG="dan"/>
							<HYP CONTENT="-"/>
						</TextLine>
						<TextLine ID="LINE14" HEIGHT="103" WIDTH="1699" HPOS="972" VPOS="1930">
							<String ID="STRING97" STYLEREFS="STYLE3" HEIGHT="90" WIDTH="145" HPOS="972" VPOS="1933" CONTENT="dige" SUBS_TYPE="HypPart2" SUBS_CONTENT="nødvendige" WC="0.69" LANG="dan"/>
							<SP ID="SP84" WIDTH="57" HPOS="1117" VPOS="1933"/>
							<String ID="STRING98" STYLEREFS="STYLE3" HEIGHT="83" WIDTH="217" HPOS="1174" VPOS="1930" CONTENT="Salte" WC="0.86" LANG="dan"/>
							<SP ID="SP85" WIDTH="57" HPOS="1391" VPOS="1930"/>
							<String ID="STRING99" STYLEREFS="STYLE3" HEIGHT="78" WIDTH="71" HPOS="1448" VPOS="1936" CONTENT="til" WC="0.92" LANG="dan"/>
							<SP ID="SP86" WIDTH="53" HPOS="1519" VPOS="1936"/>
							<String ID="STRING100" STYLEREFS="STYLE3" HEIGHT="62" WIDTH="71" HPOS="1572" VPOS="1951" CONTENT="at" WC="1" LANG="dan"/>
							<SP ID="SP87" WIDTH="59" HPOS="1643" VPOS="1951"/>
							<String ID="STRING101" STYLEREFS="STYLE3" HEIGHT="93" WIDTH="455" HPOS="1702" VPOS="1937" CONTENT="afstedkomme" WC="0.72" LANG="dan"/>
							<SP ID="SP88" WIDTH="49" HPOS="2157" VPOS="1937"/>
							<String ID="STRING102" STYLEREFS="STYLE3" HEIGHT="75" WIDTH="141" HPOS="2206" VPOS="1943" CONTENT="eller" WC="0.92" LANG="dan"/>
							<SP ID="SP89" WIDTH="49" HPOS="2347" VPOS="1943"/>
							<String ID="STRING103" STYLEREFS="STYLE3" HEIGHT="89" WIDTH="275" HPOS="2396" VPOS="1944" CONTENT="opvække" WC="0.66" LANG="dan"/>
						</TextLine>
						<TextLine ID="LINE15" HEIGHT="108" WIDTH="1680" HPOS="965" VPOS="2026">
							<String ID="STRING104" STYLEREFS="STYLE3" HEIGHT="99" WIDTH="318" HPOS="965" VPOS="2026" CONTENT="Jordens" WC="0.7" LANG="dan"/>
							<SP ID="SP90" WIDTH="36" HPOS="1283" VPOS="2026"/>
							<String ID="STRING105" STYLEREFS="STYLE3" HEIGHT="99" WIDTH="496" HPOS="1319" VPOS="2031" CONTENT="Frugtbarhed." WC="0.63" LANG="dan"/>
							<SP ID="SP91" WIDTH="106" HPOS="1815" VPOS="2031"/>
							<String ID="STRING106" STYLEREFS="STYLE3" HEIGHT="98" WIDTH="208" HPOS="1921" VPOS="2036" CONTENT="Disse" WC="0.71" LANG="dan"/>
							<SP ID="SP92" WIDTH="38" HPOS="2129" VPOS="2036"/>
							<String ID="STRING107" STYLEREFS="STYLE3" HEIGHT="94" WIDTH="197" HPOS="2167" VPOS="2039" CONTENT="sidste," WC="0.54" LANG="dan"/>
							<SP ID="SP93" WIDTH="59" HPOS="2364" VPOS="2039"/>
							<String ID="STRING108" STYLEREFS="STYLE3" HEIGHT="82" WIDTH="222" HPOS="2423" VPOS="2042" CONTENT="blande" SUBS_TYPE="HypPart1" SUBS_CONTENT="blandede" WC="0.75" LANG="dan"/>
							<HYP CONTENT="-"/>
						</TextLine>
						<TextLine ID="LINE16" HEIGHT="105" WIDTH="1708" HPOS="964" VPOS="2133">
							<String ID="STRING109" STYLEREFS="STYLE3" HEIGHT="71" WIDTH="76" HPOS="964" VPOS="2136" CONTENT="de" SUBS_TYPE="HypPart2" SUBS_CONTENT="blandede" WC="0.64" LANG="dan"/>
							<SP ID="SP94" WIDTH="40" HPOS="1040" VPOS="2136"/>
							<String ID="STRING110" STYLEREFS="STYLE3" HEIGHT="66" WIDTH="142" HPOS="1080" VPOS="2142" CONTENT="med" WC="0.61" LANG="dan"/>
							<SP ID="SP95" WIDTH="44" HPOS="1222" VPOS="2142"/>
							<String ID="STRING111" STYLEREFS="STYLE3" HEIGHT="97" WIDTH="314" HPOS="1266" VPOS="2133" CONTENT="adskilligt" WC="0.83" LANG="dan"/>
							<SP ID="SP96" WIDTH="48" HPOS="1580" VPOS="2133"/>
							<String ID="STRING112" STYLEREFS="STYLE3" HEIGHT="97" WIDTH="188" HPOS="1628" VPOS="2133" CONTENT="Møg" WC="0.58" LANG="dan"/>
							<SP ID="SP97" WIDTH="46" HPOS="1816" VPOS="2133"/>
							<String ID="STRING113" STYLEREFS="STYLE3" HEIGHT="74" WIDTH="82" HPOS="1862" VPOS="2157" CONTENT="og" WC="0.8" LANG="dan"/>
							<SP ID="SP98" WIDTH="46" HPOS="1944" VPOS="2157"/>
							<String ID="STRING114" STYLEREFS="STYLE3" HEIGHT="71" WIDTH="206" HPOS="1990" VPOS="2148" CONTENT="andre" WC="0.71" LANG="dan"/>
							<SP ID="SP99" WIDTH="34" HPOS="2196" VPOS="2148"/>
							<String ID="STRING115" STYLEREFS="STYLE3" HEIGHT="99" WIDTH="442" HPOS="2230" VPOS="2139" CONTENT="Glødninger," WC="0.68" LANG="dan"/>
						</TextLine>
						<TextLine ID="LINE17" HEIGHT="108" WIDTH="1705" HPOS="964" VPOS="2228">
							<String ID="STRING116" STYLEREFS="STYLE3" HEIGHT="93" WIDTH="279" HPOS="964" VPOS="2228" CONTENT="hvorom" WC="0.81" LANG="dan"/>
							<SP ID="SP100" WIDTH="55" HPOS="1243" VPOS="2228"/>
							<String ID="STRING117" STYLEREFS="STYLE3" HEIGHT="92" WIDTH="97" HPOS="1298" VPOS="2235" CONTENT="jeg" WC="0.64" LANG="dan"/>
							<SP ID="SP101" WIDTH="65" HPOS="1395" VPOS="2235"/>
							<String ID="STRING118" STYLEREFS="STYLE3" HEIGHT="94" WIDTH="121" HPOS="1460" VPOS="2234" CONTENT="har" WC="0.74" LANG="dan"/>
							<SP ID="SP102" WIDTH="41" HPOS="1581" VPOS="2234"/>
							<String ID="STRING119" STYLEREFS="STYLE3" HEIGHT="86" WIDTH="199" HPOS="1622" VPOS="2242" CONTENT="talet," WC="0.94" LANG="nob"/>
							<SP ID="SP103" WIDTH="57" HPOS="1821" VPOS="2242"/>
							<String ID="STRING120" STYLEREFS="STYLE3" HEIGHT="75" WIDTH="147" HPOS="1878" VPOS="2243" CONTENT="ville" WC="1" LANG="dan"/>
							<SP ID="SP104" WIDTH="51" HPOS="2025" VPOS="2243"/>
							<String ID="STRING121" STYLEREFS="STYLE3" HEIGHT="85" WIDTH="129" HPOS="2076" VPOS="2250" CONTENT="dog" WC="0.53" LANG="dan"/>
							<SP ID="SP105" WIDTH="61" HPOS="2205" VPOS="2250"/>
							<String ID="STRING122" STYLEREFS="STYLE3" HEIGHT="95" WIDTH="191" HPOS="2266" VPOS="2241" CONTENT="hielpe" WC="0.79" LANG="dan"/>
							<SP ID="SP106" WIDTH="45" HPOS="2457" VPOS="2241"/>
							<String ID="STRING123" STYLEREFS="STYLE3" HEIGHT="76" WIDTH="65" HPOS="2502" VPOS="2247" CONTENT="til" WC="0.82" LANG="dan"/>
							<SP ID="SP107" WIDTH="39" HPOS="2567" VPOS="2247"/>
							<String ID="STRING124" STYLEREFS="STYLE3" HEIGHT="64" WIDTH="63" HPOS="2606" VPOS="2262" CONTENT="at" WC="1" LANG="dan"/>
						</TextLine>
						<TextLine ID="LINE18" HEIGHT="114" WIDTH="1707" HPOS="957" VPOS="2326">
							<String ID="STRING125" STYLEREFS="STYLE3" HEIGHT="97" WIDTH="396" HPOS="957" VPOS="2326" CONTENT="frembringe" WC="0.68" LANG="dan"/>
							<SP ID="SP108" WIDTH="28" HPOS="1353" VPOS="2326"/>
							<String ID="STRING126" STYLEREFS="STYLE3" HEIGHT="77" WIDTH="208" HPOS="1381" VPOS="2351" CONTENT="meget" WC="0.8" LANG="dan"/>
							<SP ID="SP109" WIDTH="16" HPOS="1589" VPOS="2351"/>
							<String ID="STRING127" STYLEREFS="STYLE3" HEIGHT="84" WIDTH="162" HPOS="1605" VPOS="2345" CONTENT="gode" WC="0.65" LANG="dan"/>
							<SP ID="SP110" WIDTH="28" HPOS="1767" VPOS="2345"/>
							<String ID="STRING128" STYLEREFS="STYLE3" HEIGHT="101" WIDTH="527" HPOS="1795" VPOS="2336" CONTENT="Bælgefrugter," WC="0.76" LANG="dan"/>
							<SP ID="SP111" WIDTH="27" HPOS="2322" VPOS="2336"/>
							<String ID="STRING129" STYLEREFS="STYLE3" HEIGHT="91" WIDTH="315" HPOS="2349" VPOS="2349" CONTENT="ypperlige" WC="0.67" LANG="dan"/>
						</TextLine>
						<TextLine ID="LINE19" HEIGHT="109" WIDTH="1702" HPOS="962" VPOS="2430">
							<String ID="STRING130" STYLEREFS="STYLE3" HEIGHT="98" WIDTH="242" HPOS="962" VPOS="2430" CONTENT="TEble," WC="0.7" LANG="dan"/>
							<SP ID="SP112" WIDTH="60" HPOS="1204" VPOS="2430"/>
							<String ID="STRING131" STYLEREFS="STYLE3" HEIGHT="98" WIDTH="240" HPOS="1264" VPOS="2433" CONTENT="Pærer" WC="0.7" LANG="dan"/>
							<SP ID="SP113" WIDTH="32" HPOS="1504" VPOS="2433"/>
							<String ID="STRING132" STYLEREFS="STYLE3" HEIGHT="57" WIDTH="74" HPOS="1536" VPOS="2456" CONTENT="rc." WC="0.57" LANG="dan"/>
							<SP ID="SP114" WIDTH="50" HPOS="1610" VPOS="2456"/>
							<String ID="STRING133" STYLEREFS="STYLE3" HEIGHT="72" WIDTH="82" HPOS="1660" VPOS="2456" CONTENT="og" WC="0.77" LANG="dan"/>
							<SP ID="SP115" WIDTH="38" HPOS="1742" VPOS="2456"/>
							<String ID="STRING134" STYLEREFS="STYLE3" HEIGHT="74" WIDTH="180" HPOS="1780" VPOS="2445" CONTENT="ædelt" WC="0.84" LANG="dan"/>
							<SP ID="SP116" WIDTH="26" HPOS="1960" VPOS="2445"/>
							<String ID="STRING135" STYLEREFS="STYLE3" HEIGHT="82" WIDTH="228" HPOS="1986" VPOS="2439" CONTENT="Korn." WC="0.76" LANG="dan"/>
							<SP ID="SP117" WIDTH="110" HPOS="2214" VPOS="2439"/>
							<String ID="STRING136" STYLEREFS="STYLE3" HEIGHT="97" WIDTH="200" HPOS="2324" VPOS="2442" CONTENT="Disse" WC="0.75" LANG="dan"/>
							<SP ID="SP118" WIDTH="36" HPOS="2524" VPOS="2442"/>
							<String ID="STRING137" STYLEREFS="STYLE3" HEIGHT="68" WIDTH="104" HPOS="2560" VPOS="2458" CONTENT="ad«" WC="0.74" LANG="dan"/>
						</TextLine>
						<TextLine ID="LINE20" HEIGHT="114" WIDTH="1703" HPOS="960" VPOS="2530">
							<String ID="STRING138" STYLEREFS="STYLE3" HEIGHT="94" WIDTH="225" HPOS="960" VPOS="2530" CONTENT="ffillige" WC="0.72" LANG="dan"/>
							<SP ID="SP119" WIDTH="29" HPOS="1185" VPOS="2530"/>
							<String ID="STRING139" STYLEREFS="STYLE3" HEIGHT="101" WIDTH="285" HPOS="1214" VPOS="2530" CONTENT="Frugter" WC="0.61" LANG="dan"/>
							<SP ID="SP120" WIDTH="41" HPOS="1499" VPOS="2530"/>
							<String ID="STRING140" STYLEREFS="STYLE3" HEIGHT="97" WIDTH="121" HPOS="1540" VPOS="2536" CONTENT="stal" WC="0.76" LANG="dan"/>
							<SP ID="SP121" WIDTH="41" HPOS="1661" VPOS="2536"/>
							<String ID="STRING141" STYLEREFS="STYLE4" HEIGHT="93" WIDTH="198" HPOS="1702" VPOS="2537" CONTENT="ogsaa" WC="0.82" LANG="dan"/>
							<SP ID="SP122" WIDTH="66" HPOS="1900" VPOS="2537"/>
							<String ID="STRING142" STYLEREFS="STYLE3" HEIGHT="63" WIDTH="165" HPOS="1966" VPOS="2557" CONTENT="være" WC="0.83" LANG="dan"/>
							<SP ID="SP123" WIDTH="47" HPOS="2131" VPOS="2557"/>
							<String ID="STRING143" STYLEREFS="STYLE3" HEIGHT="61" WIDTH="203" HPOS="2178" VPOS="2561" CONTENT="meere" WC="0.81" LANG="dan"/>
							<SP ID="SP124" WIDTH="44" HPOS="2381" VPOS="2561"/>
							<String ID="STRING144" STYLEREFS="STYLE3" HEIGHT="95" WIDTH="238" HPOS="2425" VPOS="2549" CONTENT="varige," WC="0.84" LANG="dan"/>
						</TextLine>
						<TextLine ID="LINE21" HEIGHT="104" WIDTH="1701" HPOS="959" VPOS="2635">
							<String ID="STRING145" STYLEREFS="STYLE3" HEIGHT="66" WIDTH="125" HPOS="959" VPOS="2643" CONTENT="end" WC="0.72" LANG="dan"/>
							<SP ID="SP125" WIDTH="39" HPOS="1084" VPOS="2643"/>
							<String ID="STRING146" STYLEREFS="STYLE3" HEIGHT="66" WIDTH="71" HPOS="1123" VPOS="2644" CONTENT="de" WC="1" LANG="dan"/>
							<SP ID="SP126" WIDTH="59" HPOS="1194" VPOS="2644"/>
							<String ID="STRING147" STYLEREFS="STYLE3" HEIGHT="60" WIDTH="157" HPOS="1253" VPOS="2654" CONTENT="man" WC="0.79" LANG="dan"/>
							<SP ID="SP127" WIDTH="57" HPOS="1410" VPOS="2654"/>
							<String ID="STRING148" STYLEREFS="STYLE3" HEIGHT="96" WIDTH="121" HPOS="1467" VPOS="2636" CONTENT="har" WC="0.7" LANG="dan"/>
							<SP ID="SP128" WIDTH="47" HPOS="1588" VPOS="2636"/>
							<String ID="STRING149" STYLEREFS="STYLE3" HEIGHT="94" WIDTH="177" HPOS="1635" VPOS="2635" CONTENT="faaet" WC="0.93" LANG="dan"/>
							<SP ID="SP129" WIDTH="45" HPOS="1812" VPOS="2635"/>
							<String ID="STRING150" STYLEREFS="STYLE3" HEIGHT="98" WIDTH="79" HPOS="1857" VPOS="2635" CONTENT="af" WC="0.84" LANG="dan"/>
							<SP ID="SP130" WIDTH="33" HPOS="1936" VPOS="2635"/>
							<String ID="STRING151" STYLEREFS="STYLE3" HEIGHT="71" WIDTH="205" HPOS="1969" VPOS="2652" CONTENT="andre" WC="0.76" LANG="dan"/>
							<SP ID="SP131" WIDTH="59" HPOS="2174" VPOS="2652"/>
							<String ID="STRING152" STYLEREFS="STYLE3" HEIGHT="96" WIDTH="253" HPOS="2233" VPOS="2641" CONTENT="Lande," WC="0.84" LANG="dan"/>
							<SP ID="SP132" WIDTH="49" HPOS="2486" VPOS="2641"/>
							<String ID="STRING153" STYLEREFS="STYLE3" HEIGHT="94" WIDTH="125" HPOS="2535" VPOS="2645" CONTENT="som" WC="0.33" LANG="dan"/>
						</TextLine>
						<TextLine ID="LINE22" HEIGHT="97" WIDTH="1702" HPOS="958" VPOS="2734">
							<String ID="STRING154" STYLEREFS="STYLE3" HEIGHT="59" WIDTH="162" HPOS="958" VPOS="2752" CONTENT="man" WC="0.84" LANG="dan"/>
							<SP ID="SP133" WIDTH="36" HPOS="1120" VPOS="2752"/>
							<String ID="STRING155" STYLEREFS="STYLE3" HEIGHT="78" WIDTH="122" HPOS="1156" VPOS="2734" CONTENT="ikke" WC="0.69" LANG="dan"/>
							<SP ID="SP134" WIDTH="50" HPOS="1278" VPOS="2734"/>
							<String ID="STRING156" STYLEREFS="STYLE3" HEIGHT="96" WIDTH="122" HPOS="1328" VPOS="2735" CONTENT="har" WC="0.59" LANG="dan"/>
							<SP ID="SP135" WIDTH="58" HPOS="1450" VPOS="2735"/>
							<String ID="STRING157" STYLEREFS="STYLE3" HEIGHT="81" WIDTH="246" HPOS="1508" VPOS="2737" CONTENT="tillavet" WC="0.94" LANG="dan"/>
							<SP ID="SP136" WIDTH="46" HPOS="1754" VPOS="2737"/>
							<String ID="STRING158" STYLEREFS="STYLE3" HEIGHT="71" WIDTH="138" HPOS="1800" VPOS="2760" CONTENT="paa" WC="0.83" LANG="dan"/>
							<SP ID="SP137" WIDTH="54" HPOS="1938" VPOS="2760"/>
							<String ID="STRING159" STYLEREFS="STYLE3" HEIGHT="77" WIDTH="346" HPOS="1992" VPOS="2747" CONTENT="ommeldte" WC="0.84" LANG="dan"/>
							<SP ID="SP138" WIDTH="42" HPOS="2338" VPOS="2747"/>
							<String ID="STRING160" STYLEREFS="STYLE3" HEIGHT="83" WIDTH="280" HPOS="2380" VPOS="2746" CONTENT="Maade." WC="0.8" LANG="dan"/>
						</TextLine>
						<TextLine ID="LINE23" HEIGHT="114" WIDTH="1705" HPOS="958" VPOS="2828">
							<String ID="STRING161" STYLEREFS="STYLE3" HEIGHT="101" WIDTH="291" HPOS="958" VPOS="2828" CONTENT="Hvoraf" WC="0.49" LANG="dan"/>
							<SP ID="SP139" WIDTH="29" HPOS="1249" VPOS="2828"/>
							<String ID="STRING162" STYLEREFS="STYLE3" HEIGHT="87" WIDTH="287" HPOS="1278" VPOS="2833" CONTENT="kommer" WC="0.88" LANG="dan"/>
							<SP ID="SP140" WIDTH="51" HPOS="1565" VPOS="2833"/>
							<String ID="STRING163" STYLEREFS="STYLE3" HEIGHT="79" WIDTH="215" HPOS="1616" VPOS="2844" CONTENT="dette?" WC="0.88" LANG="dan"/>
							<SP ID="SP141" WIDTH="55" HPOS="1831" VPOS="2844"/>
							<String ID="STRING164" STYLEREFS="STYLE3" HEIGHT="97" WIDTH="271" HPOS="1886" VPOS="2840" CONTENT="Deraf," WC="0.77" LANG="dan"/>
							<SP ID="SP142" WIDTH="62" HPOS="2157" VPOS="2840"/>
							<String ID="STRING165" STYLEREFS="STYLE3" HEIGHT="63" WIDTH="70" HPOS="2219" VPOS="2861" CONTENT="at" WC="1" LANG="dan"/>
							<SP ID="SP143" WIDTH="53" HPOS="2289" VPOS="2861"/>
							<String ID="STRING166" STYLEREFS="STYLE3" HEIGHT="72" WIDTH="71" HPOS="2342" VPOS="2854" CONTENT="de" WC="1" LANG="dan"/>
							<SP ID="SP144" WIDTH="54" HPOS="2413" VPOS="2854"/>
							<String ID="STRING167" STYLEREFS="STYLE3" HEIGHT="58" WIDTH="94" HPOS="2467" VPOS="2869" CONTENT="ere" WC="0.87" LANG="dan"/>
							<SP ID="SP145" WIDTH="30" HPOS="2561" VPOS="2869"/>
							<String ID="STRING168" STYLEREFS="STYLE3" HEIGHT="96" WIDTH="72" HPOS="2591" VPOS="2846" CONTENT="as" WC="0.64" LANG="dan"/>
						</TextLine>
						<TextLine ID="LINE24" HEIGHT="113" WIDTH="1701" HPOS="959" VPOS="2932">
							<String ID="STRING169" STYLEREFS="STYLE3" HEIGHT="82" WIDTH="189" HPOS="959" VPOS="2932" CONTENT="bedre" WC="0.59" LANG="dan"/>
							<SP ID="SP146" WIDTH="37" HPOS="1148" VPOS="2932"/>
							<String ID="STRING170" STYLEREFS="STYLE3" HEIGHT="100" WIDTH="499" HPOS="1185" VPOS="2933" CONTENT="Beskaffenhed." WC="0.87" LANG="dan"/>
							<SP ID="SP147" WIDTH="77" HPOS="1684" VPOS="2933"/>
							<String ID="STRING171" STYLEREFS="STYLE3" HEIGHT="101" WIDTH="185" HPOS="1761" VPOS="2936" CONTENT="Dog" WC="0.65" LANG="dan"/>
							<SP ID="SP148" WIDTH="33" HPOS="1946" VPOS="2936"/>
							<String ID="STRING172" STYLEREFS="STYLE3" HEIGHT="87" WIDTH="327" HPOS="1979" VPOS="2952" CONTENT="undtager" WC="0.84" LANG="dan"/>
							<SP ID="SP149" WIDTH="17" HPOS="2306" VPOS="2952"/>
							<String ID="STRING173" STYLEREFS="STYLE3" HEIGHT="95" WIDTH="103" HPOS="2323" VPOS="2950" CONTENT="jeg" WC="0.6" LANG="dan"/>
							<SP ID="SP150" WIDTH="29" HPOS="2426" VPOS="2950"/>
							<String ID="STRING174" STYLEREFS="STYLE3" HEIGHT="94" WIDTH="205" HPOS="2455" VPOS="2949" CONTENT="herfra" WC="0.91" LANG="dan"/>
						</TextLine>
						<TextLine ID="LINE25" HEIGHT="113" WIDTH="1702" HPOS="952" VPOS="3032">
							<String ID="STRING175" STYLEREFS="STYLE3" HEIGHT="98" WIDTH="254" HPOS="952" VPOS="3032" CONTENT="Møget" WC="0.75" LANG="dan"/>
							<SP ID="SP151" WIDTH="26" HPOS="1206" VPOS="3032"/>
							<String ID="STRING176" STYLEREFS="STYLE3" HEIGHT="90" WIDTH="76" HPOS="1232" VPOS="3037" CONTENT="af" WC="0.72" LANG="dan"/>
							<SP ID="SP152" WIDTH="32" HPOS="1308" VPOS="3037"/>
							<String ID="STRING177" STYLEREFS="STYLE3" HEIGHT="101" WIDTH="440" HPOS="1340" VPOS="3033" CONTENT="Faarestiene," WC="0.8" LANG="dan"/>
							<SP ID="SP153" WIDTH="52" HPOS="1780" VPOS="3033"/>
							<String ID="STRING178" STYLEREFS="STYLE3" HEIGHT="89" WIDTH="210" HPOS="1832" VPOS="3040" CONTENT="Due-" WC="0.74" LANG="dan"/>
							<SP ID="SP154" WIDTH="42" HPOS="2042" VPOS="3040"/>
							<String ID="STRING179" STYLEREFS="STYLE3" HEIGHT="77" WIDTH="84" HPOS="2084" VPOS="3062" CONTENT="og" WC="0.65" LANG="dan"/>
							<SP ID="SP155" WIDTH="40" HPOS="2168" VPOS="3062"/>
							<String ID="STRING180" STYLEREFS="STYLE3" HEIGHT="100" WIDTH="446" HPOS="2208" VPOS="3045" CONTENT="Hestemøget," WC="0.76" LANG="dan"/>
						</TextLine>
						<TextLine ID="LINE26" HEIGHT="107" WIDTH="1683" HPOS="950" VPOS="3132">
							<String ID="STRING181" STYLEREFS="STYLE3" HEIGHT="93" WIDTH="247" HPOS="950" VPOS="3132" CONTENT="strasom" WC="0.46" LANG="dan"/>
							<SP ID="SP156" WIDTH="35" HPOS="1197" VPOS="3132"/>
							<String ID="STRING182" STYLEREFS="STYLE3" HEIGHT="73" WIDTH="73" HPOS="1232" VPOS="3146" CONTENT="de" WC="0.63" LANG="dan"/>
							<SP ID="SP157" WIDTH="37" HPOS="1305" VPOS="3146"/>
							<String ID="STRING183" STYLEREFS="STYLE3" HEIGHT="101" WIDTH="433" HPOS="1342" VPOS="3135" CONTENT="frembringer" WC="0.65" LANG="dan"/>
							<SP ID="SP158" WIDTH="30" HPOS="1775" VPOS="3135"/>
							<String ID="STRING184" STYLEREFS="STYLE3" HEIGHT="94" WIDTH="234" HPOS="1805" VPOS="3145" CONTENT="næsten" WC="0.9" LANG="dan"/>
							<SP ID="SP159" WIDTH="26" HPOS="2039" VPOS="3145"/>
							<String ID="STRING185" STYLEREFS="STYLE3" HEIGHT="74" WIDTH="78" HPOS="2065" VPOS="3152" CONTENT="de" WC="0.63" LANG="dan"/>
							<SP ID="SP160" WIDTH="27" HPOS="2143" VPOS="3152"/>
							<String ID="STRING186" STYLEREFS="STYLE3" HEIGHT="96" WIDTH="243" HPOS="2170" VPOS="3143" CONTENT="samme" WC="1" LANG="dan"/>
							<SP ID="SP161" WIDTH="33" HPOS="2413" VPOS="3143"/>
							<String ID="STRING187" STYLEREFS="STYLE3" HEIGHT="87" WIDTH="187" HPOS="2446" VPOS="3149" CONTENT="Virk" SUBS_TYPE="HypPart1" SUBS_CONTENT="Virkninger," WC="0.45" LANG="dan"/>
							<HYP CONTENT="-"/>
						</TextLine>
						<TextLine ID="LINE27" HEIGHT="102" WIDTH="841" HPOS="945" VPOS="3235">
							<String ID="STRING188" STYLEREFS="STYLE3" HEIGHT="102" WIDTH="259" HPOS="945" VPOS="3235" CONTENT="ninger," SUBS_TYPE="HypPart2" SUBS_CONTENT="Virkninger," WC="0.78" LANG="dan"/>
							<SP ID="SP162" WIDTH="59" HPOS="1204" VPOS="3235"/>
							<String ID="STRING189" STYLEREFS="STYLE3" HEIGHT="92" WIDTH="133" HPOS="1263" VPOS="3243" CONTENT="som" WC="0.77" LANG="dan"/>
							<SP ID="SP163" WIDTH="23" HPOS="1396" VPOS="3243"/>
							<String ID="STRING190" STYLEREFS="STYLE3" HEIGHT="97" WIDTH="367" HPOS="1419" VPOS="3238" CONTENT="Mergelen." WC="0.77" LANG="dan"/>
						</TextLine>
					</TextBlock>
					<TextBlock xs:type="TextBlockType" ID="ZONE1262298" HEIGHT="216" WIDTH="1717" HPOS="950" VPOS="3436" xlink:type="simple">
						<TextLine ID="LINE28" HEIGHT="97" WIDTH="1479" HPOS="1150" VPOS="3438">
							<String ID="STRING191" STYLEREFS="STYLE5" HEIGHT="88" WIDTH="169" HPOS="1150" VPOS="3438" CONTENT="Der" WC="0.58" LANG="dan"/>
							<SP ID="SP164" WIDTH="36" HPOS="1319" VPOS="3438"/>
							<String ID="STRING192" STYLEREFS="STYLE5" HEIGHT="61" WIDTH="68" HPOS="1355" VPOS="3457" CONTENT="er" WC="0.4" LANG="dan"/>
							<SP ID="SP165" WIDTH="42" HPOS="1423" VPOS="3457"/>
							<String ID="STRING193" STYLEREFS="STYLE5" HEIGHT="75" WIDTH="220" HPOS="1465" VPOS="3448" CONTENT="endnu" WC="0.74" LANG="dan"/>
							<SP ID="SP166" WIDTH="44" HPOS="1685" VPOS="3448"/>
							<String ID="STRING194" STYLEREFS="STYLE5" HEIGHT="60" WIDTH="76" HPOS="1729" VPOS="3462" CONTENT="en" WC="1" LANG="dan"/>
							<SP ID="SP167" WIDTH="56" HPOS="1805" VPOS="3462"/>
							<String ID="STRING195" STYLEREFS="STYLE5" HEIGHT="77" WIDTH="218" HPOS="1861" VPOS="3449" CONTENT="anden" WC="0.87" LANG="dan"/>
							<SP ID="SP168" WIDTH="48" HPOS="2079" VPOS="3449"/>
							<String ID="STRING196" STYLEREFS="STYLE5" HEIGHT="86" WIDTH="272" HPOS="2127" VPOS="3446" CONTENT="Maade" WC="0.72" LANG="dan"/>
							<SP ID="SP169" WIDTH="46" HPOS="2399" VPOS="3446"/>
							<String ID="STRING197" STYLEREFS="STYLE5" HEIGHT="68" WIDTH="74" HPOS="2445" VPOS="3467" CONTENT="at" WC="1" LANG="dan"/>
							<SP ID="SP170" WIDTH="42" HPOS="2519" VPOS="3467"/>
							<String ID="STRING198" STYLEREFS="STYLE5" HEIGHT="82" WIDTH="68" HPOS="2561" VPOS="3452" CONTENT="til" SUBS_TYPE="HypPart1" SUBS_CONTENT="tillave" WC="1" LANG="dan"/>
							<HYP CONTENT="-"/>
						</TextLine>
						<TextLine ID="LINE29" HEIGHT="107" WIDTH="1715" HPOS="951" VPOS="3539">
							<String ID="STRING199" STYLEREFS="STYLE5" HEIGHT="87" WIDTH="153" HPOS="951" VPOS="3552" CONTENT="lave" SUBS_TYPE="HypPart2" SUBS_CONTENT="tillave" WC="0.43" LANG="dan"/>
							<SP ID="SP171" WIDTH="57" HPOS="1104" VPOS="3552"/>
							<String ID="STRING200" STYLEREFS="STYLE5" HEIGHT="105" WIDTH="539" HPOS="1161" VPOS="3539" CONTENT="Gisvstningen," WC="0.56" LANG="dan"/>
							<SP ID="SP172" WIDTH="63" HPOS="1700" VPOS="3539"/>
							<String ID="STRING201" STYLEREFS="STYLE5" HEIGHT="102" WIDTH="251" HPOS="1763" VPOS="3544" CONTENT="hvilken" WC="0.63" LANG="dan"/>
							<SP ID="SP173" WIDTH="57" HPOS="2014" VPOS="3544"/>
							<String ID="STRING202" STYLEREFS="STYLE5" HEIGHT="93" WIDTH="361" HPOS="2071" VPOS="3548" CONTENT="bekommer" WC="0.44" LANG="dan"/>
							<SP ID="SP174" WIDTH="49" HPOS="2432" VPOS="3548"/>
							<String ID="STRING203" STYLEREFS="STYLE5" HEIGHT="86" WIDTH="185" HPOS="2481" VPOS="3553" CONTENT="lim*" WC="0.59" LANG="dan"/>
						</TextLine>
					</TextBlock>
					<TextBlock xs:type="TextBlockType" ID="ZONE1262299" HEIGHT="80" WIDTH="85" HPOS="2579" VPOS="3672" xlink:type="simple">
						<TextLine ID="LINE30" HEIGHT="80" WIDTH="83" HPOS="2580" VPOS="3672">
							<String ID="STRING204" STYLEREFS="STYLE5" HEIGHT="80" WIDTH="83" HPOS="2580" VPOS="3672" CONTENT="os" WC="0.67" LANG="dan"/>
						</TextLine>
					</TextBlock>
				</ComposedBlock>
			</PrintSpace>
		</Page>
	</Layout>
</alto>
