2759 4502
142 583 274 86 Slottet
441 578 85 97 af
760 574 380 97 -Fontaine.
1249 571 301 101 Haugen
1588 578 74 78 til
1689 585 167 76 dette

144 689 356 93 Landgods
557 682 298 94 besaaer
922 672 120 80 ikke
1094 679 100 72 vel
1244 673 78 94 af
1368 697 204 59 meere
1618 691 122 66 end
1784 701 68 62 to

144 785 271 90 Tønder
456 784 197 84 Land.
762 775 143 86 Da
948 774 97 94 jeg
1090 799 189 70 1759
1319 794 110 76 tog
1472 786 121 70 den
1638 780 15 75 i
1700 781 121 84 Be-

145 885 270 102 siddelse,
473 904 124 60 var
633 901 168 62 meer
849 888 120 68 end
1005 872 432 96 Halvparren
1493 886 80 92 af
1609 882 214 85 Grun-

145 997 122 70 den
297 989 134 92 fuld
461 984 76 96 af
571 984 166 82 Leer.
839 975 308 87 Samme
1177 975 188 100 Part
1405 998 144 68 laae
1597 1006 80 75 og
1727 993 124 78 den

145 1087 133 90 Tid
314 1100 164 84 øde,
536 1106 82 75 og
674 1103 124 60 var
846 1082 212 86 aldrig
1095 1076 221 81 bleven
1355 1087 239 95 dyrket.
1701 1085 149 100 Jeg

146 1189 120 92 har
294 1188 332 96 behandlet
658 1195 122 68 den
808 1204 134 71 paa
976 1180 242 92 samme
1248 1183 296 93 Maade,
1600 1186 130 92 som
1770 1199 78 70 de

140 1287 391 96 Agerlande,
588 1294 113 71 der
732 1303 155 60 vare
934 1278 77 98 af
1038 1280 237 90 samme
1308 1281 243 89 Natur
1580 1310 81 75 og
1692 1293 125 76 tjen-

143 1391 120 92 lige
295 1405 70 62 ar
397 1390 204 92 pløje,
651 1393 334 85 undtagen
1009 1400 76 62 ar
1117 1384 98 93 jeg
1249 1383 124 80 ikke
1403 1390 122 92 har
1585 1392 264 81 blandet

143 1489 268 92 Mergel
461 1490 256 78 iblandt
785 1484 474 95 Glødningen,
1313 1483 132 92 som
1493 1490 96 94 jeg
1659 1499 190 86 lagde

143 1597 271 90 derpaa.
519 1586 145 99 Jeg
717 1587 121 94 har
877 1592 169 72 lader
1087 1587 139 90 mig
1287 1594 151 92 nøje
1492 1600 184 77 med,
1735 1571 113 110 faa

146 1693 198 90 længe
374 1686 270 100 Frosten
672 1695 260 83 varede,
996 1688 140 74 eller
1182 1707 136 68 paa
1368 1698 206 72 andre
1612 1690 236 99 Tider,

146 1797 91 72 da
268 1809 159 60 man
460 1786 121 80 ikke
610 1786 204 81 kunde
856 1783 256 93 forrette
1160 1795 206 68 andre
1418 1790 401 95 Markarbej-

145 1895 136 82 der,
335 1904 72 62 at
443 1892 142 74 lade
621 1907 118 78 age
771 1891 154 88 god,
979 1892 150 73 lider
1171 1883 224 101 sandig
1453 1888 398 97 Grønsvær,

147 1985 144 96 frisk
321 1987 124 90 sort
479 1986 228 96 Jord,
755 1987 128 88 som
933 1992 140 70 laae
1123 1997 200 68 under
1369 1987 456 86 Gaard-Mo-

145 2089 335 93 dingerne,
547 2086 463 91 svampigkold
1053 2104 79 75 og
1185 2097 179 70 vaad
1407 2088 231 99 Jord,
1697 2105 149 72 med

136 2191 106 78 bel
278 2184 662 99 forraadnet-Mog,—
688 2185 232 91 Møg,
978 2204 134 74 paa
1144 2191 138 72 den.

923 2280 17 3 —

346 2285 396 95 Formedelst
816 2282 144 100 disse
1032 2285 314 96 adskillige
1414 2290 435 103 Glødninger

143 2387 122 96 har
301 2381 552 101 Haugegrunven
909 2384 300 90 befundet
1257 2391 90 94 sig
1403 2398 114 86 saa
1573 2405 272 86 mulder,

141 2505 72 72 gr
237 2482 606 91 Sukker-Erterne,
897 2486 402 99 Bønnerne,
1353 2512 80 74 og
1469 2500 120 72 alle
1635 2509 208 72 andre

137 2583 535 98 Bælgefrugter,
723 2587 167 100 have
938 2602 204 78 voxet
1213 2593 17 74 i
1285 2587 557 110 Overflødighed,

142 2687 178 94 faaet
368 2696 112 70 der
532 2685 446 99 mangfoldige
1016 2686 324 105 Kierner,
1396 2714 84 74 og
1532 2720 76 56 en
1654 2703 190 78 bedre

144 2789 278 91 Smag,
476 2798 122 68 end
638 2795 122 76 alle
806 2801 114 81 de,
980 2786 130 92 som
1146 2795 220 90 tilforn
1416 2798 208 92 havde
1660 2817 184 80 voxet

141 2911 138 70 paa
327 2897 100 71 det
473 2888 264 95 Stykke
793 2889 82 97 af
912 2886 337 102 Haugen,
1303 2901 112 75 der
1465 2914 126 62 var
1635 2901 208 80 bleckt

143 2991 224 91 brugt,
387 2994 116 90 tog
531 2998 102 71 der
679 2991 184 82 ikkun
889 3000 118 70 ved
1057 2988 290 87 Driven
1369 2992 80 98 af
1479 2996 364 101 Glødning

147 3108 84 75 og
257 3089 257 84 Vand.
613 3095 181 80 Uden
829 3089 405 97 Erfaringen
1273 3094 204 95 skulde
1507 3120 159 60 man
1695 3123 123 72 nep-

144 3211 82 72 pe
270 3186 276 100 begribe,
602 3194 162 95 hvor
792 3210 208 78 meget
1034 3188 148 101 disse
1210 3197 314 95 adskillige
1559 3199 255 98 Givl-

144 3291 234 92 ninger
416 3288 358 96 forhindrer
806 3293 266 99 Jorden
1106 3309 70 64 at
1206 3297 170 79 blive
1430 3316 106 62 tor
1564 3324 82 73 og
1700 3305 122 78 bar-

144 3391 133 90 ker,
334 3391 227 93 hvilket
607 3417 66 58 er
735 3415 78 60 en
851 3410 204 76 meget
1111 3402 366 94 nødvendig
1528 3402 209 89 Sag,
1791 3415 76 66 at

147 3497 110 78 det
277 3491 126 87 ikke
429 3490 176 104 skeer,
657 3493 148 98 især
839 3514 138 84 paa
1005 3504 74 76 de
1107 3496 294 106 Steder,
1457 3502 162 100 hvor
1637 3503 194 86 Van-

1747 3611 105 74 det
