3061 4651
1381 439 113 109 56
1439 440 55 86 6
1891 433 503 120 Afhandling

1380 622 403 94 Slutnings
1848 618 367 104 Rigtighed
2304 627 121 78 ved
2508 628 445 106 Erfarenhed;

1377 766 98 98 thi
1513 772 178 75 lader
1731 764 132 96 han
1899 771 120 74 alle
2049 761 181 101 Ting
2273 768 110 95 fan
2421 777 104 73 læt
2565 794 201 79 gaae,
2817 777 132 91 som

1368 918 112 72 det
1506 912 384 79 undertiden
1914 917 122 74 ved
2056 907 238 101 Lykken
2318 935 80 72 og
2428 924 206 72 andre
2654 915 298 98 Tilfælde

1377 1056 340 93 kommer,
1779 1052 114 94 saa
1923 1055 126 80 blir
2079 1053 64 95 jo
2177 1058 190 93 ingen
2397 1057 344 99 Drøyelse
2773 1065 18 76 i
2815 1071 134 93 det;

1379 1219 86 73 og
1514 1219 172 58 naar
1739 1196 133 98 han
1921 1201 19 76 i
1983 1195 261 98 Huuset
2275 1203 121 96 har
2445 1211 107 73 det
2600 1226 180 77 eene,
2843 1206 107 94 fra

1378 1340 207 98 fattes
1616 1341 159 96 ham
1800 1348 105 73 det
1938 1349 219 91 andet,
2192 1345 215 96 derfor
2432 1349 119 81 bør
2574 1370 161 61 man
2758 1351 199 95 bruge

1372 1506 96 75 Jeg
1501 1483 102 98 (h)
1639 1485 234 79 bevare
1909 1495 108 72 det
2051 1486 444 104 erhværvede,
2559 1492 290 94 saaledes
2889 1516 70 60 at

1382 1638 110 74 det
1534 1631 170 80 kand
1748 1630 250 96 strække
2036 1633 76 81 til
2166 1638 76 74 de
2276 1631 322 96 fornødne
2626 1637 334 101 Udgifter,

1377 1798 94 72 vg
1503 1777 182 94 giøre
1715 1772 234 100 enhver
1988 1773 231 83 Mand
2253 1793 98 64 ret
2385 1799 80 75 og
2498 1776 197 101 fliæl,
2731 1781 226 98 hvilket

1383 1924 199 92 ingen
1611 1919 171 80 kand
1827 1935 205 80 nægte
2067 1938 73 62 at
2183 1938 171 65 være
2391 1931 123 73 den
2563 1941 159 64 rette
2767 1927 161 83 Mre-

1386 2062 287 102 Punkt,
1730 2060 138 96 som
1934 2065 237 98 enhver
2220 2069 307 95 retsindig
2578 2068 121 83 bør
2746 2072 207 95 stræbe

1385 2208 204 99 efter;
1653 2226 186 80 agter
1869 2225 60 64 et
1957 2189 347 137 Menneske
2349 2213 126 80 ikke
2501 2234 110 60 om
2651 2231 70 64 at
2750 2199 210 124 gaaer
2929 2218 20 78 i

1388 2350 340 102 Graven,
1788 2352 140 94 som
1986 2375 76 58 en
2128 2357 330 81 LErekiær
2524 2356 264 103 Mand,
2846 2360 102 94 saa

1386 2500 129 80 bør
1572 2497 135 100 han
1748 2502 129 92 dog
1932 2497 203 95 indsee
2174 2506 123 76 den
2348 2501 261 103 Uselhed
2657 2525 80 76 og
2774 2503 149 85 Elen-

2737 2650 209 98 dighed

1392 2850 103 100 (h)
1586 2853 261 86 Denne
1912 2853 343 105 Omsorgs
2323 2885 80 76 og
2484 2862 461 100 Erhværvelfes

1511 2964 229 100 Kunst
1769 2970 220 80 kalder
2017 2970 366 75 Ariftotiles
2873 2996 69 76 og

1514 3075 277 87 Arm-M
1838 3081 188 70 Polit.
2062 3087 74 65 L.
2174 3090 48 64 I.
2264 3111 32 44 c
2302 3111 98 72 dp.
2438 3111 70 69 7.
2544 3102 62 70 §.
2638 3113 78 72 og
2746 3117 68 64 9.
2846 3106 96 60 om

1512 3199 77 72 de
2115 3214 82 74 og
2479 3195 257 91 Dyder
2758 3201 157 98 hand-

1513 3308 94 77 ler
1657 3298 200 76 tVolk
1909 3299 292 99 Udførlig
2243 3306 22 79 i
2311 3309 94 94 sin
2451 3315 398 69 oeconomic.
2895 3314 46 84 §.

1518 3425 176 82 358.
1725 3420 51 84 §.
1818 3432 178 72 790.
2036 3433 82 75 og
2151 3422 49 82 §.
2228 3420 370 96 Z94.»saa
2630 3443 82 76 og
2731 3425 21 78 i
2781 3421 161 101 hans

1510 3519 224 89 Ethik,
1774 3530 202 70 Tom.
2000 3531 112 71 IV.
2150 3552 140 81 cap.
2336 3555 215 79 3.4.5
2592 3553 81 82 øg
2706 3539 62 74 6.
