2969 4552
1211 540 183 82 Men
1425 539 75 82 til
1531 551 71 68 at
1631 536 277 98 gjemme
1955 555 61 64 et
2063 543 209 94 større
2303 540 351 100 Formad,
2717 560 65 62 er
2815 544 105 79 det

1086 658 304 95 rienligst,
1428 673 72 62 at
1538 657 280 81 indrette
1850 679 74 56 en
1962 653 364 102 Bygning,
2386 657 134 94 som
2552 657 274 87 beftaaer
2856 653 78 98 af

1086 797 78 61 en
1196 776 130 98 stor
1362 795 80 72 og
1474 774 345 96 rummelig
1860 772 235 97 Grav,
2142 796 81 74 og
2256 771 251 101 hvoraf
2532 779 232 76 alleene
2792 770 106 88 Ta-

1079 908 110 82 get
1233 910 70 60 er
1343 907 154 60 over
1533 887 294 98 Jorden.
1959 887 354 97 Væggene
2359 895 148 76 eller
2543 887 308 85 Siderne
2903 887 22 82 i

1081 1007 298 85 Graven
1405 1003 312 82 beklædes
1755 1011 354 74 enten,med
2145 1004 234 84 Steen
2419 1013 148 74 eller
2599 1008 296 92 opvunde-

1080 1146 86 58 tie
1217 1122 219 93 Riis,
1509 1117 137 96 som
1709 1120 269 98 hindrer
2021 1119 277 98 Jorden
2359 1120 105 95 fra
2506 1139 72 66 at
2622 1118 302 96 indfalde.

1078 1237 298 89 Derudi
1402 1235 168 80 kand
1588 1235 430 100 Kartoflerne
2050 1241 210 93 legges
2290 1238 194 81 indtil
2520 1261 36 46 r
2582 1237 170 85 Alen
2788 1234 138 98 højt

1082 1378 139 78 paa
1274 1354 371 98 hinanden,
1704 1360 153 74 eller
1896 1371 223 60 meere.
2264 1352 331 86 Rummer
2652 1354 275 78 imellem

1079 1474 434 99 Kartoflerne
1565 1489 82 75 og
1687 1464 218 100 Taget
1951 1467 340 96 tilstoppes
2343 1475 144 76 med
2521 1469 262 102 Halm,
2845 1486 84 77 og

1083 1591 427 97 Indgangen
1543 1583 311 98 forvares
1893 1605 137 76 paa
2067 1587 109 77 det
2207 1584 225 95 bedste.

1230 1722 410 111 Omgang
1684 1726 178 88 med
1910 1717 262 102 Sæde
2204 1766 20 26 -
2260 1719 522 114 Kartoflerne

1746 1840 33 88 i
1838 1840 425 107 Foraaret.

1209 1994 118 94 Til
1351 2013 72 64 at
1453 1999 224 92 plame
1717 1992 170 98 igieu
1921 1991 244 96 bruges
2201 1990 150 102 helst
2383 1995 76 82 de
2497 1993 220 95 største
2747 1988 146 83 Kar-

1075 2122 229 98 tofler,
1371 2109 295 98 eftersom
1693 2114 81 76 de
1809 2108 459 94 almindeligen
2295 2112 183 92 giver
2497 2110 190 94 mees
2721 2104 73 96 af
2813 2110 103 96 sig.

1076 2235 212 85 Naar
1338 2236 122 77 den
1506 2224 302 99 stærkeste
1850 2222 200 99 Frost
2098 2242 68 64 er
2206 2220 170 94 forbi
2426 2225 118 94 hen
2594 2229 18 74 i
2650 2224 242 80 Marck-

1074 2351 355 88 Maaned,
1468 2350 279 87 optages
1776 2344 79 78 de
1882 2335 79 96 af
1994 2335 331 99 Graven,
2374 2348 217 85 legges
2620 2358 133 74 paa
2786 2336 119 93 Lof-

1075 2484 98 68 tet
1215 2484 136 78 paa
1383 2459 222 100 Halm
1623 2508 22 42 ,
1713 2476 80 74 og
1827 2453 322 82 tildækkes
2193 2456 244 96 derhos
2467 2459 146 74 med
2649 2452 272 99 samme,

1071 2602 77 66 ar
1177 2588 81 76 de
1281 2577 314 85 desbedre
1621 2572 126 80 kan
1775 2575 246 91 grødes
2059 2571 70 78 til
2159 2565 512 90 Sæde-Tiden.
2735 2566 185 99 Dog

1072 2718 78 68 gr
1178 2718 160 62 man
1370 2693 52 94 ej
1452 2695 184 78 lader
1662 2692 150 76 dem
1840 2687 184 80 drive
2058 2681 104 98 for
2188 2702 206 78 meget
2422 2683 106 96 før
2558 2683 332 98 Plantnin-

1074 2840 166 76 gen,
1304 2834 80 73 og
1442 2811 20 78 i
1500 2807 112 96 saa
1652 2804 178 98 Fald
1878 2819 186 62 enten
2108 2801 332 97 borttager
2494 2807 122 74 den
2676 2804 236 92 øverste

1075 2933 252 101 Halm,
1361 2933 148 74 eller
1539 2945 80 73 og
1647 2926 352 92 udplanter
2025 2925 144 74 dem
2201 2922 120 76 des
2357 2919 258 94 tiligere,
2649 2932 64 62 at
2731 2912 150 98 Spi-

1075 3068 228 76 rerne,
1363 3063 168 62 naar
1561 3045 80 76 de
1675 3038 204 80 bliver
1907 3033 102 98 for
2041 3041 224 91 lange,
2323 3034 50 94 ej
2409 3033 122 98 stal
2557 3030 352 98 beskadiges

1076 3174 148 82 eller
1266 3156 340 101 afbrydes.

1434 3301 188 100 Om
1666 3296 476 120 Plantning
2196 3292 102 114 af
2336 3292 230 111 Frøe.

1203 3458 214 102 Frøet
1443 3453 136 102 som
1613 3453 434 104 Kartoflerne
2087 3451 228 101 bærer,
2377 3449 198 82 bliver
2607 3451 70 79 de
2709 3440 194 104 fleeste

2763 3556 140 86 Aar
