2795 4518
867 638 72 66 at
960 620 135 93 han
1130 614 205 80 kunde
1357 628 168 63 vær«
1548 616 103 74 det
1670 609 121 94 lige
1822 607 111 89 saa
1948 611 123 84 vel,
2092 599 161 91 søm,
2284 600 105 99 jeg
2410 617 187 65 naar

861 732 106 68 det
1003 739 124 62 var
1163 720 174 86 hans
1363 712 318 95 oprigtige
1715 702 267 102 Ønffe;
2035 705 134 94 han
2211 702 206 96 ffnlde
2457 703 132 79 kun

866 822 128 80 ikke
1031 817 181 79 sik-de
1240 814 136 95 sygt
1408 831 80 79 og
1528 808 168 96 fuult
1732 801 286 100 Qvæg,
2076 825 148 59 men
2278 806 144 90 give
2458 803 132 90 sine

860 916 419 96 Tienestefvlk
1336 923 157 84 godt
1560 904 219 88 Bred
1838 926 109 78 og,
1984 915 157 82 godt
2186 904 235 89 Kiod,
2472 901 119 92 saa

860 1020 204 96 Kulde
1099 1029 72 63 ve
1215 1012 122 82 nok
1373 1019 120 72 ved
1527 1018 132 88 god
1707 1003 304 102 Helbred
2057 1010 174 79 male
2277 1002 314 101 Høstens

863 1117 499 96 Besværinger.

1073 1318 250 82 Midlet
1362 1313 181 80 imod
1571 1330 76 60 en
1678 1307 251 92 saadan
1958 1305 233 96 Ulykke
2218 1300 203 100 ffulde
2480 1307 111 77 det

859 1438 195 79 være,
1113 1438 109 58 om
1265 1435 161 58 man
1483 1410 363 99 afværgede
1915 1428 73 60 at
2031 1407 176 91 sælge
2251 1416 104 68 det
2421 1415 169 71 onde

858 1522 190 82 Kiod
1080 1539 80 69 og
1200 1516 254 96 stemme
1482 1493 244 99 Korn?
1814 1509 178 79 Men
2022 1507 176 94 hvad
2232 1506 126 92 stal
2396 1526 194 70 man,

856 1628 95 74 vil
990 1639 163 58 man
1190 1618 149 92 sige,
1394 1621 91 73 da
1548 1610 197 94 fange
1792 1630 89 56 an
1932 1619 151 66 med
2136 1615 165 69 dette
2352 1607 237 92 sidste?

857 1720 220 92 Hvad
1141 1734 64 58 er
1255 1722 264 69 dermed
1575 1728 70 58 at
1709 1710 226 91 giøre?
1993 1708 196 77 Man
2237 1704 130 79 kan
2419 1703 174 96 feede

861 1818 237 82 Sviin
1170 1816 142 72 eller
1391 1808 557 97 Fier-Kreature
2023 1814 303 78 dermed,
2413 1822 179 60 naar

860 1938 166 60 man
1078 1911 158 94 først
1284 1910 126 91 har
1444 1915 174 72 ladet
1654 1916 106 69 det
1788 1904 240 92 opkoge
2076 1905 18 74 i
2146 1901 280 90 Vand,
2482 1901 108 87 for

861 2036 138 76 paa
1059 2023 124 67 den
1217 2010 266 82 Maave
1517 2024 70 62 at
1627 2006 226 93 betage
1895 2012 104 69 det
2029 2023 78 58 en
2154 2001 193 85 Deel
2383 1999 78 94 af
2491 2005 96 87 sin

857 2118 257 94 stemme
1231 2104 509 99 Beskaffenhed.
1845 2102 193 80 Man
2126 2098 131 95 skal
2317 2104 19 76 i
2423 2111 167 71 dette

856 2206 272 94 Skrivt
1160 2208 174 98 sinde
1384 2203 217 96 fike
1652 2204 258 79 Midler
1978 2203 74 76 til
2108 2217 72 64 at
2212 2196 376 102 forebygge,

854 2336 77 60 at
960 2333 163 58 man
1164 2306 123 80 ikke
1342 2303 185 96 faaer
1570 2321 193 74 noget
1822 2303 115 87 saa
1988 2298 301 98 ffadeligt
2354 2301 233 93 Korn,

855 2436 156 58 mrn
1047 2409 214 94 sikkert
1293 2405 392 92 conserverer
1737 2411 102 69 det
1889 2410 204 86 gode,
2135 2422 80 72 og
2271 2410 104 71 det
2415 2413 170 69 uden

853 2510 519 93 Bekostninger,
1428 2523 126 62 var
1581 2510 107 75 det
1730 2513 122 72 end
1885 2504 23 80 i
1934 2504 52 80 ti
2041 2501 187 99 Aar,
2286 2522 110 61 om
2426 2523 164 62 man

858 2612 213 98 finder
1104 2619 102 71 det
1234 2604 102 100 for
1376 2611 182 90 godt.

1059 2809 149 100 Jeg
1245 2808 289 80 kommer
1569 2804 173 94 igien
1769 2803 81 80 til
1897 2800 441 86 Kreaturene.
2447 2805 151 87 Vil

860 2932 206 67 man,
1122 2926 70 62 at
1224 2930 76 58 en
1354 2906 416 96 Faarehiord
1817 2901 129 94 skal
1998 2906 250 95 befinde
2310 2910 92 91 sig
2454 2912 140 88 vel,

857 3034 74 64 at
960 3018 211 75 Ulven
1203 3030 84 72 og
1322 3007 255 82 Kiødet
1614 3005 199 90 deraf
1833 3002 124 96 skal
1998 3007 389 92 iligemaade
2422 3024 173 63 være

853 3126 189 86 godt,
1097 3109 112 92 saa
1245 3127 156 59 maa
1435 3126 162 58 man
1633 3121 84 74 og
1747 3109 158 73 bære
1935 3106 130 94 stor
2141 3104 301 101 Omsorg
2487 3105 110 95 for

860 3232 72 66 at
968 3211 124 82 ikke
1120 3214 192 92 qvæle
1344 3217 122 72 den
1496 3206 22 76 i
1548 3224 78 58 en
1652 3204 264 92 Stald,
1976 3225 82 74 og
2087 3201 115 88 saa
2230 3208 176 91 lidet,
2460 3203 138 98 som

856 3313 271 94 mueligt
1166 3328 91 72 er,
1318 3309 145 76 lade
1500 3310 123 74 den
1656 3303 171 92 ligge
1888 3324 141 70 paa
2076 3305 79 96 sit
2204 3304 235 99 Møg;
2496 3306 101 96 thi

857 3412 84 92 af
967 3424 202 67 denne
1201 3408 294 91 Mangel
1527 3424 140 76 paa
1705 3400 398 97 Agtsomhed
2155 3403 160 100 skeer
2341 3414 128 81 det,
2521 3412 78 74 at

859 3510 273 91 Kloder
1157 3528 85 80 øg
1301 3510 209 79 Ulden
1565 3504 85 98 af
1707 3499 309 106 Faarene
2057 3498 542 110 Xfaaer—sen«·lle·nst
2313 3525 81 58 en
2445 3507 155 92 flem

2248 3599 278 9 —·-

2230 3600 366 103 Egenskab.
