2778 4534
1795 366 90 72 53

164 563 208 82 meget
420 547 188 98 høje,
664 566 80 73 og
792 547 74 74 de
916 548 226 75 tvende
1175 545 175 92 sidste
1389 546 381 99 Dybheder
1802 550 82 98 af

160 648 242 92 samme
426 660 138 77 naa
592 646 148 96 hver
776 643 188 84 Side
1004 664 96 58 ere
1132 647 232 96 næsten
1396 654 120 88 lige
1558 653 100 88 for
1698 663 176 79 dem,

161 750 134 90 som
379 750 272 89 adjkiller
728 745 329 100 Furrene,
1114 743 111 90 saa
1301 750 208 92 helder
1595 751 272 96 Jorden

157 856 226 73 immer
407 857 116 72 ned
553 868 80 72 og
671 861 118 66 nev
833 857 84 67 ad
961 844 330 93 saaledes,
1357 868 110 70 at,
1527 873 174 57 naar
1747 866 124 66 den

158 956 226 73 løsnes
434 949 80 91 af
547 946 307 98 Frosten,
911 944 205 94 falder
1174 961 120 67 den
1346 950 230 95 næsten
1652 950 78 96 af
1774 954 94 94 sig

154 1048 118 90 selv
306 1051 16 76 i
352 1059 72 68 de
450 1051 154 95 støre
626 1047 344 100 Jndsnitke
1006 1054 142 73 eller
1182 1051 160 78 dvbe
1378 1052 298 89 Render,
1732 1052 134 88 som

145 1148 278 94 adskiller
476 1149 349 97 Furrene?
880 1149 227 97 hvilket
1148 1149 125 80 ikke
1318 1150 121 82 kan
1484 1152 157 95 (fee,
1695 1164 172 68 uden

143 1266 72 60 at
245 1258 98 69 det
373 1255 144 79 lidet
549 1250 222 89 Korn,
827 1247 130 90 som
997 1250 282 95 befinder
1317 1254 90 96 sig
1445 1260 20 72 i
1489 1266 74 69 de
1593 1269 66 64 to
1681 1256 182 96 sidste

141 1346 385 100 Jndsuitte,
580 1362 110 70 der
756 1349 242 92 tilfulde
1052 1355 240 92 udgior
1371 1354 301 98 Furren,
1735 1356 129 88 som

140 1452 202 92 ligger
392 1455 18 74 i
450 1454 122 92 just
626 1452 236 86 samme
906 1450 276 96 Afheld,
1240 1453 274 81 berøves
1570 1457 294 102 Jorden.

138 1550 145 84 Da
337 1559 100 74 det
467 1573 86 59 nu
601 1574 64 58 er
722 1553 261 79 berøvet
1032 1552 405 96 Næringen,
1494 1557 107 92 saa
1651 1561 212 88 skyder

135 1656 106 72 det
301 1655 104 94 flet
461 1657 154 75 intet
677 1657 142 74 eller
863 1670 206 76 meget
1127 1659 148 74 lidet
1321 1678 108 72 op.
1531 1657 332 85 Kommer

141 1746 109 96 fra
278 1772 74 59 en
386 1763 212 68 anden
641 1752 189 83 Side
893 1754 183 94 stærk
1119 1753 243 94 Regn,
1394 1754 148 91 laa
1594 1760 264 78 trækker

134 1856 174 85 den,
356 1853 22 76 i
432 1859 102 71 det
582 1852 334 94 Furrenes
950 1852 226 98 Højde
1218 1877 62 54 er
1328 1856 230 92 buget,
1612 1858 130 92 stejl
1778 1878 84 72 og

138 1950 201 93 smal,
397 1955 118 75 alle
576 1952 219 84 Salte
853 1974 80 74 og
1002 1952 323 95 Vædffer
1381 1934 78 112 af
1520 1955 315 84 Glødnin-

133 2071 220 73 gerne,
411 2049 128 90 som
573 2072 98 56 ere
733 2059 170 86 lagte
951 2074 136 66 paa
1135 2065 72 66 de
1259 2051 290 87 saaledes
1607 2062 248 86 pløjede

137 2148 197 94 Agre,
392 2161 118 67 ned
543 2154 15 74 i
599 2160 71 68 de
699 2153 163 92 dybe
907 2150 479 82 Mellemsnitte.
1499 2155 211 82 Naar
1765 2166 87 70 da

130 2248 240 93 derhos
406 2247 336 83 Grunden
780 2255 256 89 hænger
1068 2263 212 68 endda
1320 2272 192 74 noget
1562 2269 122 68 ned
1732 2266 118 86 ad,

127 2370 82 72 og
266 2346 509 101 Furresnittene,
832 2351 129 90 som
1021 2371 208 76 meget
1318 2354 383 97 sædvanligt
1757 2376 96 76 er,

125 2452 206 92 følger
393 2459 160 70 dette
609 2448 278 97 Afheld,
945 2454 108 90 saa
1101 2457 182 76 rives
1325 2464 76 70 de
1459 2456 220 97 hurtig
1725 2466 124 72 ned

120 2570 136 74 paa
313 2557 75 70 de
458 2570 192 72 noget
719 2559 211 75 lavere
1001 2556 295 93 liggende
1363 2556 201 94 Agre.
1673 2555 149 101 Fur-

122 2652 252 82 snittene
408 2671 98 61 ere
540 2652 116 92 lige
678 2652 110 91 saa
812 2674 236 76 mange
1080 2648 766 107 Vandledinger,hvilke

116 2754 193 78 tiener
335 2757 176 75 alene
538 2756 69 74 til
631 2770 68 63 at
719 2763 294 73 udmatte
1036 2754 339 85 Grunden
1409 2782 82 73 og
1511 2777 70 64 at
1606 2763 233 81 berøve

117 2860 146 80 ben,
313 2849 294 99 Jorden,
643 2856 142 79 idet
823 2865 72 69 de
931 2856 260 95 betager
1231 2867 120 71 den
1371 2868 128 89 det,
1559 2857 134 96 som
1711 2876 124 70 den

117 2952 119 92 har
268 2952 185 91 mees
492 2958 204 95 nødig
730 2959 70 80 til
834 2974 74 66 at
936 2978 238 63 ernære
1211 2957 273 87 Sæden
1514 2985 162 60 man
1713 2964 125 100 har

120 3054 232 79 betroet
384 3063 144 70 den.

317 3251 318 101 Endelig,
681 3255 154 96 hvis
889 3278 162 60 man
1107 3263 204 92 pløjer
1359 3260 274 86 Sæden
1683 3272 152 90 ned,

110 3376 68 60 er
202 3374 160 60 man
391 3358 357 91 forbunden
781 3359 93 92 til,
931 3354 103 96 for
1064 3377 72 64 at
1169 3363 289 91 begynde
1491 3379 117 64 den
1639 3363 195 97 først«

108 3456 244 100 Furre,
406 3469 70 69 at
504 3462 178 96 giøre
732 3465 76 78 de
844 3470 230 71 tvende
1124 3457 192 105 første
1344 3464 336 100 Furresnit
1718 3466 114 92 saa

882 3556 77 88 E
1013 3586 50 64 4
1662 3569 171 99 høje,
