2799 4568
684 362 487 63 fsswKrswiP
1188 363 157 56 mm

1771 393 100 78 37

151 581 213 88 deele,
417 572 245 96 hvoraf
719 577 95 92 jeg
893 571 493 97 sammensætter
1435 578 295 88 Vandet
1783 587 79 84 tik

148 685 144 76 min
330 675 226 85 Sæds
592 677 368 93 Kalkning.
1064 674 146 100 Jeg
1258 679 120 96 har
1412 680 100 92 for
1564 700 90 64 tre
1704 687 150 80 Aar

146 783 172 88 siden
350 785 160 73 ladet
542 790 116 66 den
690 787 144 78 ude,
886 786 166 70 uden
1084 794 70 63 at
1186 783 168 74 mine
1388 779 210 99 Høste
1636 785 222 92 derfor

148 881 121 90 har
307 883 136 76 liidl
497 884 20 70 i
565 879 268 94 ringeste
886 875 265 84 Maade
1194 879 299 97 Skade,
1547 890 86 72 da
1681 889 174 78 mine

139 979 178 96 Agre
369 988 180 76 ellers
599 1000 98 59 ere
753 975 324 94 forsynede
1147 993 144 68 med
1335 973 136 106 ^lle
1525 986 330 95 tilbørlige

139 1081 505 99 Giøbffninger,
701 1077 227 100 hvilket
971 1100 65 58 er
1079 1097 191 80 noget
1309 1081 109 94 sær
1453 1082 343 99 væsentlig.

324 1279 142 87 Alle
522 1280 456 99 Vaffninger,
1028 1278 214 85 Luude
1282 1303 82 74 og
1424 1294 220 74 vaade
1678 1285 136 86 Sa-

123 1396 144 81 ger,
322 1385 309 96 hvormed
691 1403 162 60 man
923 1384 90 76 vil
1071 1383 170 90 rense
1296 1385 293 95 Kornet,
1679 1411 160 58 maa

125 1490 370 90 nødvendig
569 1504 166 59 være
803 1480 308 92 Udsæden
1157 1485 322 95 skadelige.
1581 1486 264 85 Kornet

123 1582 125 81 kan
283 1585 123 79 ikke
443 1592 187 74 lades
665 1587 19 78 i
715 1599 187 80 noget
935 1582 251 98 Slags
1223 1585 259 95 Vand,
1538 1605 71 76 at
1641 1598 105 71 der
1777 1593 63 90 jo

124 1682 232 93 herved
402 1686 198 92 ffulde
660 1687 150 76 tabe
866 1693 122 69 den
1046 1692 164 86 gode
1256 1684 351 98 Egenskab
1706 1687 134 90 som

120 1788 106 73 der
296 1783 204 81 kunde
568 1786 166 94 have
766 1787 70 76 til
900 1804 78 56 en
1012 1784 208 95 hastig
1273 1782 237 98 Værk
1616 1786 232 85 Ellers

120 1882 203 81 bliver
371 1882 198 98 ogsaa
604 1884 279 93 saadant
919 1884 208 94 vaffet
1163 1905 80 72 og
1292 1886 301 80 indblødt
1638 1888 203 81 Korn

117 1985 216 94 aldrig
365 1986 224 94 ganffe
623 1981 222 94 befrier
877 1981 106 99 fra
1017 1992 76 72 de
1125 1984 466 98 Sygdomme,
1647 1990 166 95 hvor-

111 2102 111 61 om
251 2089 99 88 jeg
389 2086 123 96 har
563 2089 173 80 taler.

306 2277 334 103 Adskillige
698 2279 168 104 Folk
906 2280 146 82 ville
1100 2291 170 74 uden
1328 2283 208 94 Tvivl
1604 2288 230 99 spørge

102 2383 175 96 mig,
336 2385 337 90 hvorledes
738 2395 101 66 ver
893 2388 88 82 da
1054 2404 203 74 gaaer
1334 2395 99 77 til,
1488 2408 71 60 ar
1624 2402 205 71 denne

103 2483 138 80 min
293 2483 272 83 Maade
619 2501 74 64 ar
741 2483 174 80 kalke
973 2484 268 83 Kornet
1295 2485 400 101 forhindrer,
1749 2507 78 64 at

99 2588 103 77 det
265 2583 121 82 ikke
437 2585 317 97 angribes
805 2583 79 90 af
913 2582 142 82 kold
1103 2586 305 98 Brand,
1468 2589 318 99 Forvand-

95 2680 159 87 nelse
284 2703 81 76 og
812 2683 148 98 Jeg
994 2684 126 80 kan
1154 2689 130 80 blot
1300 2701 120 67 ved
1448 2714 73 55 en
1544 2691 278 96 Lignelse

98 2782 178 93 svare
318 2793 166 73 dem.
588 2784 164 87 Det
802 2807 64 60 er
914 2786 142 92 vist,
1114 2807 180 62 aren
1346 2789 280 99 Amme,
1678 2793 136 92 som

94 2887 173 92 giver
302 2901 55 64 et
390 2886 217 86 Barn
632 2886 181 93 Die,
874 2894 343 81 meddeeler
1260 2893 239 90 samme
1536 2906 75 66 de
1650 2903 163 86 gode

95 2987 136 76 eller
265 2993 160 75 onde
457 2986 430 99 Egenskaber,
941 2986 132 94 firm
1105 2988 136 95 hun
1289 2991 174 94 fører
1511 3002 142 73 med
1693 2997 120 92 sig.

95 3080 100 85 Er
227 3083 128 92 hun
419 3088 183 94 sund,
659 3113 83 72 og
805 3098 204 88 nyder
1063 3090 186 81 ikkun
1313 3110 159 81 gode
1525 3092 279 99 Spiser,

92 3180 112 95 faa
236 3185 192 81 bliver
458 3190 238 94 hendes
734 3187 388 102 Pattebarn
1160 3195 190 92 ingen
1380 3194 86 92 af
1496 3206 70 68 de
1600 3196 218 93 Syg»

88 3288 260 73 domme
406 3290 444 95 underkastet,
910 3290 130 94 som
1098 3299 302 86 anfalder
1442 3306 82 72 de
1560 3294 248 91 Børn,

82 3388 113 77 der
238 3383 287 99 indsuger
566 3412 73 59 en
674 3399 119 76 ved
832 3413 71 59 en
938 3412 81 76 og
1054 3403 213 72 anden
1306 3393 213 101 Syge
1560 3396 215 94 forder-

81 3497 102 68 vet
215 3483 210 86 Melk.
533 3488 318 101 Ligeledes
889 3514 64 60 er
987 3504 106 70 det
1125 3494 466 103 beffaffet.med
1624 3493 185 108 Idee-

585 3603 3 7 «
835 3589 99 91 D
987 3618 53 72 4
1655 3607 148 70 den.
