2897 4684
1010 519 102 75 90

1006 711 373 94 Grønsvær
1404 733 85 77 og
1524 712 311 94 adskilligt
1858 708 191 92 Møg
2076 704 297 89 derpaa;
2426 701 85 79 og
2544 678 147 93 efter-

1007 831 73 64 år
1105 816 101 93 jeg
1241 821 105 74 lod
1379 816 167 97 pløje
1571 825 145 66 dem
1750 809 260 100 ligesom
2045 808 21 77 i
2102 800 204 102 Beed
2349 796 21 76 i
2411 785 313 100 Hauger,

1008 915 203 92 hvilke
1282 918 249 88 helvede
1572 919 233 76 immer
1865 922 194 80 noget
2110 910 123 72 ned
2284 908 131 79 av,
2466 889 121 95 har
2626 886 100 102 jeg

1003 1021 237 73 derved
1272 1019 292 90 anbragt
1590 1019 186 90 nogle
1813 1002 607 93 Vandledninger.
2521 987 201 99 Disse

1007 1115 252 94 Slags
1305 1116 292 82 Grunde
1650 1133 97 78 ere
1795 1114 126 79 ikke
1963 1104 456 89 underkastede
2466 1087 252 91 Vandk-

1000 1214 216 92 psUtser
1272 1238 141 72 paa
1464 1223 217 74 anden
1742 1213 175 89 Tid,
1986 1217 123 70 end
2180 1222 108 58 om
2344 1196 383 98 Vinteren;

1001 1338 153 56 men
1181 1335 161 61 man
1377 1317 123 92 skal
1527 1316 165 81 altid
1723 1313 151 96 faae
1897 1321 149 72 dem
2077 1305 149 80 bort
2267 1306 123 75 ved
2429 1309 75 66 de
2529 1304 199 78 Um«»

1006 1435 117 74 ger
1160 1437 83 76 og
1278 1416 289 93 Midler,
1622 1414 99 95 jeg
1762 1410 327 97 allerførst
2124 1407 123 97 har
2284 1399 267 97 auviist.

1289 1763 542 155 Ottende
1913 1751 530 190 Lapitek.

1372 1969 175 95 Om
1582 1957 775 113 Kiøkkenhaugerne.

1002 2123 321 187 Man
1346 2152 201 81 bilder
1602 2149 95 89 sig
1745 2142 350 97 gemeenlig
2128 2141 157 88 ind,
2341 2154 110 75 at,
2504 2140 103 90 for
2652 2150 69 66 at

1260 2254 182 94 giøre
1459 2245 631 95 Kiøkkenhaugerne
2133 2239 369 94 frugtbare,
2564 2256 160 63 man

997 2374 161 61 man
1187 2357 146 90 give
1363 2363 147 71 dem
1537 2361 208 81 meget
1779 2347 236 83 Vand
2055 2361 81 74 og
2173 2362 76 54 en
2285 2343 126 89 stor
2449 2337 247 91 Mæng-

996 2466 75 69 de
1106 2456 409 94 Glødning;
1568 2470 151 62 men
1754 2457 103 74 det
1888 2463 65 58 er
2004 2462 75 59 en
2118 2437 451 93 Vildfarelse:
2622 2437 99 91 thi

995 2556 597 96 Haugegrundene
1649 2569 99 61 ere
1779 2548 229 93 næsten
2057 2545 117 92 lige
2229 2538 113 91 saa
2403 2534 313 99 beskafne,

1004 2656 137 89 som
1178 2656 455 99 Jordarterne
1694 2647 81 94 af
1812 2656 75 70 de
1934 2647 69 78 til
2046 2644 251 87 Avling
2346 2642 373 91 begvemme

995 2756 215 94 Agre,
1259 2767 103 71 det
1425 2779 109 67 er,
1591 2763 75 69 de
1713 2772 97 59 ere
1891 2756 201 87 gode,
2143 2742 573 91 middelmaadige,

995 2863 144 73 eller
1200 2861 273 92 stemme.
1582 2855 181 83 Den
1822 2850 315 78 indbildte
2196 2842 273 81 Maade
2524 2840 81 89 af
2644 2859 75 57 en

992 2959 409 92 tilstrækkelig
1432 2956 423 96 Giødskiung
1881 2950 287 78 kommer
2194 2942 207 95 Ogsaa
2424 2939 126 93 ofte
2579 2950 107 69 der-

987 3055 113 96 af,
1153 3077 73 60 at
1285 3080 161 59 man
1493 3058 125 92 har
1669 3063 158 72 ondt
1879 3050 102 95 for
2033 3063 70 62 at
2165 3046 212 78 kunne
2423 3047 292 86 udvælge

984 3168 105 73 det
1142 3160 257 92 Slags
1448 3159 217 97 Jord,
1724 3157 135 88 som
1904 3172 163 57 man
2132 3147 151 97 helst
2344 3148 167 76 vilde
2554 3142 161 92 have

983 3263 73 76 til
1104 3278 69 72 at
1215 3266 295 87 anlægge
1547 3279 75 58 en
1653 3251 515 93 K-okkenhauge
2201 3267 167 77 paa,
2415 3254 91 69 da
2555 3263 159 58 man

982 3379 79 74 ers
1092 3374 161 66 nødt
1290 3362 73 78 til
1398 3377 71 62 ak
1502 3376 149 79 tage
1692 3370 145 72 den,
1890 3352 133 91 som
2064 3369 63 60 er
2162 3356 125 72 den
2320 3347 369 94 begvemme-

979 3466 129 87 ste,
1181 3483 81 72 og
1325 3464 207 90 ligger
1597 3452 635 104 Hovedbygningen
2293 3453 145 74 eller
2485 3441 231 99 Huset,

1001 3584 162 63 man
1213 3567 94 81 vil
1382 3562 233 99 beboe,
1675 3557 330 98 nærmest,
2062 3552 133 95 som
2254 3548 275 86 mærkes
2596 3557 117 66 ved

2449 3649 271 87 Slottet
