2993 4654
1805 379 108 70 21

71 599 64 96 ja
171 599 102 76 vel
311 611 234 78 meere,
601 593 94 80 vil
735 591 100 96 jeg
873 591 174 80 kuns
1093 589 272 96 beregne
1413 583 290 92 Tønden
1745 587 74 78 til
1859 599 54 76 4

69 713 232 96 Mark,
363 709 134 92 som
531 713 124 76 den
685 709 208 80 kunde
931 729 80 72 og
1039 707 204 78 burde
1275 703 222 96 sælges
1531 699 144 98 for,
1743 721 172 60 naar

69 831 294 98 Frugten
389 847 124 60 var
545 845 204 60 meere
781 825 412 92 almindelig;
1235 817 108 96 saa
1375 817 200 82 bliver
1591 815 292 98 Indtæg-

67 963 100 64 ten
207 939 78 98 af
301 939 420 96 forbemeldte
751 937 192 100 Jord
1101 965 28 40 -
1298 949 94 81 53
1431 931 206 86 Rdlr.
1675 949 42 50 r
1753 927 156 84 Mk.

181 1137 126 100 Og
337 1137 200 94 altsaa
553 1133 600 96 Omkostningerne
1181 1131 384 100 ftadragne,
1599 1125 286 101 masse-

61 1258 167 99 visns

1767 1125 116 88 Ge-

61 1259 164 98 vinst
271 1255 224 96 Nogle
535 1273 78 76 og
661 1247 288 92 Tredive
993 1249 382 102 Rigsdaler
1413 1245 80 102 af
1513 1269 114 68 een
1663 1243 246 94 Tønde

59 1375 194 84 Land.

201 1563 752 116 Sammenligning
1011 1569 176 92 med
1251 1555 508 112 Korn-Avl.

177 1741 150 88 Vil
369 1763 158 62 man
583 1745 168 96 ligne
803 1745 402 86 Korn-Avl
1261 1749 324 104 herimod,
1639 1749 130 94 sees
1827 1769 80 64 en

59 1859 308 96 kiendelig
395 1859 298 100 Forskiel.
813 1859 102 98 Af
937 1869 84 74 let
1051 1885 80 76 og
1161 1871 110 76 løs
1301 1865 226 100 Jord,
1555 1867 136 94 som
1723 1863 156 84 Kar-

59 1981 182 94 tofler
275 1975 126 80 kan
441 1971 148 98 faae
617 1981 132 90 god
781 1975 380 102 Fremgang
1191 1985 144 96 udi,
1393 2003 194 60 maae
1615 2001 158 62 man
1791 2003 88 58 an-

57 2091 84 94 ste
193 2095 108 76 det
357 2089 136 94 som
527 2113 74 58 en
629 2089 112 94 sær
769 2093 230 98 Lykke,
1057 2111 72 64 at
1191 2103 148 76 avle
1375 2115 38 78 5
1451 2103 150 76 eller
1637 2093 48 76 6
1707 2095 198 100 Fold.

59 2207 134 98 Jeg
223 2207 94 78 vil
343 2227 194 74 regne
563 2205 292 100 Rugen,
919 2207 136 94 som
1107 2215 110 78 det
1247 2209 382 102 kostbareste
1659 2211 244 100 Korn,

63 2345 72 74 og
179 2317 234 96 anføre
465 2327 126 74 den
623 2319 154 96 efter
803 2343 92 58 nu
933 2331 298 76 værende
1267 2327 144 98 høje
1431 2327 228 102 Priis.
1717 2325 186 88 Saa

57 2439 130 80 blev
217 2435 398 98 Indtægten
649 2433 106 100 for
787 2439 44 68 6
873 2435 280 92 Tønder
1175 2439 172 102 Rug
1377 2441 80 100 af
1477 2443 428 96 forbemeldte

61 2551 168 98 Ager
263 2569 106 78 14
399 2549 250 104 Rdlr.,
711 2553 236 100 hvilket
989 2557 332 96 endffiønt
1353 2563 194 94 ingen
1581 2559 290 100 Omkost-

61 2669 142 96 ning
247 2667 248 98 herpaa
541 2689 68 62 er
645 2665 390 104 fradraget,
1117 2693 68 60 er
1235 2691 290 64 omirenr
1571 2697 80 58 en
1695 2679 208 80 tredie

57 2783 176 86 Deel
261 2787 280 96 mindre,
603 2791 126 74 end
759 2783 400 98 Indtægten
1199 2787 80 96 af
1293 2791 366 100 Kartofler.
1771 2789 130 100 Og

59 2905 114 92 dog
205 2919 66 62 er
301 2899 252 96 Rugen
583 2901 114 98 her
729 2901 302 98 beregnet
1061 2901 106 96 for
1203 2905 166 100 højt,
1401 2907 94 100 thi
1527 2905 158 96 efter
1713 2909 152 96 sids-

53 3011 459 101 afvigtesAars
323 3013 190 86 Aars
543 3015 244 86 Grøde
829 3039 128 60 var
1007 3023 110 78 det
1155 3025 164 92 godt
1371 3039 72 66 ar
1493 3023 264 98 erholde
1793 3027 112 76 det

62 3132 139 109 3die
233 3131 200 82 Korn
479 3129 78 94 af
585 3131 272 98 Rugen.
985 3133 210 100 Langt
1215 3139 258 82 mindre
1513 3139 126 80 kan
1671 3143 76 76 de
1783 3159 88 74 aH-

55 3253 106 76 dre
215 3245 532 88 Korn-Sorter
799 3271 258 76 opnaae
1105 3253 400 102 Kartoflers
1557 3253 344 100 Indtægt.

53 3361 346 88 Desuden
427 3361 124 84 kan
569 3363 344 106 Kartofler
935 3373 148 76 med
1117 3367 284 104 Fordeel
1433 3373 308 98 plantesi
1772 3374 130 90 den

51 3477 208 104 Jord,
317 3477 134 98 som
481 3487 92 78 alt
607 3481 122 106 har
761 3483 230 82 baarer
1021 3483 202 108 Rug,
1267 3509 82 78 og
1381 3487 52 98 ej
1471 3507 68 66 er
1569 3487 222 94 tienlig
1825 3505 46 60 u-

819 3595 98 94 B
993 3617 38 78 1
1771 3605 130 80 den
