2799 4568
128 632 84 77 og
245 611 647 99 Kiokkenhaugerne,
923 614 215 92 saavel
1173 617 129 86 som
1337 618 516 108 Viinbiergene,

129 725 214 67 endda
413 721 180 85 langt
648 713 223 91 bedre,
925 729 120 66 end
1113 725 120 72 alle
1285 720 434 101 Glødninger
1783 729 81 99 af

128 814 472 95 Mødmgerne.
707 812 153 99 Hin
886 816 122 94 stal
1038 821 216 90 aldrig
1286 820 356 90 forbrænde
1666 847 188 65 enten

133 914 370 97 Planterne
533 918 140 75 eller
699 914 397 98 Frugterne,
1151 918 130 91 som
1311 934 74 65 de
1413 923 176 96 froste
1621 938 234 73 under«

130 1018 170 74 tiden
336 1019 162 89 gior.
608 1015 262 92 Sagen
892 1017 297 95 besaaer
1222 1021 152 95 heri-
1482 1026 188 81 Man
1700 1033 150 91 giør

131 1130 58 61 et
227 1113 196 85 Beed
457 1112 79 92 af
559 1127 128 80 god
721 1112 233 99 Jord,
1011 1115 81 97 af
1129 1118 112 97 fire
1283 1128 142 72 eller
1469 1122 128 94 fem
1637 1127 184 91 Tom-

126 1234 132 59 mer
288 1216 20 76 i
344 1213 363 93 Tykkelsen,
764 1235 81 74 og
888 1236 282 61 omtrent
1208 1237 66 61 to
1306 1222 230 97 Favne
1576 1229 20 76 i
1626 1227 189 100 Læng-

121 1320 124 73 den
283 1334 79 74 og
395 1311 343 97 Breeden,
795 1337 170 60 meer
997 1323 142 73 eller
1169 1323 295 83 mindre;
1519 1345 162 60 oven
1707 1350 139 75 paa

122 1420 162 72 dette
352 1415 148 92 giør
570 1434 162 60 man
798 1419 172 92 iglen
1026 1437 56 61 et
1154 1416 200 87 Beed
1402 1421 79 95 af
1524 1427 319 100 adskillige

123 1510 252 100 Slags
421 1513 223 96 Møg,
699 1514 280 95 ongefær
1015 1535 92 62 tre
1165 1527 141 73 eller
1357 1523 113 96 fire
1521 1524 323 89 Tommer

128 1612 164 90 højt.
398 1611 360 83 Saaledes
794 1620 202 75 bliver
1038 1637 160 59 man
1226 1630 157 87 ved,
1442 1625 189 78 indtil
1688 1630 123 95 Ho-

127 1710 122 79 ben
285 1712 197 80 bliver
529 1712 112 93 fire
675 1720 141 73 eller
855 1713 123 95 fem
1013 1715 145 99 Fod
1195 1719 145 94 høj;
1397 1722 269 93 derefter
1703 1727 139 94 øser

126 1830 165 59 man
322 1832 137 74 paa
502 1818 204 72 denne
736 1812 189 97 Jord
962 1837 81 72 og
1084 1828 159 67 dette
1274 1820 185 98 Møg
1498 1820 233 87 Vand
1766 1825 83 99 af

125 1910 281 97 Pytter,
467 1916 141 72 eller
669 1926 195 66 andet
909 1912 131 90 som
1089 1938 63 58 er
1199 1933 179 79 taget
1431 1918 77 94 af
1541 1920 299 101 Stalde,

124 2010 165 92 hvor
334 2020 101 69 det
470 2007 307 95 forfuler,
836 2034 79 74 og
942 2022 105 73 det
1080 2014 107 90 saa
1224 2023 221 90 længe,
1502 2012 202 90 indtil'
1730 2032 105 75 det

123 2107 387 92 altsammen
563 2116 241 86 udgiør
863 2116 125 75 kun
1051 2133 109 58 een
1213 2115 261 96 Masse,
1535 2140 81 73 og
1669 2142 163 63 man

118 2207 253 94 ligesom
404 2209 125 77 kan
558 2207 197 92 skiære
792 2217 99 71 det
936 2212 323 91 igiennem
1310 2227 143 68 med
1496 2216 331 97 Spaden.

110 2305 336 97 Naar-da
361 2316 85 69 da
483 2316 197 68 denne
719 2308 363 96 Glødning
1133 2316 239 92 lægges
1421 2319 17 74 i
1487 2338 75 57 en
1607 2320 192 82 Kier-

108 2405 337 96 kellbauge
518 2408 267 77 elleriet
840 2405 419 100 Viinbierg,
1316 2414 287 91 ffalden
1656 2427 167 78 altid

113 2508 181 92 giøre
325 2526 199 61 meere
569 2503 381 99 Virkning,
1011 2522 119 65 end
1167 2519 85 72 all
1285 2514 189 96 Møg
1509 2515 79 94 af
1611 2517 215 90 Bøn«

104 2614 465 87 bergaardene,
626 2626 77 74 og
742 2616 163 72 dens
942 2608 241 101 Fedme
1238 2631 155 64 vare
1432 2623 287 90 længere.

440 2882 459 154 Niende
984 2895 519 180 Lapitcl.

104 3052 175 99 Om
304 3056 93 89 de
436 3053 646 115 Forsigtigheder,
1153 3081 202 76 man
1394 3063 143 97 bør
1571 3069 245 118 bruge

90 3186 15 78 ;
266 3164 97 96 til
404 3177 87 83 at
528 3164 212 113 sætte
782 3171 323 93 Sæden
1142 3178 29 87 i
1210 3177 445 114 Sikkerhed

741 3282 33 91 i
807 3281 369 101 Laderne.

912 3628 81 103 H
1646 3644 177 87 Sæ-
