2849 4649
504 650 412 159 Tredie
1016 659 520 172 Lapitel.

357 940 182 94 Om
597 936 406 113 Pløjning
1043 957 98 94 og
1201 938 486 118 Saaening.

177 1102 335 189 Denne
544 1118 186 86 Deel
798 1115 80 98 af
906 1117 424 102 Jordbrug«
1372 1144 160 60 maa
1562 1144 168 63 være
1768 1127 114 90 saa

414 1218 348 99 væsemlig,
818 1229 134 84 som
980 1233 120 68 den
1126 1223 120 87 vil,
1302 1222 108 92 saa
1444 1232 236 88 lægger
1716 1249 168 60 man

174 1323 90 95 sig
316 1332 124 84 dog
486 1328 20 72 i
552 1332 74 68 de
672 1324 196 95 fleeste
918 1322 394 101 Prvvintser
1370 1322 82 98 af
1478 1326 218 94 Riget
1752 1329 132 82 ikke

174 1423 192 95 flittig
400 1444 80 72 og
526 1424 408 95 omhyggelig
978 1425 120 78 nok
1138 1420 284 98 derefter.
1532 1426 194 82 Man
1768 1427 96 98 sol-

170 1541 109 75 ger
312 1528 131 72 deri
474 1524 213 92 gierne
734 1535 119 66 den
888 1531 213 88 gamle
1136 1523 415 99 Slendrian,
1608 1534 169 75 uden
1816 1545 75 66 at

169 1620 384 98 undersøge,
605 1644 108 61 om
761 1633 102 70 det
923 1629 218 92 giøres
1207 1626 324 92 saaledes,
1585 1626 134 90 som
1783 1637 108 74 det

179 1723 130 77 kan
377 1742 166 58 være
617 1724 292 95 beqvemt
975 1723 104 94 for
1151 1735 76 71 de
1289 1724 214 84 Lande
1563 1748 162 61 man
1779 1731 110 80 M

179 1822 216 94 dyrke,
449 1826 140 74 eller
621 1822 142 81 ikke.
867 1821 396 98 Imidlertid
1295 1844 66 60 er
1399 1834 110 72 der
1539 1832 130 90 bog
1701 1829 188 80 ikkun

185 1942 122 56 een
379 1922 270 80 Maave
727 1937 70 66 at
847 1919 248 96 forfare
1165 1943 134 75 paa
1369 1928 20 74 i
1453 1928 120 76 alle
1641 1926 250 97 franske

175 2013 237 99 Lande,
465 2038 69 62 at
567 2028 117 72 alle
725 2025 271 90 muelige
1025 2021 299 100 Fordeele
1373 2024 123 78 kan
1549 2026 343 95 indhentes

172 2118 210 96 deraf.
484 2120 146 96 Jeg
662 2122 122 95 har
812 2125 464 90 igiennemrejst
1302 2126 228 90 næsten
1558 2130 120 73 alle
1704 2125 186 102 Pro«

172 2222 234 82 vimser
462 2220 76 90 af
592 2226 116 74 mit
760 2219 504 98 Fædreneland,
1320 2242 120 72 og,
1494 2218 230 98 efterår
1786 2225 106 98 jeg

172 2318 256 90 noksom
506 2322 212 92 havde
788 2319 346 96 undersøgt
1206 2320 288 92 sammes
1568 2325 320 98 adskillige

166 2421 328 93 Grunde,
552 2418 340 97 befundet,
951 2438 69 60 at
1090 2441 238 73 mange
1384 2418 78 98 af
1508 2432 148 72 dem
1726 2445 162 62 vare

170 2525 331 91 hinanden
556 2526 117 84 lige
728 2519 77 92 af
860 2531 187 70 deres
1104 2517 283 97 Narur,
1444 2542 79 76 og
1572 2542 71 58 ar
1694 2533 191 74 deres

167 2621 392 101 Jordmons
591 2619 476 98 Beskaffenhed
1119 2641 126 61 var
1289 2632 174 68 eens.
1567 2622 144 97 Jeg
1759 2625 126 96 har

169 2720 194 96 deraf
383 2724 232 96 flutter,
671 2739 70 62 ar
767 2741 162 60 man
959 2721 202 78 kunde
1187 2724 170 92 pløje
1385 2732 142 70 dem
1559 2728 330 91 allevegne

163 2846 136 74 paa
345 2824 258 96 ligedan
638 2821 309 82 Maader
1033 2819 396 100 Imidlertid
1473 2822 120 92 seer
1635 2829 68 74 vi
1753 2835 134 80 det,

155 2927 132 94 som
319 2944 64 62 er
423 2924 268 92 gandske
745 2921 370 84 tvertimod.
1217 2920 70 100 I
1321 2932 102 72 det
1473 2922 130 84 Ga
1623 2925 270 96 kinesiske

165 3027 51 97 s.
249 3024 121 96 Ex.
403 3028 179 76 laber
617 3022 453 98 Forpagterne
1105 3024 171 92 pløje
1311 3028 119 76 alle
1465 3032 185 74 deres
1678 3022 184 84 Mar-

167 3124 102 87 ker
168 3131 102 79 ker
290 3126 376 98 Furreviis,
716 3145 82 72 og
822 3125 226 92 bringe
1082 3121 270 84 Sæden
1384 3132 208 74 under
1610 3122 278 101 Jorden

162 3238 148 72 med
346 3226 286 98 Ploven.
740 3225 314 84 Samme
1098 3223 192 83 Skik
1344 3220 208 102 følger
1594 3244 164 60 man
1804 3247 86 74 og

170 3329 26 80 i
228 3350 76 58 en
334 3328 126 92 stor
496 3324 188 100 Part
720 3323 80 96 af
828 3325 242 82 Lander
1102 3325 216 81 Brie.
1424 3322 68 102 I
1520 3324 146 96 visse
1696 3321 196 98 Egne

174 3426 460 100 afFrankrige
660 3425 204 96 pløjer
898 3445 160 62 man
1080 3423 356 86 Beedviis.
1540 3424 68 98 I
1646 3424 246 103 Picar«

166 3532 171 94 diet,
385 3548 88 80 og
522 3528 25 82 i
605 3546 78 64 en
739 3539 212 74 anden
1018 3525 187 87 Deel
1275 3524 82 102 af
1390 3526 261 104 Rigel,
1702 3521 195 98 risper

939 3621 70 94 E
1059 3649 46 56 2
1731 3641 164 66 man
