3095 4611
1228 582 130 74 den
1398 577 74 80 til
1522 573 536 105 Havre--Sæd,
2120 602 100 61 ere
2276 583 50 94 ej
2374 581 190 101 heller
2608 587 304 101 Misvext
2960 598 92 92 faa

1228 709 213 80 meget
1470 696 483 101 underkastede,
1984 694 137 100 som
2140 696 283 88 Kornet.

1357 889 165 92 Det
1555 914 67 60 er
1653 916 77 58 en
1757 895 367 98 ubetydelig
2143 896 481 103 Indvending,
2675 921 67 62 at
2777 925 145 61 man
2953 915 73 78 mi-

1230 1012 126 96 ster
1388 1009 372 100 Foeringen
1794 1009 78 94 af
1896 1017 122 75 den
2050 1012 204 99 Ager,
2282 1013 136 94 som
2446 1027 340 72 anvendes
2814 1022 214 85 tl!Kar-

1230 1128 215 97 tofler.
1562 1122 143 98 Jeg
1738 1131 159 76 veed
1934 1132 127 92 vel,
2088 1146 67 60 ar
2188 1151 155 60 man
2378 1153 133 75 paa
2542 1136 317 94 adskilige
2884 1138 147 84 Sta-

1229 1244 124 77 der
1397 1241 20 78 i
1452 1234 377 111 Tydskland
1887 1241 238 97 bruger
2161 1246 274 82 Urterne
2483 1256 150 75 eller
2673 1251 384 99 Stenglerne

1232 1350 84 96 af
1341 1358 207 79 denne
1579 1354 219 98 Frugt
1825 1359 73 78 til
1931 1355 225 101 Foder
2183 1357 101 94 for
2315 1359 379 88 Kreaturet.
2777 1367 175 83 Men
2987 1376 67 77 da

1232 1488 164 63 man
1426 1467 122 98 har
1576 1473 286 95 grundig
1900 1469 254 99 Aarsag
2192 1477 72 76 til
2292 1493 68 58 at
2394 1492 162 82 troe,
2622 1497 70 64 at
2728 1487 104 75 det
2860 1504 66 58 er
2956 1484 76 96 sta-

1233 1585 204 96 deligt
1463 1579 110 100 for
1589 1584 300 104 Frugten
1927 1606 70 60 at
2025 1584 274 98 afffiære
2315 1587 434 104 Stenglerne,
2771 1602 282 97 allerhelst

1231 1718 120 65 om
1383 1703 106 78 det
1519 1699 210 97 sseede
1757 1698 236 97 førend
2031 1708 76 74 de
2141 1704 204 97 haver
2373 1704 427 102 afblomstret,
2827 1734 73 72 og
2917 1714 111 98 For-

1238 1816 236 95 ringen
1504 1812 198 96 deraf
1716 1814 236 85 ikkuns
1982 1820 172 78 vilde
2172 1839 174 60 være
2372 1825 366 96 maadelig;
2796 1823 298 101 Saasnl
2980 1833 72 78 vil
3090 1867 6 12 ^

1230 1928 111 99 jeg
1368 1931 51 92 ej
1450 1925 145 102 føre
1618 1930 133 104 mig
1776 1937 169 82 dette
1978 1936 73 80 til
2080 1934 215 101 Nytte
2326 1937 181 85 imod
2536 1942 201 80 denne
2770 1941 326 99 Jndvm-'

1229 2046 188 101 ding.

1366 2213 424 99 Stenglerne
1830 2217 184 94 giver
2052 2222 130 91 dog
2206 2237 214 72 nogen
2450 2212 396 104 Gjødning,
2906 2238 144 63 mar

1236 2336 85 76 de
1352 2331 347 100 henlegges
1734 2352 135 77 paa
1908 2347 59 65 et
2000 2332 225 99 Sted,
2278 2351 68 60 at
2378 2332 381 101 forraadne,
2802 2358 75 72 og
2904 2336 122 80 kom-

1237 2466 146 65 mer
1409 2447 206 94 altsaa
1649 2453 244 77 derved
1925 2449 72 83 til
2035 2448 238 96 Nytte.
2369 2447 354 104 Dernæst,
2757 2451 162 99 hvad
2939 2450 110 92 som

1241 2560 279 103 afgaaer
1549 2566 19 78 i
1603 2564 419 100 Foeringen,
2091 2568 299 93 erstattes
2437 2568 301 97 rigeligen
2791 2574 115 76 ved
2945 2572 101 74 dm

1236 2682 484 101 overflødigere
1752 2682 244 101 Frugt,
2064 2700 80 78 og
2180 2687 166 74 dens
2380 2680 454 100 fordeelagtige
2864 2680 180 99 Brug

1238 2796 77 82 ril
1356 2797 195 98 Føde
1596 2792 107 98 for
1744 2794 371 85 Kreaturet
2150 2814 131 81 paa
2324 2806 203 74 andre
2570 2796 317 100 Maader,
2940 2796 107 94 som

1237 2914 184 98 siden
1453 2913 126 96 stal
1603 2916 278 79 meldes.
1971 2914 126 96 Og
2125 2915 324 94 endeligen
2481 2936 190 59 mane
2701 2915 176 98 hertil
2901 2910 144 98 føjes

1236 3034 130 76 den
1403 3027 305 104 Fordeel,
1771 3029 135 94 som
1933 3029 277 101 Jorden
2255 3029 205 96 haver
2498 3026 80 100 af
2608 3037 204 76 denne
2845 3030 201 100 Frugt.

1234 3142 153 100 Jeg
1408 3149 160 79 veed
1594 3142 454 100 tilforladelige
2078 3144 370 99 Exempler,
2508 3164 72 63 at
2612 3171 74 56 en
2708 3145 192 99 Ager,
2936 3142 108 94 som

1243 3256 158 96 efter
1431 3261 96 98 sin
1553 3258 396 98 Jord-Avl
1977 3284 80 72 og
2091 3258 254 84 Aarets
2361 3259 478 102 Beskaffenhed
2873 3278 174 76 neppe

1237 3376 221 98 havde
1483 3375 175 96 givet
1691 3380 107 77 det
1833 3381 135 88 4de
2005 3384 147 72 eller
2187 3395 37 80 5
2241 3393 57 66 te
2327 3375 243 101 Korn,
2639 3379 119 100 har
2779 3378 271 82 derimod

1226 3496 186 80 Aden
1440 3489 370 107 Gjødning
1834 3493 234 86 baaret
2114 3510 86 63 ti
2250 3497 72 86 kil
2364 3513 32 59 r
2422 3516 36 52 r
2504 3496 214 104 Fold,
2780 3495 130 87 blot
2936 3498 92 76 der-

2940 3611 109 82 ved
