3090 4654
1217 385 117 88 26

1832 589 154 98 Til
2052 586 390 111 Stivelse.

1339 766 104 100 Af
1463 768 348 99 Kartofler
1841 765 124 80 kan
1999 786 82 76 og
2113 764 348 82 tilberedes
2491 763 232 96 ligesaa
2749 770 152 94 god,
2939 789 90 62 om

1211 889 54 94 ej
1295 889 192 81 bedre
1503 881 330 98 Stivelse,
1871 887 122 74 end
2025 880 80 96 af
2125 886 124 74 den
2277 882 208 95 bedste
2515 881 296 98 Hveede.
2871 882 132 84 Om-

1203 1026 259 79 gangen
1499 1005 263 76 dermed
1801 1019 65 58 er
1897 998 267 93 hverken
2197 998 251 97 kunstig
2491 1005 153 76 eller
2671 996 351 103 vidtløftig,

1208 1145 80 74 og
1318 1123 126 76 kan
1484 1116 294 84 Arbeids
1804 1147 24 36 -
1846 1113 266 84 Lønnen
2148 1130 306 65 omtrænt
2488 1119 316 103 beregnes
2834 1116 70 82 til
2934 1137 90 59 een

1202 1236 216 85 Mark
1444 1254 132 76 paa
1618 1232 160 98 hver
1804 1227 300 98 Lispund
2134 1226 324 97 Stivelse.

1225 1521 4 6 .
1329 1447 428 97 Kartoflerne
1785 1451 146 70 toes
1961 1458 224 76 reene,
2247 1460 80 74 og
2371 1441 178 78 rives
2593 1462 134 75 paa
2777 1460 58 64 et
2881 1448 142 90 stort

1195 1564 330 92 Rivejern
1557 1578 156 62 over
1745 1579 76 58 en
1851 1555 230 86 Botte
2117 1560 146 74 eller
2289 1552 238 85 Ballie
2557 1558 266 96 gandffe
2865 1560 158 94 fiine.

1197 1681 191 82 Man
1423 1678 219 94 helder
1667 1674 235 83 Vand
1932 1693 136 74 paa
2093 1674 109 76 det
2236 1668 292 98 afrevne,
2558 1693 186 59 rører
2779 1674 105 80 det
2904 1698 114 73 om,

1200 1819 84 74 og
1322 1800 180 75 lader
1546 1798 106 72 det
1682 1781 175 102 saae
1904 1803 58 64 et
1996 1808 124 74 par
2148 1784 268 90 Timers
2450 1777 152 96 Tid.
2732 1786 282 100 Derpaa

1194 1915 290 78 kommer
1514 1928 160 58 man
1722 1909 108 74 det
1864 1903 20 78 i
1916 1925 78 58 en
2024 1900 454 102 Haar-Sie,
2540 1903 216 100 helder
2804 1902 206 86 Vand

1194 2035 278 89 der-paa,
1537 2044 82 74 og
1653 2041 188 61 rører
1871 2010 414 107 besandigen
2315 2019 250 80 derudi.
2635 2015 174 85 Saa
2833 2042 178 74 ganer

1189 2140 358 94 Stivelsen
1583 2146 146 72 eller
1759 2137 282 94 det,fiine
2069 2134 188 84 Meel
2287 2133 320 98 igiennem
2639 2140 146 78 med
2821 2134 162 86 Van-

1187 2271 137 88 det,
1395 2278 81 80 og
1505 2262 103 74 det
1637 2271 203 79 grove
1865 2251 207 82 bliver
2099 2250 269 98 tilbage,
2413 2249 135 94 som
2581 2273 157 58 man
2769 2258 83 74 da
2877 2254 103 80 bru-

1186 2401 114 74 ger
1332 2360 330 95 tilSviin
1704 2367 208 80 iblant
1948 2372 218 80 anden
2200 2366 216 100 Fode,
2530 2365 224 88 Ellers
2792 2368 114 80 kan
2936 2388 68 75 og

1186 2503 110 74 det
1328 2491 268 93 afrevne
1642 2483 296 102 trykkes,
1992 2486 242 79 trædes
2282 2488 144 75 eller
2466 2481 218 102 perses
2716 2482 286 100 igiennem

1182 2633 77 62 en
1290 2606 225 105 Pose,
1580 2600 137 96 som
1758 2599 53 96 ej
1846 2621 69 60 er
1954 2607 97 76 alt
2080 2596 107 100 for
2214 2612 135 68 tæt.

1301 2819 180 87 Den
1511 2812 236 102 afsiede
1765 2807 306 99 Stivelse
2103 2832 194 62 rører
2329 2831 158 60 man
2521 2835 106 60 om
2653 2810 340 97 i'Vandet,

1173 2939 141 96 som
1347 2943 125 75 den
1503 2952 67 60 er
1607 2928 183 99 afsiet
1819 2935 189 94 med,
2073 2950 81 76 og
2185 2934 183 76 lader
2405 2933 121 78 den
2561 2935 173 94 staae
2761 2946 73 62 en
2859 2928 135 100 halv

1174 3055 234 96 Dags
1440 3046 164 100 Tid,
1672 3053 148 74 eller
1870 3067 80 72 og
1978 3045 128 81 kun
2132 3048 194 78 indtil
2356 3043 354 98 Stivelsen
2732 3046 114 94 har
2872 3042 122 94 sadt

1168 3177 120 92 sig,
1358 3190 80 74 og
1476 3168 200 92 ligger
1722 3173 132 84 paa
1902 3159 332 86 Bunden.
2364 3157 188 88 Saa
2600 3163 206 100 helder
2850 3180 140 62 man

1165 3289 304 84 Vandet
1511 3278 106 100 af,
1676 3280 289 79 kommer
2004 3275 143 101 ftiff
2204 3274 237 88 Vand
2485 3283 280 96 derpaa,
2825 3292 164 64 rører

1159 3398 358 96 Stivelsen
1555 3416 124 76 op,
1749 3415 82 74 og
1877 3399 186 76 lader
2111 3400 108 78 det
2261 3410 172 65 atter
2463 3399 174 92 staae
2671 3396 184 100 indtil
2879 3396 106 76 den

1161 3523 125 102 har
1331 3519 140 100 fadt
1509 3516 91 102 sig
1641 3531 137 81 naa-
1825 3507 338 94 Bunden.
2289 3508 367 91 Saaledes
2701 3506 288 104 fortfarer

2844 3640 146 68 man
