2959 4603
1836 416 117 90 29

972 393 117 116 #

571 604 156 94 Til
785 606 232 99 Køer
1063 625 98 93 og
1201 606 256 110 Faar.

221 771 373 101 Kartofler,
639 794 169 60 naar
841 781 75 72 de
955 793 97 60 ere
1081 771 183 97 kogte
1285 790 213 79 møre,
1523 769 125 80 kan
1685 791 83 78 og
1805 775 121 79 bru-

100 899 116 89 ges
270 889 76 80 til
408 905 72 62 at
538 888 236 80 blande
814 895 150 76 med
1024 885 232 82 Avner
1306 892 148 72 eller
1514 883 316 100 Hakkelse
1880 890 74 82 ril

102 1003 372 94 Blænding
506 1000 106 96 for
638 1004 192 84 Køer
858 1027 82 76 og
974 1003 226 102 Faar,
1266 1000 136 98 som
1438 1003 184 97 giver
1650 1003 306 99 rigelige»

98 1121 185 86 Melk
338 1115 295 101 derefter.

543 1276 156 96 Til
757 1278 232 109 Fier-
1007 1277 494 98 Kreaturer.

219 1435 327 96 Ligeledes
575 1432 125 82 kan
733 1452 159 61 man
941 1438 297 77 anvende
1281 1434 181 96 kogte
1503 1431 351 100 Kartofler
1883 1436 73 84 til

98 1552 248 103 Høns,
388 1547 188 95 GjeS
616 1572 80 74 og
730 1550 314 99 Mnder,
1094 1555 112 75 der
1240 1556 170 74 æder
1438 1558 152 72 dem
1620 1555 150 74 med
1798 1546 126 87 Be-

96 1665 393 104 gieriighed,
96 1665 392 105 gierlighed,
532 1664 164 96 farm
730 1666 210 79 trives
970 1687 80 74 og
1084 1661 224 98 feedes
1338 1667 378 98 ypperlige»
1746 1668 208 100 deraf.

777 1846 146 101 Til
985 1845 266 112 Heste.

223 2001 370 101 Endeligen
623 2004 122 80 kan
779 2010 76 75 de
881 2023 80 78 og
991 2001 246 99 bruges
1271 2004 74 80 til
1373 2004 194 102 Føde
1595 2005 104 98 for
1721 2007 238 105 Heste.

99 2118 345 99 Adskillige
475 2119 205 101 Heste
720 2126 178 75 æde»
923 2127 145 72 dem
1102 2121 218 92 gierne
1350 2140 156 61 raae
1546 2145 82 76 og
1678 2127 276 101 ukogte,

96 2236 158 98 helst
300 2257 172 60 naar
516 2242 76 74 de
640 2236 230 79 ikkuns
916 2253 98 60 ere
1054 2229 258 94 sma.re,
1374 2242 148 73 eller
1550 2261 80 74 og
1666 2261 132 72 paa
1840 2266 112 62 een

96 2356 152 75 eller
280 2357 216 74 anden
532 2350 268 82 Maade
834 2351 258 96 ffaaren
1142 2349 20 79 i
1206 2344 328 102 Stykker.
1648 2353 190 103 Dog
1884 2384 68 60 er

101 2472 108 75 det
235 2465 220 98 bedre,
515 2484 72 62 at
633 2468 236 78 blande
913 2469 146 76 dem
1090 2463 187 97 kogte
1320 2464 205 83 iblam
1552 2465 401 111 Hakkelsen,

97 2586 86 78 da
211 2579 288 102 Hestene
533 2582 194 80 bedre
755 2580 296 96 fortærer
1075 2576 434 100 beggeDeele
1535 2593 150 72 med
1717 2587 202 98 hinan-

99 2704 142 73 den.
353 2693 262 90 Denne
647 2700 188 96 sidste
869 2695 182 100 Post
1099 2715 70 60 er
1199 2698 106 80 vel
1333 2702 220 78 endnu
1585 2701 126 80 ikke
1740 2721 213 82 meget

96 2810 284 99 forsøgt,
444 2819 130 91 dog
628 2812 124 98 har
792 2810 104 97 jeg
940 2807 310 101 Exempel
1290 2834 176 76 paa,
1532 2837 72 60 at
1648 2825 106 74 det
1798 2830 154 76 med

98 2926 284 101 Fordeel
414 2949 66 58 er
512 2944 256 82 prøvet.
852 2925 146 88 Da
1030 2945 160 61 man
1218 2928 20 78 i
1270 2924 374 102 Engelland
1674 2935 126 80 kan
1826 2938 94 98 fin-

94 3048 78 76 de
202 3043 319 97 Regning
548 3050 123 76 ved
712 3060 72 64 at
824 3041 156 96 føde
1004 3037 247 105 Heste,
1322 3064 79 74 og
1432 3046 22 78 i
1484 3043 112 96 sær
1628 3045 295 89 Arbeids-

93 3156 274 101 Bæster
397 3164 154 76 med
583 3166 196 88 guule
807 3156 322 99 Rødder,
1173 3156 112 96 saa
1311 3182 68 58 er
1403 3160 104 99 jeg
1535 3167 110 76 vis
1675 3187 162 77 paa,
1877 3188 74 64 at

91 3272 376 103 Kartofler,
535 3272 134 96 som
705 3296 100 58 ere
833 3281 184 88 langt
1047 3276 398 98 meelrigere,
1495 3301 80 76 og
1607 3277 346 105 følgeligen

91 3410 209 61 meere
335 3394 323 92 nærende,
687 3388 123 82 kan
839 3395 149 76 med
1017 3391 133 96 stor
1179 3386 217 100 Nytte
1429 3403 347 76 anvendes
1813 3398 109 100 her-

90 3506 98 99 til,
246 3505 322 104 allerhelst
598 3510 88 80 da
716 3510 78 82 de
828 3507 20 80 i
878 3507 206 98 større
1108 3503 356 105 Mængde,
1482 3533 80 76 og
1604 3519 164 98 med,
1788 3518 168 78 min-

1846 3638 114 78 dre

2766 2577 72 179 i

241 4391 57 29 ^
