2837 4588
995 649 140 93 Tid
1155 645 350 103 gemeenlig
1523 647 418 99 foraarsager
1961 654 170 72 dem.
2187 644 306 87 Bonden
2512 649 195 94 skulde

991 758 200 94 vgsaa
1217 756 174 94 finde
1425 751 96 92 sin
1561 749 322 95 Regning
1947 756 272 87 derved;
2277 745 94 98 thi
2425 759 164 70 uden
2637 772 68 62 at

989 866 299 70 anvende
1335 875 213 72 nogen
1591 857 221 74 videre
1867 848 421 93 Bekostning
2341 849 169 78 vilde
2575 851 127 95 han

984 960 302 94 profilere
1318 954 80 92 af
1422 963 128 86 det,
1610 951 130 90 som
1768 961 102 70 det
1904 952 198 92 koster
2121 948 463 105 Her-skabende
2620 974 78 74 og

980 1061 546 89 Tiendetagerne,
1582 1073 82 72 og
1698 1051 132 90 som
1856 1060 74 70 de
1962 1072 96 56 ere
2100 1062 196 66 nødte
2322 1051 122 88 tit,
2498 1047 98 94 for
2628 1070 68 64 al

978 1159 196 92 samle
1204 1170 128 70 det,
1390 1155 238 92 hvortil
1664 1161 74 68 de
1788 1151 164 91 have
2004 1150 144 84 Ret
2202 1165 72 60 at
2314 1165 150 78 tage
2504 1155 188 79 imod.

976 1263 153 85 Da
1158 1280 137 72 paa
1320 1266 123 68 den
1472 1265 217 70 anden
1720 1251 193 83 Side
1940 1248 455 106 Forpagteren
2428 1257 51 84 ej
2506 1273 193 61 meere

981 1363 216 93 havde
1229 1376 70 62 at
1329 1354 210 95 frygte
1571 1351 102 90 for
1701 1371 70 60 at
1801 1353 82 85 see
1931 1350 350 90 fremmede
2319 1349 200 98 Folk,
2575 1353 120 85 som

981 1482 102 58 ere
1129 1460 332 92 begierlige
1489 1455 152 88 efter
1675 1463 104 66 det
1811 1450 208 92 Beste
2061 1450 136 92 han
2235 1449 124 94 har
2399 1471 132 70 paa
2575 1455 116 91 sine

977 1563 208 91 Agre,
1241 1578 82 74 og
1355 1572 144 75 tage
1537 1563 126 78 der,
1717 1549 132 90 som
1885 1552 142 96 han
2067 1550 122 96 har
2249 1553 168 86 gion
2465 1553 86 92 sig
2589 1553 102 87 saa

979 1665 135 87 stor
1137 1666 261 84 Umage
1431 1655 103 90 for
1573 1671 71 60 at
1677 1653 153 92 faae
1863 1654 73 74 til
1975 1666 71 60 at
2085 1670 155 75 voxe
2297 1649 81 78 af
2413 1649 281 99 Jorden,

874 1791 8 38 i
982 1759 118 92 saa
1132 1760 200 90 skulde
1374 1758 134 92 han
1546 1765 146 66 med
1732 1753 200 88 større
1974 1750 184 96 Iver
2188 1769 82 74 og
2306 1749 386 93 Nidkierhed

972 1879 180 69 pære
1186 1858 314 92 hengiven
1542 1859 74 74 ril
1644 1852 764 95 Markforretningerne,
2466 1877 78 74 og
2572 1856 116 79 ikke

982 1963 172 91 have
1200 1960 204 90 nødig
1464 1971 70 62 at
1586 1955 204 78 betale
1840 1974 76 56 en
1956 1952 262 98 Person
2270 1951 100 88 for
2414 1971 70 62 at
2522 1954 158 98 passe

978 2079 165 75 paa,
1198 2074 71 62 ar
1304 2062 159 90 ham
1514 2055 125 82 ikke
1694 2062 197 87 tages
1948 2074 205 60 meere
2198 2050 141 101 fra,
2396 2065 119 72 end
2560 2059 123 96 han

977 2179 68 62 er
1079 2160 260 96 pligtig.
