2781 4480
949 389 96 70 24

841 577 124 74 Les
997 571 284 86 sindede:
1333 567 112 92 faa
1479 585 70 62 at
1579 573 76 76 de
1695 573 206 90 endog
1943 567 124 92 har
2103 567 314 98 kappedes
2465 591 104 62 om
2609 591 66 66 at

843 671 164 80 blive
1043 671 228 90 bestilte
1303 669 70 80 til
1413 677 164 70 dette
1619 667 344 94 Arbeyde;
2015 685 94 62 ret
2143 667 132 92 som
2317 677 102 74 det
2453 691 120 60 var
2603 695 72 60 en

837 773 140 90 stor
1013 771 172 78 Ære
1275 787 72 62 at
1379 769 266 92 bidrage
1677 769 70 76 til
1783 775 122 72 den
1949 769 402 96 almindelige
2383 769 264 96 Elendig-

839 869 170 94 heds
1049 867 356 100 Forøgelse-
1509 865 116 90 Dl
1677 871 182 76 deres
1917 865 484 98 Undskyldning
2460 869 186 82 beraa-

836 967 119 80 ber
999 987 236 78 mange
1283 963 80 98 af
1411 973 144 74 dem
1605 969 92 92 sig
1773 985 132 76 paa
1951 975 74 72 de
2069 969 346 94 vanskelige
2452 967 216 92 Tider

835 1067 176 96 selv,
1073 1083 72 66 at
1211 1075 104 74 det
1379 1089 64 58 er
1509 1065 344 96 fornødent
1919 1073 72 74 de
2055 1087 194 60 maae
2311 1085 146 80 tage
2537 1075 136 76 med

837 1167 194 96 hvad
1073 1175 74 72 de
1185 1167 124 82 kan
1345 1163 184 98 faae,
1567 1189 80 74 og
1681 1183 70 62 at
1785 1173 120 72 den
1973 1187 108 58 ene
2119 1167 314 96 Skilling
2485 1169 194 96 kaster

833 1267 134 84 ikke
997 1275 120 74 den
1149 1275 212 72 anden
1397 1267 190 94 bort,
1645 1287 82 74 og
1777 1273 72 70 de
1889 1265 186 94 synes
2125 1285 74 62 at
2255 1267 208 86 kunde
2517 1269 129 79 und-

829 1367 292 94 skylde-s,
1161 1367 248 92 dersom
1443 1363 514 98 Retfærdighed,
1999 1367 350 96 Billighed
2389 1391 82 74 og
2491 1367 160 98 Chri-

829 1469 300 94 stendom
1181 1489 72 70 ey
1305 1471 122 92 har
1483 1485 190 78 noget
1737 1467 302 82 derimod.
2211 1467 226 96 Dog,
2487 1475 194 72 denne

827 1565 196 98 sidste
1059 1587 64 60 er
1149 1567 220 86 bleven
1413 1565 110 92 saa
1553 1587 192 70 rum,
1809 1587 70 58 at
1923 1587 156 58 man
2119 1569 122 94 har
2275 1567 246 94 Sving
2559 1569 120 80 nok

831 1667 28 78 1
891 1671 162 90 den,
1115 1671 70 78 til
1221 1685 70 60 at
1343 1669 176 94 giøre
1563 1673 94 74 alt
1721 1667 174 88 hvad
1951 1687 156 58 man
2149 1669 210 92 finder
2391 1667 288 100 passende

829 1773 154 74 med
1035 1767 98 90 sin
1179 1765 522 100 Egenkierlighed
1749 1787 80 74 og
1882 1764 460 99 Begjerlighed
2435 1789 82 72 og
2561 1767 118 86 har

827 1865 246 114 Plads
1107 1867 158 94 nok,
1301 1887 72 60 at
1415 1875 182 86 dreye
1637 1889 82 76 og
1757 1873 198 78 vende
1989 1871 102 78 det
2125 1867 152 100 saa,
2311 1885 70 62 at
2413 1871 104 78 det
2559 1865 124 100 stal

819 1979 220 86 Mes.
1067 1985 94 62 ret
1193 1989 82 68 og
1321 1967 216 92 billigt.

1061 2063 112 92 Dl
1205 2061 156 100 Nyt
1399 2065 146 82 Aar
1591 2086 182 74 1773
1833 2085 124 60 var
1999 2071 162 76 dette
2193 2063 490 92 Tall-Lotterie

823 2165 212 82 blevet
1083 2165 170 84 trakt
1309 2189 92 70 30
1455 2187 208 74 gange
1709 2169 20 74 i
1781 2163 254 84 Altona
2109 2187 80 72 og
2251 2173 96 68 26
2401 2187 208 72 gange
2659 2167 24 80 i

819 2265 502 98 Kiøbenhavn;
1375 2287 148 56 men
1541 2271 110 72 der
1670 2264 124 94 Tal
1817 2263 122 78 ikke
1961 2285 238 74 mange
2219 2263 130 92 rose
2369 2265 92 94 sig
2481 2263 80 94 af
2577 2271 100 76 det

823 2387 256 78 meget,
1119 2373 72 72 de
1229 2365 120 94 har
1383 2371 248 74 vundet
1661 2365 20 78 i
1717 2363 144 98 disse
1903 2371 90 86 56
2029 2361 442 96 Dækninger,
2511 2369 168 76 uden

823 2463 882 100 maaffeEmrepreneurerne
1723 2485 80 74 og
1823 2469 72 76 de
1913 2459 768 102 forsigtigeCollecteurer;

819 2571 106 94 thi
971 2565 146 100 disse
1161 2569 226 78 vinder
1427 2565 20 78 i
1499 2565 184 96 hvad
1731 2559 104 96 for
1877 2559 158 92 Tall
2087 2567 110 78 der
2239 2569 122 74 end
2395 2563 278 82 kommer

819 2675 124 76 ud.
1045 2665 224 94 Dm,
1317 2663 140 92 som
1493 2665 226 78 vinder
1753 2665 226 94 meest,
2009 2683 66 60 er
2111 2665 120 92 vist
2268 2661 124 83 nok

1263 2761 326 90 Director
1625 2769 192 76 Koes.
1921 2761 170 84 Kan
2125 2783 158 62 man
2321 2781 132 64 troe
2491 2763 156 94 Ryg-

821 2885 138 72 ret,
993 2887 66 62 er
1101 2865 132 98 han
1253 2869 126 90 dog
1399 2879 204 78 meget
1641 2859 434 100 misfornoyet
2107 2869 146 72 med
2293 2867 72 78 de
2381 2861 292 98 Danske.

821 2967 184 100 Han
1038 2967 126 95 skal
1201 2969 72 78 til
1303 2985 74 58 en
1421 2961 176 84 Ven
1649 2967 166 86 have
1849 2967 172 78 ladet
2071 2963 94 96 sig
2205 2961 250 98 forlyde
2507 2969 162 90 med,

815 3085 86 62 ut
941 3069 178 94 hans
1151 3063 242 96 aarlige
1437 3061 324 98 Vinding
1801 3067 120 76 ved
1959 3067 166 78 dette
2161 3059 508 90 Tall-Lotteries

815 3163 396 102 Indførelse
1245 3163 210 82 iblant
1491 3173 80 70 os
1609 3181 126 64 var
1775 3163 186 80 ikkun
2003 3161 310 98 Gyrcen
2341 3161 328 96 Tusinde

811 3267 494 98 Rigsdaler,
1357 3283 82 74 og
1475 3261 124 96 ffal
1653 3263 166 88 have
1879 3261 186 98 sagt,
2115 3279 72 64 at
2245 3263 132 90 han
2427 3261 242 96 tænkte,

813 3371 214 76 Denne
1081 3361 624 100 Lotto-Entreprife
1751 3363 202 96 ffulde
1983 3363 20 80 i
2043 3367 102 76 det
2179 3365 268 92 mindste
2509 3363 156 88 have

803 3467 336 78 Hndrentet
1213 3463 154 98 ham
1429 3461 844 100 -Halvfierdesindscyve
2337 3461 330 94 Tusinde

817 3563 440 100 Rigsdaler
1297 3567 230 92 aarkig.
1643 3561 224 100 Hvad
1903 3581 180 64 enten
2115 3583 92 60 nu
2241 3567 162 78 dette
2435 3561 230 96 Rygte

813 3683 72 72 er
916 3661 190 115 send
1143 3667 142 90 ellæ
1319 3663 154 96 ikke:
1524 3661 112 112 see
1669 3663 124 106 har
1845 3669 78 88 de
1965 3663 212 112 Ulige
2205 3659 280 110 Danske
2531 3667 124 96 dog
