2862 4543
1022 475 95 76 34

924 659 241 74 levere
1216 671 87 56 en
1350 646 329 103 opgisrt
1732 662 103 81 sg
1882 637 537 94 underskreven
2456 640 293 99 Beregn

920 754 190 97 ning
1166 776 126 52 om
1348 760 170 64 dets
1571 748 261 78 Belsb
1888 742 92 78 ril
2019 741 723 79 General-AdnnnL,

917 853 460 97 ftracisnen,
1425 867 102 79 og
1577 842 360 98 derefter,
1991 865 192 54 naar
2218 841 269 89 samme
2525 865 68 50 er
2628 842 107 73 be,

918 961 290 88 funden
1242 950 287 100 rigtig,
1566 963 82 60 ar
1684 951 358 90 modrage
2088 950 84 68 de
2220 942 516 74 tilkommende

915 1061 292 94 penge.
1327 1051 154 83 Vel
1511 1052 208 88 saaer
1759 1050 108 75 der
1901 1046 16 74 i
1949 1044 408 97 Jnstruxens
2393 1046 190 73 tolvte
2617 1038 92 82 Ar-

916 1158 141 83 tikel
1160 1176 71 58 ar
1264 1169 81 63 en
1372 1148 359 83 Collecteur
1766 1146 123 79 kan
1922 1148 167 90 strax
2132 1142 323 77 bekomme
2490 1140 247 99 Penge,

913 1280 175 59 naar
1125 1255 139 93 han
1297 1259 221 73 derom
1559 1244 151 95 efter
1739 1268 77 56 en
1841 1243 349 94 Trækning
2211 1248 233 72 melder
2467 1242 127 93 sig;
2661 1262 77 73 og

914 1349 1001 95 General-Administrationens
1940 1342 287 99 Hensigt
2262 1340 127 80 kan
2420 1361 165 57 være
2616 1346 119 86 god

911 1481 89 73 og
1033 1459 233 90 redelig
1315 1450 161 95 nok;
1531 1467 195 75 men,
1761 1452 101 73 det
1895 1442 123 92 sees
2053 1449 125 88 dog
2207 1447 113 87 let,
2353 1457 71 62 at
2455 1444 101 75 det
2595 1439 145 91 sarte

913 1559 196 93 srax
1160 1572 275 74 trænger
1480 1551 71 78 til
1608 1567 77 58 en
1746 1564 231 75 nøyere
2002 1539 455 98 Bestemmelse
2488 1540 101 94 for
2622 1542 115 76 den

911 1659 189 85 Deel
1133 1652 81 94 af
1235 1650 457 99 Jndfetterne,
1721 1644 135 94 som
1889 1649 139 73 ville
2065 1645 161 93 have
2261 1648 181 72 deres
2463 1640 271 93 Gevinst

913 1782 154 73 paa
1118 1749 491 98 (øyeblikket,
1663 1745 154 93 efter
1860 1762 73 62 at
1986 1749 73 74 de
2112 1746 165 86 have
2307 1738 174 94 faaet
2516 1748 73 69 de
2626 1744 85 72 ud-

912 1858 202 85 trakre
1171 1852 305 83 Numere
1524 1866 72 62 ar
1646 1849 192 94 vide;
1892 1864 122 74 og,
2063 1841 109 91 saa
2221 1849 199 86 længe
2467 1848 103 71 det
2619 1838 119 78 ikke

911 1983 66 57 er
1013 1964 142 74 dem
1195 1950 283 99 offentlig
1516 1951 285 88 betyder,
1838 1943 265 90 hverken
2146 1942 125 79 kan
2303 1947 142 72 eller
2494 1942 90 75 vil

1112 2057 95 92 sig
1242 2073 173 74 paa,
1450 2067 70 60 ar
1552 2054 100 74 det
1686 2050 328 90 medtager
2048 2041 134 89 Tid
2222 2060 70 58 ar
2328 2042 264 92 opgiore
2620 2032 105 95 Af-

905 2159 313 93 regnings
1245 2152 195 94 Listen
1467 2199 23 44 ,
1522 2165 70 62 at
1621 2149 314 77 indlevere
1971 2150 120 71 den
2127 2144 68 76 til
2215 2139 496 92 Administratio-

906 2280 125 59 nen
1054 2304 19 37 ,
1118 2277 85 73 og
1236 2260 111 73 der
1378 2268 71 61 at
1484 2243 237 95 eftersee
1758 2263 111 61 om
1904 2248 121 73 den
2062 2241 291 92 befindes
2386 2240 235 94 rigrig,
2660 2256 73 75 og

907 2379 75 60 at
1003 2358 439 81 Collecreuren
1471 2347 163 92 først
1667 2343 185 96 faaer
1869 2335 259 105 Penge,
2169 2361 169 57 naar
2369 2345 92 70 alt
2495 2344 157 73 dette
2673 2356 55 56 er

908 2461 169 92 ffeer.
1158 2452 161 85 Der
1354 2448 187 94 synes
1566 2460 203 80 meget
1790 2444 233 94 billigt,
2056 2458 71 60 ar
2162 2436 245 96 dersom
2424 2437 281 83 General-

907 2554 633 92 Administrationen
1595 2545 125 80 ikke
1769 2546 209 93 finder
2035 2537 259 98 Behag
2339 2540 21 77 i
2405 2556 71 60 at
2507 2535 223 89 udsette

906 2667 187 76 deres
1128 2653 425 83 Collecreurer
1582 2644 105 97 for
1720 2666 73 58 en
1826 2640 169 98 Hob
2032 2640 121 79 ikke
2184 2644 373 90 ugrundede
2574 2635 133 97 For-

906 2756 522 96 trædeligheder,
1483 2753 73 73 de
1605 2752 87 73 da
1749 2743 125 79 ikke
1927 2747 199 74 allene
2177 2741 203 78 burde
2435 2735 295 93 forandre

904 2865 169 74 dette
1112 2858 191 92 srax
1339 2852 66 78 til
1436 2845 267 94 Dagen
1735 2840 152 95 efter
1920 2838 433 98 Trækningen
2396 2841 19 76 i
2444 2836 257 82 Kioben-

908 2959 186 94 havn
1146 2960 140 76 eller
1336 2946 154 96 efter
1549 2946 301 99 Postens
1911 2940 321 87 Ankomst
2297 2938 109 96 fra
2465 2936 238 98 Anena-

910 3066 143 72 eler
911 3067 142 72 eller
1097 3079 81 71 og
1215 3075 132 72 paa
1387 3058 72 72 de
1477 3047 218 96 Dage
1733 3050 142 75 lade
1915 3046 91 92 sig
2036 3042 289 93 indfinde
2359 3047 230 87 længer
2605 3056 120 74 paa

908 3151 477 103 Lotto-Huset;
1440 3149 92 96 thi
1568 3144 100 96 for
1706 3147 164 93 hvor
1900 3164 236 72 mange
2170 3137 274 90 Tiltaler
2482 3141 158 75 vilde
2658 3154 65 73 ey

907 3265 123 74 den
1081 3255 359 86 Collecteur
1493 3268 167 56 være
1711 3246 263 90 blotter,
2037 3239 131 86 som
2231 3236 494 100 JndcasseringS

904 3359 321 97 Pengene
1262 3372 155 59 vare
1450 3345 383 95 afhendtede
1872 3339 103 95 fra
2012 3337 105 94 for
2152 3338 463 94 Trækningen,
2648 3356 75 71 og

901 3459 139 90 som
1093 3459 187 93 ingen
1327 3448 539 94 Afregningsliste
1911 3442 207 78 kunde
2155 3442 149 91 faae
2335 3438 225 95 færdig
2587 3452 137 61 over

902 3565 79 72 de
1032 3558 21 76 i
1108 3555 175 94 hans
1330 3551 353 81 Collection
1722 3545 277 83 maaffee
2026 3539 219 92 faldne
2280 3554 233 82 mange
2554 3533 173 94 smaa

903 3657 395 90 Gevinster,
1339 3650 161 92 (som
1539 3668 97 56 ere
1669 3653 75 74 de
1775 3654 109 71 der
1921 3642 295 96 hyppigst
2251 3660 83 72 og
2369 3639 227 90 snarest
2617 3632 81 78 bli-

900 3777 117 64 ver
1066 3750 389 103 afhentede,)
1524 3745 235 101 førend
1812 3751 77 82 de
1936 3740 233 93 Timer
2216 3761 161 63 vare
2432 3735 215 97 forbi,
2702 3732 23 77 i

2473 3837 155 99 hvil-
