2829 4523
726 384 512 84 ^UUUUU)»
1728 416 90 70 iZ

102 593 267 81 Rumer
397 608 64 64 er
491 613 100 68 24
620 587 87 96 ß.,
745 609 80 74 og
859 586 506 96 arJndffudder
1394 587 233 84 vindes
1647 610 90 68 75
1765 608 166 70 gan-,

103 714 70 76 ge
203 694 182 94 igien.
489 688 218 87 Dekke
729 709 64 58 er
829 687 18 80 i
869 690 184 90 næste
1071 710 80 74 og
1173 689 222 92 øvrige
1411 687 318 78 udkomne
1753 686 144 100 Pla-

99 812 108 60 ner
237 788 336 98 forandrer
605 793 216 90 dertil,
873 804 74 62 ar
981 792 104 76 det
1141 789 258 92 ringeste
1435 786 310 99 Jndffud
1801 788 126 94 skal

97 911 170 61 være
305 916 42 48 2
383 890 189 95 Mk.,
607 911 81 72 og
721 907 70 60 ar
829 885 238 91 samme
1105 886 182 80 ikkun
1323 891 228 76 vindes
1584 909 97 67 70
1715 908 212 74 gange

96 994 180 94 igien.
380 988 220 100 Hvad
620 987 258 90 Tanker
898 988 120 88 har
1044 992 100 74 det
1160 987 374 90 indsettende
1552 987 378 99 Publicmn

101 1090 124 98 ikke
536 1105 72 64 at
642 1091 174 94 giøre
854 1089 92 93 sig
986 1108 108 58 om
1128 1084 328 86 Lotteriets
1492 1085 284 102 Hensigt
1806 1094 124 76 ved

94 1189 577 95 saadanne-udsge
462 1191 210 94 tidlige
712 1187 514 98 Forandringer.
1376 1185 184 100 Flere
1618 1208 98 62 ere
1762 1208 132 76 paa-

96 1291 251 95 fundne
382 1292 215 97 siden,
634 1289 135 94 som
808 1284 263 103 herefter
1109 1286 123 97 skal
1280 1293 377 80 ommeldes.
1790 1284 137 88 Ru

99 1412 186 62 maae
315 1390 180 94 vifee

659 1485 710 143 Indholdet

983 1650 81 88 af

415 1756 1224 175 Lotterie-Planerne.

346 1992 162 74 Dette
542 1983 302 84 Lotteries
862 1980 264 102 Planer
1162 2002 96 60 ere
1295 1980 602 92 overeenssemmen-

292 2089 104 77 de
301 2094 76 72 de
429 2087 258 79 derudi:
749 2101 72 62 at
851 2082 134 92 rose
1021 2080 448 90 Tal-Lotteriet
1511 2077 272 96 fremfor
1815 2102 86 54 an-

109 2191 112 73 dre
275 2184 336 91 Lotterier,
651 2205 82 72 og
763 2189 102 71 der
885 2182 278 92 Danffe
1199 2178 426 89 Tal-Lotterie
1661 2176 270 94 fremfor

111 2290 120 74 alle
261 2290 204 74 andre
499 2279 78 94 af
603 2287 100 74 der
743 2279 288 95 Slags;
1083 2302 20 56 t
1135 2296 70 62 ar
1235 2277 262 96 fortælle
1527 2277 410 97 Omgangen

111 2390 147 74 med
303 2382 723 93 Trækningsmaaden,
1077 2380 133 94 som
1263 2399 63 56 er
1377 2379 183 96 lystig
1617 2376 203 80 baade
1865 2396 73 62 ar

112 2482 134 92 læse
298 2504 108 58 om
450 2502 80 75 og
570 2479 84 94 see
686 2501 174 78 paa;
922 2482 22 74 i
978 2496 70 62 ar
1084 2478 124 92 vise
1250 2475 440 97 Jndsernings
1724 2476 182 82 Maa-

110 2591 238 85 derne,
398 2580 136 96 som
576 2601 96 58 ere
704 2577 268 95 femten,
1022 2576 270 96 foruden
1332 2583 102 74 der
1480 2581 286 91 bestemte
1804 2580 102 80 Ud-

116 2682 190 98 træk;
372 2704 82 74 og
500 2683 142 92 give
672 2685 72 74 de
780 2678 360 94 Spillende
1174 2676 394 97 Oplysning
1606 2698 106 54 om
1754 2684 184 72 deres

112 2782 311 96 Jndffud
472 2803 81 72 og
600 2779 323 93 Gevinst,
970 2776 165 90 samt
1184 2780 177 90 hvad
1400 2797 75 58 en
1512 2775 427 88 Tal-Lotterie

113 2883 268 83 Seddel
415 2884 122 86 har
571 2897 72 60 ar
675 2879 256 95 betyde;
979 2874 110 96 saa
1125 2900 80 74 og
1241 2895 70 60 ar
1343 2873 316 98 forsikkre,
1687 2894 74 60 ar
1779 2894 158 62 man

117 2985 118 93 har
267 2980 236 96 udsøgt
541 2975 440 98 tilforladelige
1019 2976 440 82 Collecteurer.
1589 2977 174 79 Men
1799 2980 105 74 der-

102 3083 126 94 Udi
281 3104 94 56 ere
425 3088 72 72 de
549 3075 396 97 forffiellige,
1011 3094 70 60 ar
1129 3082 120 75 den
1305 3073 190 96 første
1533 3075 232 97 Plan,
1801 3074 132 84 som

118 3182 174 92 nylig
351 3182 173 94 sagt,
577 3179 121 96 har
744 3180 290 75 anmeldt
1065 3180 103 74 det
1199 3176 293 87 bestemte
1525 3165 263 90 Udtræk
1822 3198 84 54 an-

120 3284 280 74 derledes
450 3285 118 72 end
614 3283 72 72 de
714 3279 262 91 øvrige,
1038 3298 80 72 og
1156 3279 256 75 dermed
1450 3275 252 94 ligesom
1742 3278 194 78 vildet

118 3381 128 93 sige
300 3382 70 76 ril
410 3384 100 74 der
540 3377 328 98 respective
898 3374 406 98 Publicum:
1360 3371 170 100 Hier
1562 3372 206 93 haben
1808 3378 124 78 wir

116 3488 137 68 uns
298 3476 281 95 bedacht.
682 3479 173 78 Men
912 3464 129 102 just
1078 3480 156 70 dette
1274 3473 121 90 har
1436 3471 469 90 aabnet-Ørne-

109 3598 95 76 ·ne·

1702 3472 205 90 Øyne-

119 3598 76 58 ne
227 3598 134 72 paa
393 3582 72 74 de
497 3573 456 100 indsigtsfulde
989 3572 394 95 Spillende,
1419 3569 82 100 af
1521 3579 118 77 alle
1673 3572 238 100 Spille-

115 3684 274 78 maader
425 3677 148 99 helst
605 3695 70 64 ar
705 3681 196 91 vælge
941 3678 120 78 den
1103 3674 306 98 bestemte.

1691 3774 148 86 Vi-
