2700 4425
1411 20 117 33 mr~i'
1728 36 6 14 -

883 588 318 98 opholdes
1271 603 234 74 mange
1556 582 379 95 Mennesket
2071 583 234 82 vindes
2351 600 238 79 mange

881 710 333 92 brugbare
1249 705 311 92 Borgere
1605 700 103 96 for
1747 704 311 97 Staten,
2111 701 315 95 afvendes
2465 724 129 61 me>

880 852 120 76 gen
1048 832 290 89 Mangel
1384 849 86 74 og
1512 818 440 110 Elendighed,
2030 845 112 76 og.
2160 823 466 99 forekommes.

880 958 78 74 de
1008 952 198 94 fieeste
1240 947 328 96 Aarsager
1598 946 74 80 kil
1708 944 282 82 Armdd.

1079 1070 176 82 Men
1279 1069 110 92 fra
1427 1068 308 95 prægtige
1758 1066 131 90 som
1907 1065 152 98 bisse
2094 1065 497 89 Grund-Sæt«

875 1194 228 94 ninger
1153 1212 134 73 ere,
1350 1187 111 93 faa
1490 1178 342 104 vanskelig-
1879 1195 142 72 lade
2083 1195 74 72 de
2203 1194 94 92 sig
2347 1212 84 74 og
2475 1201 122 76 ud«

877 1312 141 94 føre
1069 1332 79 74 og
1207 1313 220 90 bringe
1471 1311 72 78 til
1597 1308 667 98 Virksomhed:Og
2311 1318 104 74 det
2469 1314 127 83 kan

874 1434 386 94 ingenlunde
1306 1418 1261 111 feyles-.,-,ks-.-·atx«;Direptionetsxfordenas
1560 1446 72 64 at
1678 1428 444 86 Diremonen
2168 1429 110 97 for
2324 1442 124 72 den
2500 1443 66 74 al-

874 1556 340 90 mindelige
1244 1549 506 100 Pleye-Anstalt
1786 1554 66 90 jo
1896 1557 296 77 allereede
2234 1576 162 60 maa
2426 1556 168 100 have

878 1672 239 94 erfaret
1144 1682 181 71 dette.
1418 1671 175 86 Det
1616 1694 123 58 var
1778 1692 81 75 og
1892 1673 21 78 i
1946 1679 119 76 den
2078 1671 373 100 Henseende
2464 1679 127 92 vel,

875 1814 76 60 at
991 1806 104 68 det
1147 1792 314 97 Fattiges
1527 1794 256 94 Væsen
1831 1795 122 80 ikke
2009 1804 252 74 overalt
2297 1804 22 74 i
2369 1796 222 98 Hans

875 1916 364 94 Majestets
1295 1915 216 96 Niger
1569 1938 82 74 og
1693 1916 212 85 Lande
1957 1915 154 96 efter
2159 1927 200 73 denne
2389 1920 204 98 Plan

875 2040 145 78 blev
1055 2040 335 95 indrettet,
1445 2037 229 94 førend
1705 2034 253 99 Følgen
1997 2035 161 98 først
2197 2040 109 98 her
2337 2042 23 76 i
2391 2042 169 82 Sta-

872 2166 120 72 den
1022 2178 126 64 var
1186 2161 216 78 bleven
1440 2160 336 94 bestyrket:
1830 2162 126 95 Og
2004 2171 104 70 der
2146 2161 212 97 havde
2389 2162 173 84 smaa-

869 2280 121 94 skee
870 2280 122 96 ffee
1026 2286 210 74 endda
1274 2297 194 62 været
1502 2281 224 95 bedre,
1782 2302 106 59 om
1928 2299 58 62 et
2034 2285 252 83 mindre
2316 2284 284 95 Stæd^

873 2406 120 74 end
1030 2397 728 113 Kjøb-enhavnxzhkwde
1497 2453 20 43 ,
1551 2400 208 96 havde
1799 2417 198 68 været
2027 2403 220 83 bleven
2279 2404 200 98 brugt
2509 2407 78 80 til

869 2518 410 88 Lære-Klud.

1079 2636 109 90 Bl
1213 2659 73 62 år
1327 2643 203 83 kunde
1547 2650 143 76 med
1715 2646 301 99 Arbeyde
2045 2647 251 97 forsyne
2327 2650 259 98 enhver,

874 2760 136 92 fom
1050 2766 210 90 gierne
1286 2765 142 78 ville
1464 2768 322 98 arbeyde,
1836 2790 148 63 men
2019 2771 156 81 intet
2212 2772 122 96 har
2366 2788 74 66 at
2476 2792 106 61 ar«

866 2882 240 94 beyde,
1162 2884 198 97 (naar
1398 2885 230 96 Foden
1679 2880 401 118 skal-komme
1830 2892 250 81 komme
2124 2902 90 72 ud
2260 2890 322 97 deraffor

872 3010 119 80 den
1028 3004 453 103 Arbeydende)
1515 3034 66 58 er
1614 3020 105 72 det
1766 3018 183 91 langt
2002 3011 105 96 fra
2140 3015 121 81 ikke
2293 3014 162 96 nok,
2507 3031 74 64 at

863 3152 164 60 man
1093 3129 248 82 aabner
1399 3147 56 64 et
1515 3134 334 96 Magazin
1895 3133 80 96 af
2021 3137 166 93 Uld,
2269 3134 164 100 Hor
2499 3159 84 74 og

867 3252 362 95 Bomuld,
1287 3273 82 72 og
1403 3254 192 92 deraf
1623 3258 72 78 til
1729 3256 484 95 Bearbeydelse
2249 3264 328 75 udleverer

866 3396 108 58 een
1006 3382 142 72 eller
1188 3377 180 92 firere
1408 3377 222 94 Pund
1662 3382 72 76 til
1764 3386 190 85 dem,
2006 3387 112 72 der
2154 3396 254 64 maatte
2444 3376 134 94 for«

860 3500 192 92 lange
1084 3494 322 99 saadant,
1460 3501 174 85 imod
1668 3518 72 64 al
1772 3506 76 77 de
1900 3515 182 72 enten
2128 3499 168 96 sætte
2330 3502 244 97 Pandt
