2848 4551
1043 439 93 69 32

932 612 146 96 skar
1109 615 238 104 betafe;
1421 621 92 90 thi
1563 615 104 98 for
1713 614 362 98 Eftertiden
2141 614 200 86 bliver
2393 614 104 100 fra
2569 621 180 98 ingen

937 710 360 89 Collecteur
1345 717 288 100 afhentet
1685 719 232 100 Penge
1967 724 120 74 ved
2143 718 606 103 Lorts-Buddene;

933 836 149 60 men
1119 817 431 86 Collecteuren
1583 841 189 58 mane
1815 816 121 94 selv
1969 818 255 96 besørge
2255 828 145 70 dem
2453 821 299 96 henbrag«

934 932 80 64 te.
1162 917 216 100 Den,
1442 921 134 92 som
1632 921 322 82 udebliver
2004 924 144 74 med
2196 918 444 95 Beralningen
2690 925 66 78 til

934 1032 152 64 rette
1122 1015 158 98 T>d,
1314 1023 120 94 har
1464 1019 310 96 forbrudt
1808 1016 402 98 smCollecte,
2246 1040 88 78 og
2370 1039 186 61 maae
2590 1023 159 101 srax

932 1132 186 67 vente
1152 1115 382 96 Afsettelsen.

1146 1215 144 86 Alle
1320 1221 466 98 Søgnedage,
1834 1242 106 60 om
1974 1218 486 100 Formiddagen
2494 1215 106 94 fra
2634 1219 114 84 Kl.

935 1338 92 49 10
1062 1317 70 80 til
1180 1343 32 48 i
1256 1319 224 96 Slet,
1536 1345 80 74 og
1652 1319 104 98 fra
1806 1320 288 84 Klokken
2124 1346 50 68 4
2222 1322 70 78 til
2342 1328 44 68 6
2436 1318 172 83 Slet
2650 1341 102 60 om

928 1412 578 107 Eftermiddagen,
1552 1445 80 76 og
1668 1429 184 73 ellers
1884 1424 70 76 til
1988 1424 186 92 ingen
2208 1426 210 74 anden
2452 1420 164 95 Tid,
2646 1419 80 82 bli-

934 1532 115 64 ver
1086 1517 287 98 afregnet
1404 1545 79 74 og
1502 1523 361 97 Rigtighed
1882 1524 205 94 aflagt
2104 1526 123 76 ved
2246 1518 507 86 Collecteurerne.

929 1612 136 88 De
1113 1621 164 80 vilde
1319 1620 205 96 altsaa
1585 1629 70 74 til
1701 1621 380 99 foreskrevne
2133 1620 134 88 Tid
2319 1620 288 93 indfinde
2667 1623 86 94 sig

931 1722 146 75 med
1113 1723 94 76 alt
1231 1725 142 94 det,
1405 1723 132 92 som
1575 1731 72 74 de
1681 1725 160 90 have
1897 1740 68 62 at
2017 1716 314 98 afhandle
2377 1742 82 74 og
2509 1717 240 96 afgiore

931 1815 356 99 ihenseende
1329 1829 70 76 til
1435 1821 494 97 Tall-Lotteriet,
1959 1844 134 76 paa
2119 1818 444 102 Lotto-Huset,
2593 1823 158 96 hvor

931 1922 76 78 de
1045 1919 90 80 vil
1165 1921 174 94 finde
1375 1929 64 72 al
1467 1929 234 88 muelig
1735 1923 494 97 Promptitude.

1153 2043 32 48 i
1203 2027 100 86 z.)
1359 2019 262 92 Efterat
1659 2023 436 96 Afregningen
2135 2044 64 56 er
2231 2020 192 94 ffeet,
2465 2039 82 74 og
2567 2017 160 84 Sal-

927 2120 166 76 doen
1127 2119 192 98 bragt
1351 2123 18 78 i
1409 2121 394 100 Rigtighed,
1847 2122 352 80 bekommer
2223 2120 430 82 Collecteuren
2691 2135 60 66 et

925 2214 261 86 Beviis
1219 2219 81 96 af
1325 2221 411 98 Cassereren,
1769 2240 71 62 at
1887 2222 207 94 alting
2127 2218 105 92 fra
2269 2218 235 94 forrige
2533 2215 193 92 Træk-

928 2318 162 95 ning
1124 2339 64 60 er
1218 2321 196 80 betalt
1452 2345 80 72 og
1564 2325 258 94 rigtigt;
1876 2328 162 72 dette
2082 2318 254 84 Beviis
2376 2337 188 62 maae
2612 2325 132 72 med

930 2422 78 76 de
1054 2418 194 97 første
1296 2421 226 96 Listers
1552 2419 436 98 Indlevering
2044 2420 68 80 til
2166 2418 184 94 næste
2406 2416 342 97 Trækning

930 2520 174 100 følge
1128 2527 190 92 med;
1372 2521 92 96 thi
1518 2529 182 76 ellers
1746 2525 20 78 i
1812 2524 210 92 vidrig
2074 2516 136 98 fald
2260 2520 194 80 bliver
2498 2517 248 98 Listerne

928 2642 76 76 ey
1040 2639 296 80 antagne.

1162 2749 108 68 14.
1278 2733 34 84 )
1364 2723 512 93 Undervnsning
1906 2740 106 58 om
2052 2736 70 64 at
2168 2724 280 92 udregne
2482 2715 260 102 Amber,

930 2822 252 94 Terner
1224 2847 80 74 og
1336 2821 412 82 Qvaterner.

1154 2951 109 66 15.
1270 2933 29 84 )
1344 2921 151 86 Om
1534 2943 77 58 en
1642 2918 455 101 Forpligtelse,
2148 2918 135 92 som
2334 2920 233 96 enhver
2598 2915 119 84 Col-

929 3030 230 78 lecteur
1195 3027 122 94 ffal
1345 3023 434 95 underskrive,
1833 3044 70 60 at
1937 3026 130 96 han
2109 3038 166 78 noye
2311 3022 90 78 vil
2433 3018 280 97 efterkom-

929 3146 104 62 me
1063 3126 194 101 Plan
1289 3141 86 78 vg
1407 3121 304 98 Jnstrux.

1157 3235 106 70 16.
1267 3229 26 94 )
1347 3223 150 84 Om
1531 3229 120 74 den
1669 3219 318 102 Procent,
2017 3220 136 92 som
2196 3221 285 95 tilsaaes
2515 3217 220 94 enhver

927 3324 404 95 Collecteur;
1399 3323 166 94 samt
1611 3321 626 86 Recommendatioit
2295 3324 68 76 til
2401 3328 64 70 al
2515 3317 220 92 muelig

927 3426 482 100 Promptitude
1463 3445 82 74 og
1591 3421 434 97 Accuratesse,
2089 3420 132 92 som
2283 3419 454 98 uomgjengelig

929 3529 406 92 nødvendige
1367 3523 184 88 Dele
1585 3529 120 76 ved
1741 3520 542 90 Lotto-Væsenet.

1143 3625 201 96 Disse
1359 3625 355 96 Jnstruxer
1745 3644 95 59 ere
1871 3622 453 96 underskrevne
2339 3615 80 108 af

1584 3731 118 78 ved
1746 3722 508 98 Tall-Lotteriet,
2304 3718 248 100 ligesom
2600 3725 136 82 den,

2500 3813 146 100 efter
