2717 4452
1713 380 98 71 27

206 538 156 95 legio
398 558 80 76 og
512 544 78 75 de
626 546 214 76 trende
876 562 118 75 nye
1024 543 398 100 Kammere,
1478 571 108 63 vm
1618 560 74 74 de
1718 608 22 44 ,
1776 556 138 93 fom

206 675 117 71 ved
366 666 503 98 Forandringen
906 670 227 97 bragte
1184 686 71 68 de
1290 674 429 88 Subalterne
1766 682 149 83 Be»

209 797 188 79 rienre
431 796 20 76 i
483 792 318 100 Forflag,
857 798 208 94 havde
1097 818 194 64 været
1327 807 404 97 overbeviiste
1769 830 150 75 om,

210 937 70 64 at
319 930 113 86 de,
485 922 127 93 som
647 919 223 103 forhen
901 946 159 61 vare
1109 929 229 97 brugte
1380 939 120 72 ved
1529 933 359 95 Forretnin-

214 1071 188 72 gerne
418 1100 22 44 ,
496 1051 190 96 ogsaa
724 1047 376 97 fremdeeles
1130 1055 202 81 kunde
1356 1056 162 101 have
1548 1078 194 64 værer
1776 1065 144 92 lige»

217 1175 118 92 saa
387 1178 360 94 beqvemme
781 1182 70 78 til
901 1190 74 71 de
1025 1177 506 106 Forretninger,
1585 1196 74 72 de
1695 1184 228 99 forhen

213 1321 153 62 vare
417 1306 229 95 brugte
693 1309 107 93 til,
857 1306 133 94 som
1041 1317 73 70 de
1161 1334 155 74 nye,
1371 1321 107 74 der
1517 1313 171 81 bleve
1717 1320 203 88 place»

216 1437 172 89 rede,
462 1454 80 73 og
594 1452 252 78 magter
894 1444 74 71 de
1032 1435 398 99 Indsigter,
1514 1447 74 73 de
1640 1443 280 92 maaffee

212 1557 199 83 kunde
462 1560 159 94 have
676 1565 19 74 i
739 1578 58 64 et
857 1568 140 77 eller
1062 1574 193 70 andet
1300 1564 425 98 Videnskab,
1790 1577 135 86 dog

209 1703 160 63 vare
398 1683 352 108 Kyndige
779 1710 106 60 om
919 1700 72 69 de
1027 1689 224 99 forhen
1283 1694 202 94 giorre
1507 1691 386 100 Foranstalt-

210 1815 264 99 ninger;
568 1815 92 96 thi
720 1815 162 99 hvor
934 1823 80 74 let
1066 1819 124 79 kan
1240 1830 104 68 der
1390 1821 120 80 ikke
1561 1822 162 96 skee-,
1808 1837 112 78 at,

212 1941 193 96 heldst
444 1963 167 60 naar
646 1943 207 81 baade
882 1941 269 100 Cheffen
1206 1970 81 72 og
1326 1948 433 81 Secretairen
1798 1951 17 76 i
1864 1963 57 66 et

213 2067 300 85 Bureau
555 2091 96 60 m
701 2069 344 95 fremmede
1089 2071 102 92 for
1237 2070 330 101 Bugene,
1621 2096 82 74 og
1747 2081 144 74 «-vi-

217 2201 195 75 dende
469 2218 113 61 om
643 2197 173 94 hvad
877 2210 109 69 der
1033 2201 19 76 i
1099 2197 343 98 Forveyen
1493 2223 61 62 er
1613 2200 305 98 passeret,

216 2321 124 81 kan
372 2333 188 83 kages
596 2343 74 60 en
704 2323 194 97 Plie,
952 2327 262 95 gandffe
1250 2330 308 88 stridende
1590 2330 176 76 imod
1788 2327 102 94 for-

215 2447 120 96 hen
377 2450 204 92 giorre
613 2445 650 103 Foranstaltninger,
1319 2452 250 95 saasom
1615 2452 44 94 f.
1713 2452 84 84 E.
1849 2469 72 68 at

215 2575 265 81 beordre
513 2573 327 83 Auctions
875 2576 299 99 Holdelse
1221 2600 149 59 over
1423 2603 73 56 en
1531 2578 361 98 Jagt-Ret-

214 2702 252 94 tighed,
534 2719 254 78 u-agtet
842 2704 238 92 samme
1130 2707 208 81 kunde
1400 2729 166 58 være
1612 2714 278 72 overdra-

218 2844 101 79 get
350 2850 73 58 en
462 2831 225 96 privat
738 2832 259 98 Person
1034 2837 19 74 i
1088 2827 471 102 Forpagtning
1598 2854 135 74 paa
1768 2829 153 102 visse

227 2953 182 99 Aar,
453 2955 474 99 hvorafendnu
965 2971 72 70 de
1077 2963 198 94 fieefte
1315 2980 158 65 vare
1501 2958 256 98 tilbage.

414 3208 215 89 Dette
666 3233 155 61 maa
856 3234 163 63 være
1050 3213 119 84 nok
1202 3236 105 58 om
1344 3210 573 99 Finantz-Collegii

215 3355 84 75 og
337 3340 143 120 det-3
525 3341 484 94 subordinerede
1043 3343 406 80 Kammeres
1487 3347 428 76 nærværende

213 3459 439 114 Forfatning,
711 3469 149 103 hvis
893 3470 503 104 Vidtløftighed
1445 3489 71 76 ey
1553 3468 247 78 tillader
1841 3479 73 70 at

1518 3597 294 101 betragte
