2855 4572
1713 454 96 74 15

91 641 175 102 giøre
303 636 327 94 saadanne
667 631 535 99 Forandringer;
1253 628 93 100 thi
1379 648 163 63 man
1573 629 211 96 ffulde
1819 636 69 78 al-

86 743 146 93 drig
292 756 174 75 troe,
536 753 72 64 at
660 739 74 73 de
782 740 182 73 korde
1000 737 176 92 giøre
1214 734 186 92 dem,
1436 737 170 74 uden
1638 748 72 64 ar
1744 750 172 64 være

94 840 368 96 berettigede
518 837 198 78 dertil.
818 830 165 97 Sex
1028 835 210 94 Ugers
1292 830 382 98 Gyldighed
1726 830 190 94 synes

91 957 72 64 at
209 958 170 62 være
431 935 160 96 nok;
661 952 146 62 men
841 938 122 76 den
1007 931 172 98 Fald
1213 930 206 82 kunde
1457 933 126 92 dog
1609 936 206 76 Møde
1843 948 76 65 ar

91 1045 122 74 den
239 1056 128 62 var
409 1040 104 77 det
543 1033 162 97 ikke;
775 1054 82 74 og
899 1032 174 97 hvad
1107 1033 206 78 burde
1345 1050 160 60 man
1539 1037 84 74 da
1655 1037 264 75 dømme

89 1159 113 60 om
247 1134 251 98 saadan
545 1133 329 84 Lotteriers
931 1129 397 97 Kierlighed.
1431 1127 161 88 Det
1627 1131 145 79 kom
1823 1138 95 74 da

90 1259 88 60 an
226 1258 138 76 paa
404 1242 184 73 deres
618 1231 290 99 Naade,
942 1253 110 60 om
1086 1237 76 78 de
1202 1234 164 80 vilde
1408 1227 298 86 udbetale
1730 1230 156 100 Pen-

88 1359 74 80 ge
198 1342 142 76 eller
382 1335 144 80 ikke.

301 1434 384 120 Planernes
751 1432 274 98 Tilhold
1093 1453 82 76 og
1245 1429 674 87 Lorrerie-Sedlernes

93 1534 342 98 Paaffrift
489 1537 120 90 har
661 1556 80 74 og
797 1533 298 93 hidindtil
1147 1548 192 64 været
1391 1533 174 96 enige
1619 1530 172 94 deri,
1845 1544 74 64 at

91 1638 433 90 Gevinsterne
591 1635 207 96 ffulde
865 1649 299 80 prompte
1217 1652 83 78 og
1349 1651 135 77 paa
1537 1629 381 84 Sedlernes

90 1737 460 98 Foreviisning
596 1732 354 82 udbetales.
1098 1730 168 97 Ikke
1315 1732 420 96 desomindre
1786 1744 100 66 tro-

88 1857 64 60 er
200 1856 207 74 man,
484 1841 102 72 der
636 1833 230 95 Rygte
916 1851 64 60 er
1034 1829 233 97 sandt,
1342 1848 70 62 at
1462 1851 168 58 naar
1682 1836 110 72 der
1842 1850 78 58 en

89 1941 142 75 eller
285 1940 216 76 anden
551 1955 178 74 gang
775 1954 96 60 ere
935 1931 322 82 udkomne
1317 1930 286 95 lykkelige
1637 1925 132 89 Tal
1815 1924 104 96 for

91 2033 454 98 Jndfetterne,
601 2032 112 92 faa
749 2032 122 96 har
903 2051 236 76 mange
1181 2028 458 95 Collecteurer,
1673 2027 132 89 som
1843 2046 76 74 ey

93 2135 123 90 selv
247 2138 181 90 eyede
477 2131 275 96 Penge,
804 2132 166 97 srax
1007 2149 73 60 at
1107 2135 255 76 udtælle
1391 2132 71 76 til
1495 2135 75 74 de
1603 2127 287 83 Vinden-

94 2239 120 89 de,
256 2232 160 90 havt
452 2229 334 94 Bryderie
828 2252 80 72 og
944 2229 212 84 Løben
1188 2228 120 78 nok
1342 2226 102 96 for
1478 2249 70 58 ar
1592 2227 148 92 faae
1774 2232 146 72 dem

94 2329 85 92 af
206 2328 462 99 Lotto-Cassen.
772 2328 243 95 Menig
1052 2329 450 90 Mand.rager
1534 2329 203 91 alting
1768 2322 154 96 efter

95 2429 420 97 Bogstaven.
621 2427 218 85 Enten
879 2428 206 79 burde
1119 2431 84 74 da
1245 2424 290 82 Lotterier
1565 2443 164 61 være
1759 2426 138 92 stric-

97 2547 58 64 te
189 2530 430 96 ordholdent,
679 2532 140 74 eller
847 2526 208 80 iblant
1095 2531 74 74 de
1203 2544 90 60 nu
1333 2523 430 97 paafindende
1807 2542 120 74 nye

97 2629 497 100 Forandringer
639 2624 257 94 indføre
945 2629 233 74 denne:
1231 2640 71 62 at
1345 2623 425 94 Gevinsterne
1805 2628 89 80 ud-

96 2729 244 81 betales
404 2733 172 74 uden
640 2720 392 99 Afkortning
1098 2723 300 94 saafnarr
1452 2720 440 96 Gevinst-Nu-

98 2849 212 60 merne
344 2848 94 58 ere
478 2831 277 87 optalte,
794 2824 134 92 som
968 2827 18 74 i
1030 2827 102 76 der
1164 2824 248 94 længste
1446 2823 150 94 skeer
1630 2825 186 74 inden
1856 2842 66 56 ro

97 2933 138 75 eller
269 2944 90 64 tre
393 2924 244 97 Dage.
739 2922 342 88 Derimod
1115 2925 166 76 vilde
1313 2924 184 94 ingen
1537 2925 166 90 have
1737 2938 188 78 noget

95 3045 72 62 at
215 3028 360 87 indvende,
637 3045 80 75 og
769 3043 286 72 mangen
1105 3021 358 82 Collecreur
1503 3021 138 78 blev
1677 3021 250 93 ffaanek

97 3123 107 94 for
253 3132 179 86 nogle
481 3121 411 90 Vindendes
945 3121 275 93 Tiltale,
1253 3118 131 94 som
1421 3119 337 80 uderkiden
1803 3118 125 79 ikke

100 3243 64 60 er
216 3228 92 76 alt
360 3220 102 96 for
510 3227 158 90 fiin,
706 3242 170 58 naar
912 3222 130 93 han
1086 3239 188 59 mane
1310 3218 148 80 bede
1498 3223 144 74 dem
1676 3217 250 81 komme

94 3323 166 96 iglen
310 3326 22 74 i
372 3322 331 97 Morgen,
758 3324 174 90 siden
992 3319 134 96 han
1180 3321 120 93 har
1356 3317 292 81 udbetalt
1682 3326 92 68 alt
1822 3326 104 74 der

97 3418 450 100 indcasserede,
599 3443 80 74 og
741 3424 124 96 har
907 3425 218 75 endnu
1159 3418 120 79 ikke
1309 3414 176 96 faaet
1515 3413 412 93 Overskuder

99 3519 86 96 af
211 3518 462 99 Lottv-Cassen.
775 3518 134 88 De
941 3515 378 99 Eenfoldige
1357 3522 206 87 legger
1599 3521 66 72 al
1701 3516 194 88 Skyl-

93 3625 125 78 den
249 3640 135 74 paa
413 3618 433 83 Collecteuren
885 3642 81 73 og
1003 3615 193 90 fatter
1235 3623 323 85 ugrundet
1577 3613 349 84 Misranke

96 3721 70 82 til
214 3722 198 100 ham;
472 3721 134 98 thi.
624 3725 102 93 de.
740 3736 194 86 troer.
968 3717 300 88 Lorcerie-
1286 3714 384 106 Planerne,
1698 3714 134 86 som
1858 3734 66 64 er
