2887 4512
2653 1 17 102 I

1061 417 95 67 16
1109 417 51 70 6

960 611 329 85 Lotteriets
1336 604 431 104 Forsikkring.
1908 603 131 87 De
2088 604 121 90 har
2250 601 65 94 jo
2358 605 177 85 heller
2578 607 191 94 ingen

961 712 146 82 Aar
1115 709 102 96 sag
1267 714 68 74 til
1367 721 234 80 andet,
1651 704 118 92 saa
1797 710 194 91 længe
2029 708 74 76 de
2139 703 122 80 ikke
2293 699 346 103 vssentlizen
2671 729 96 58 ere

961 817 373 76 anderledes
1369 813 439 75 underrettede
1845 827 81 72 og
1963 807 315 91 betydede.

1178 909 176 85 Den
1386 904 192 99 første
1608 905 476 98 Locterie-Plan
2118 923 122 59 var
2278 898 262 100 fremfor
2570 906 68 75 de
2656 923 80 58 an-

962 1016 111 74 dre
1104 1013 129 76 deri
1289 1006 480 92 uefterrettelig,
1811 1023 76 62 at
1920 1013 117 74 den
2066 1002 281 96 fastsatte
2379 1024 74 60 en
2484 1002 183 95 Dag
2705 1005 68 79 til

967 1108 194 95 forste
1205 1104 384 97 Trækning,
1645 1106 132 88 som
1821 1125 124 60 var
1993 1101 322 94 forhastet.
2419 1100 352 98 Aarsagen,

965 1210 135 90 som
1135 1203 225 99 forhen
1396 1228 62 58 er
1498 1210 308 76 ommeldt
1840 1209 68 76 til
1937 1203 473 94 Trækningens
2427 1200 345 96 Udftttelse,

964 1312 228 90 flucces
1238 1326 72 60 at
1352 1328 166 60 være
1574 1307 208 93 rigtig.
1900 1299 156 92 Det
2092 1302 518 105 Avertissement,
2642 1299 130 92 som

967 1410 142 78 blev
1144 1406 501 95 bekjende-gjorte
1627 1409 20 75 i
1685 1410 118 74 den
1835 1403 392 96 Anledning,
2257 1401 186 96 synes
2477 1420 70 60 at
2565 1397 210 94 beviise

963 1516 122 70 der.
1209 1507 67 97 I
1321 1507 286 88 Rocfts
1641 1495 776 110 Subscriptions-Plan
2461 1502 146 98 heed
2653 1505 125 89 det,

966 1624 74 62 at
1068 1609 138 84 han
1240 1608 166 80 vilde
1442 1605 118 92 selv
1600 1607 166 91 have
1810 1602 96 93 fat
1960 1624 132 75 paa
2140 1610 72 73 de
2252 1627 242 68 50020
2552 1598 228 90 Rdlr.,

968 1706 134 92 som
1134 1707 177 80 bleve
1344 1706 225 79 betalte
1600 1711 27 74 i
1658 1721 293 63 contame
1984 1703 271 101 Penge;
2296 1723 147 58 men
2466 1702 19 78 i
2506 1697 263 91 Avertis-

969 1806 292 94 sementet
1313 1810 184 88 heder
1531 1813 142 83 det,
1727 1821 136 64 »ar
1897 1811 166 62 Koes
2115 1802 372 91 bestræbede
2521 1802 90 94 sig
2663 1819 118 73 nu,

969 1958 45 32 „
1045 1906 101 91 for
1177 1923 73 62 at
1287 1902 147 96 faae
1463 1911 121 76 den
1619 1889 177 109 fulde
1815 1904 321 81 Summa
2153 1897 81 96 af
2261 1924 293 67 252002
2574 1895 208 100 Rd

1038 2016 372 85 deponerer,
1440 2007 232 91 nemlig
1718 2027 288 68 125222
2038 2002 200 82 Rdlr.
2276 2005 20 74 i
2332 2007 118 74 den
2484 1998 267 98 Kinden-

970 2155 20 33 -
997 2104 308 93 ,.havnfk"e
1040 2105 267 92 havnske
1336 2102 303 95 Bangve
1694 2126 81 72 og
1838 2127 287 66 125222
2175 2098 204 83 Rl
2412 2104 23 72 i
2464 2098 321 84 Altvnarr

971 2254 44 36 ,>
1043 2204 404 91 Kæmnerie,
1493 2205 68 76 til
1599 2201 424 96 Betryggelse
2077 2198 102 94 for
2225 2196 558 101 Interessenterne,

976 2354 42 34 «
1049 2304 367 97 Publicum
1447 2323 81 74 og
1557 2309 107 72 der
1711 2304 127 84 hele
1871 2295 615 95 Lotterie-Væsen,
2535 2291 249 98 ligesom

984 2454 40 32 ->
1050 2403 406 93 Recipicerne
1504 2397 102 94 for
1664 2406 120 72 den
1846 2399 126 86 hele
2020 2396 276 94 Capital
2356 2397 194 77 bliver
2580 2397 202 78 under

979 2552 42 36 ,>
1048 2510 121 73 den
1198 2499 81 93 af
1300 2497 539 100 Interessenterne
1874 2497 287 82 blivende
2188 2496 399 85 Directions
2620 2489 135 86 Va-

981 2618 326 79 „rerægr;
1349 2622 80 74 og
1473 2605 86 74 da
1593 2598 184 80 ikkun
1824 2620 138 69 130
1873 2621 90 70 z«
2011 2595 212 83 Acrier
2259 2615 154 62 vare
2457 2592 202 92 sendte
2705 2595 70 76 ril

984 2754 38 30 „
1051 2700 493 96 Kiobenhavn,
1589 2695 133 92 som
1753 2720 97 56 ere
1885 2697 233 93 solgte,
2173 2717 81 72 og
2289 2694 369 101 Publicum
2694 2688 66 103 sys-

984 2852 18 32 -
1010 2861 3 4 -
1016 2851 14 29 -
1056 2811 117 70 nes
1222 2816 68 62 ar
1344 2800 162 88 have
1549 2794 139 87 Ret
1740 2802 108 89 ril,
1894 2815 248 69 01252
2178 2794 214 85 Actier
2448 2792 164 82 blive
2658 2791 128 94 her,

987 2950 42 32 ,>
1056 2900 131 91 som
1217 2921 64 56 er
1312 2898 425 98 Halvparten
1769 2901 152 74 mod
1964 2897 177 96 hvad
2180 2902 113 73 der
2322 2897 195 77 bliver
2560 2894 19 74 i
2608 2889 149 86 Alto-

987 3052 40 32 „
1057 3023 128 66 na,
1252 2997 108 92 faa
1421 3017 66 58 er
1523 3017 160 56 man
1739 2992 404 92 forventende
2189 2999 218 74 endnu
2467 3014 138 50 122
2651 2993 136 76 med

980 3146 48 38 ■„
1056 3099 182 92 næste
1275 3096 193 96 Post.
1569 3095 261 92 Dette,
1863 3092 343 88 saavelsom
2229 3093 363 96 Posternes
2624 3091 164 92 urig»

988 3250 40 32 ,,
1056 3203 122 90 rige
1212 3197 216 93 Gang
1460 3195 120 88 har
1612 3191 394 91 foraarsaget
2034 3192 326 80 Lotteriets
2402 3188 384 93 Træknings

991 3352 40 28 „
1055 3294 364 94 Udserrelse,
1446 3296 19 75 i
1496 3293 205 98 Følge
1718 3292 137 98 Hr.
1887 3288 234 74 Koskes
2152 3292 203 85 Brev
2385 3284 82 98 af
2493 3312 86 50 12
2598 3285 193 84 Mar«

1055 3401 68 76 tii
1157 3399 20 74 i
1217 3421 35 68 3
1293 3400 252 90 Uger...
1671 3390 709 95 Træknings-Dagen,
2421 3386 120 86 ikke
2599 3393 190 72 allene

986 3502 70 76 til
1088 3503 122 70 den
1250 3493 188 95 første
1454 3493 240 88 Trækn
1722 3516 110 72 ng,
1864 3511 146 58 men
2034 3496 206 89 endog
2272 3493 70 76 til
2376 3494 118 74 alle
2522 3492 74 74 de
2624 3483 140 80 øvri-

984 3620 80 72 ge
1106 3594 418 89 Trækninger
1554 3595 18 72 i
1598 3591 287 92 Altona,
1922 3591 140 78 blev
2102 3596 244 87 derpaa
2380 3605 298 61 nærmere
2712 3603 81 71 og

983 3703 148 78 med
1175 3693 142 100 fuld
1353 3690 282 99 Vished
1687 3692 256 100 bestemt
1981 3693 20 80 i
2047 3710 78 64 en
2167 3709 122 80 nye
2335 3687 234 103 Plan,
2617 3683 178 90 hvori
