2740 4466
904 426 53 70 4

807 595 266 95 Sprog
1121 594 124 80 ikke
1295 591 204 84 kunne
1549 611 166 61 være
1757 588 232 98 ligesaa
2029 585 262 92 beqvem
2323 584 190 78 dertil

809 717 136 89 som
981 732 188 78 noget
1203 713 246 76 andet?
1503 709 160 83 Det
1697 738 64 50 er
1789 710 122 78 ikke
1939 709 576 97 usædvanligtpaa

810 850 202 68 andre
1052 836 264 80 Steder
1356 853 70 60 at
1482 833 154 96 høre
1688 843 450 72 commavdere
2180 837 22 74 i
2230 835 284 77 Landets

812 961 282 95 Sprog.
1200 961 132 82 Vi
1368 957 240 96 behøve
1642 958 122 78 ikke
1794 974 74 60 at
1892 944 479 106 gaae-længere
2102 963 266 89 længere
2396 966 124 70 end

812 1090 73 78 til
932 1106 155 60 vore
1132 1084 323 95 Naboer,
1510 1091 74 73 de
1638 1084 320 96 Svenske.
2080 1083 132 84 De
2260 1079 258 97 benytte

811 1217 96 91 sig
949 1210 78 94 af
1071 1222 184 69 deres
1299 1229 134 78 eget
1467 1211 278 97 Sprog.
1801 1252 100 12 —
2001 1211 128 92 Og
2165 1213 66 76 vi
2271 1208 244 98 behøve

811 1339 122 79 ikke
965 1358 256 75 engang
1269 1353 70 62 at
1387 1343 138 72 lade
1553 1356 154 58 vore
1737 1332 258 88 Tanker
2033 1331 340 100 beskæftige
2421 1338 94 92 sig

807 1474 145 68 med
1029 1460 345 96 fremmede
1427 1461 379 82 Nationers
1863 1458 297 99 Forhold
2231 1463 21 76 i
2317 1472 201 70 denne

814 1589 202 97 Post.
1070 1630 100 12 —
1270 1587 252 84 Vores
1568 1608 150 76 egen
1758 1588 376 85 Søe-Erar
2178 1589 310 85 kanover-

810 1706 224 100 beviise
1072 1722 80 70 os
1186 1731 148 78 om,
1394 1727 70 62 ar
1496 1715 104 77 det
1630 1710 280 98 Danske
1944 1715 306 94 Sprog,
2282 1714 238 96 ligesaa

806 1848 99 72 vel
962 1840 133 90 som
1126 1855 191 80 noget
1360 1845 239 89 andet,
1650 1840 123 78 kan
1814 1846 139 73 lade
2000 1845 93 92 sig
2150 1843 203 93 bruge
2396 1848 121 72 ved

809 1965 362 97 Exercicen.
1279 1963 160 86 Det
1471 1987 66 58 er
1567 1962 218 96 derfor
1815 1972 136 89 vel,
2005 1983 72 62 at
2129 1977 104 70 der
2273 1970 246 92 endelig

809 2112 258 76 engang
1101 2112 64 58 er
1201 2089 298 80 kommen
1525 2094 222 94 dertil,
1781 2110 70 62 ak
1887 2112 160 61 man
2079 2113 82 74 og
2189 2093 124 94 har
2343 2094 176 80 villet

812 2220 180 92 giøre
1039 2214 255 97 Forsøg
1338 2233 136 78 paa
1526 2234 72 60 ar
1643 2214 253 96 indføre
1941 2209 249 104 Dansk-
2223 2217 297 97 Exerciee

804 2350 120 72 ved
976 2338 480 89 Land-Etaten.
1576 2340 178 82 Men
1810 2346 108 92 gid
1980 2345 122 78 ikke
2146 2365 206 75 nogen
2398 2352 122 74 ved

804 2473 200 75 denne
1046 2466 366 93 Anledning
1444 2486 250 60 maarre
1726 2468 164 78 blive
1932 2469 240 80 betroer
2218 2473 108 93 kil,
2378 2494 140 72 paa

801 2592 250 96 Dansk
1081 2612 72 60 at
1191 2591 318 92 oversætte
1559 2602 76 68 de
1667 2594 296 94 hidindtil
2009 2597 232 94 brugte
2273 2594 246 100 Tydffe

805 2715 660 98 Commando-Ord,
1533 2728 170 70 uden
1749 2736 74 64 at
1879 2722 244 91 besidde
2163 2731 122 71 den
2329 2728 190 78 dertil

803 2841 322 95 fornødne
1157 2840 284 97 Indsigt
1493 2865 84 75 og
1609 2844 270 96 Styrke
1907 2851 20 76 i
1963 2847 194 98 begge
2185 2849 332 97 Svroge,

802 2969 136 95 som
1004 2990 66 58 er
1124 2979 189 82 noget
1378 2973 256 92 sieldent
1696 2974 210 80 iblant
1966 2979 74 74 de
2112 2977 400 81 Militaires.

800 3095 160 85 Det
998 3086 295 101 Danske-
1314 3097 260 95 Sprog
1604 3100 90 76 vil
1722 3106 188 72 ellers
1935 3093 183 100 saae-.
2148 3107 20 74 i
2200 3099 180 97 Fare
2408 3100 106 96 for

802 3241 72 57 ar
910 3222 164 80 blive
1110 3225 349 90 lemlæstet,
1506 3244 83 74 og
1620 3222 731 89 Commando-Ordene
2386 3230 127 82 kan

797 3345 124 81 ikke
953 3352 196 72 allene
1187 3352 80 73 ler
1299 3347 148 78 råbe
1483 3371 72 57 en
1575 3352 130 90 stor
1753 3354 182 84 Deel
1981 3353 78 96 af
2099 3365 120 70 den
2267 3356 222 94 Anseel-

795 3469 98 101 se,
943 3480 76 74 de
1065 3470 122 84 bør
1233 3473 208 96 have,
1493 3495 148 63 men
1691 3490 118 70 end
1865 3503 82 74 og
1993 3481 166 84 blive
2211 3481 72 81 til
2313 3482 164 82 Vid-

2195 3624 207 68 under
