<?xml version="1.0" encoding="utf-8"?>
<alto xmlns="http://www.loc.gov/standards/alto/ns-v3#" xmlns:xs="http://www.w3.org/2001/XMLSchema-instance" xmlns:xlink="http://www.w3.org/1999/xlink">
	<Description>
		<MeasurementUnit>pixel</MeasurementUnit>
		<sourceImageInformation>
			<fileName>130017168232_2_015_001_043.tif</fileName>
		</sourceImageInformation>
		<OCRProcessing ID="OCR1">
			<ocrProcessingStep>
				<processingDateTime>2018-09-15</processingDateTime>
				<processingAgency>Zissor AS</processingAgency>
				<processingStepSettings>Combined OCR</processingStepSettings>
				<processingSoftware>
					<softwareCreator>Zissor AS</softwareCreator>
					<softwareName>ContentOCR-11; ContentOCR-Tesseract</softwareName>
					<softwareVersion>2.0.2; 2.0.0</softwareVersion>
					<applicationDescription>OCR Component for Zissor Content System</applicationDescription>
				</processingSoftware>
			</ocrProcessingStep>
		</OCRProcessing>
	</Description>
	<Styles>
		<TextStyle ID="STYLE1" FONTFAMILY="Arial" FONTSIZE="11" FONTSTYLE=""/>
		<TextStyle ID="STYLE2" FONTFAMILY="Arial" FONTSIZE="10.5" FONTSTYLE=""/>
		<TextStyle ID="STYLE3" FONTFAMILY="Arial" FONTSIZE="12" FONTSTYLE=""/>
	</Styles>
	<Layout>
		<Page ID="PAGE43" HEIGHT="4495" WIDTH="2743" PHYSICAL_IMG_NR="43" PROCESSING="OCR1" PC="0.68">
			<TopMargin HEIGHT="417" WIDTH="2743" HPOS="0" VPOS="0"/>
			<LeftMargin HEIGHT="3301" WIDTH="218" HPOS="0" VPOS="417"/>
			<RightMargin HEIGHT="3301" WIDTH="794" HPOS="1949" VPOS="417"/>
			<BottomMargin HEIGHT="775" WIDTH="2743" HPOS="0" VPOS="3720"/>
			<PrintSpace ID="PRINTSPACE1" HEIGHT="3301" WIDTH="1729" HPOS="219" VPOS="418">
				<ComposedBlock xs:type="ComposedBlockType" ID="ARTICLE122661" HEIGHT="3301" WIDTH="1729" HPOS="219" VPOS="418" xlink:type="simple">
					<TextBlock xs:type="TextBlockType" ID="ZONE1266389" HEIGHT="71" WIDTH="96" HPOS="1730" VPOS="418" xlink:type="simple">
						<TextLine ID="LINE1" HEIGHT="71" WIDTH="96" HPOS="1730" VPOS="418">
							<String ID="STRING1" STYLEREFS="STYLE1" HEIGHT="71" WIDTH="96" HPOS="1730" VPOS="418" CONTENT="4*" WC="0.47" LANG="nob"/>
						</TextLine>
					</TextBlock>
					<TextBlock xs:type="TextBlockType" ID="ZONE1266390" HEIGHT="715" WIDTH="1719" HPOS="224" VPOS="580" xlink:type="simple">
						<TextLine ID="LINE2" HEIGHT="105" WIDTH="1704" HPOS="231" VPOS="582">
							<String ID="STRING2" STYLEREFS="STYLE2" HEIGHT="66" WIDTH="86" HPOS="231" VPOS="597" CONTENT="at" WC="0.6" LANG="dan"/>
							<SP ID="SP1" WIDTH="44" HPOS="317" VPOS="597"/>
							<String ID="STRING3" STYLEREFS="STYLE2" HEIGHT="96" WIDTH="224" HPOS="361" VPOS="583" CONTENT="ønfke," WC="0.21" LANG="dan"/>
							<SP ID="SP2" WIDTH="78" HPOS="585" VPOS="583"/>
							<String ID="STRING4" STYLEREFS="STYLE2" HEIGHT="60" WIDTH="70" HPOS="663" VPOS="602" CONTENT="at" WC="0.35" LANG="dan"/>
							<SP ID="SP3" WIDTH="44" HPOS="733" VPOS="602"/>
							<String ID="STRING5" STYLEREFS="STYLE2" HEIGHT="99" WIDTH="496" HPOS="777" VPOS="582" CONTENT="Kiobenhavn," WC="0.76" LANG="dan"/>
							<SP ID="SP4" WIDTH="80" HPOS="1273" VPOS="582"/>
							<String ID="STRING6" STYLEREFS="STYLE2" HEIGHT="96" WIDTH="162" HPOS="1353" VPOS="584" CONTENT="ifald" WC="0.57" LANG="dan"/>
							<SP ID="SP5" WIDTH="46" HPOS="1515" VPOS="584"/>
							<String ID="STRING7" STYLEREFS="STYLE2" HEIGHT="76" WIDTH="120" HPOS="1561" VPOS="592" CONTENT="den" WC="0.82" LANG="dan"/>
							<SP ID="SP6" WIDTH="64" HPOS="1681" VPOS="592"/>
							<String ID="STRING8" STYLEREFS="STYLE2" HEIGHT="94" WIDTH="190" HPOS="1745" VPOS="593" CONTENT="(som" WC="0.82" LANG="dan"/>
						</TextLine>
						<TextLine ID="LINE3" HEIGHT="105" WIDTH="1712" HPOS="229" VPOS="702">
							<String ID="STRING9" STYLEREFS="STYLE2" HEIGHT="104" WIDTH="494" HPOS="229" VPOS="702" CONTENT="Rygtet'siger)" WC="0.66" LANG="dan"/>
							<SP ID="SP7" WIDTH="56" HPOS="723" VPOS="702"/>
							<String ID="STRING10" STYLEREFS="STYLE2" HEIGHT="96" WIDTH="122" HPOS="779" VPOS="706" CONTENT="stal" WC="0.64" LANG="dan"/>
							<SP ID="SP8" WIDTH="44" HPOS="901" VPOS="706"/>
							<String ID="STRING11" STYLEREFS="STYLE2" HEIGHT="96" WIDTH="164" HPOS="945" VPOS="706" CONTENT="have" WC="0.88" LANG="dan"/>
							<SP ID="SP9" WIDTH="44" HPOS="1109" VPOS="706"/>
							<String ID="STRING12" STYLEREFS="STYLE2" HEIGHT="60" WIDTH="72" HPOS="1153" VPOS="729" CONTENT="en" WC="1" LANG="dan"/>
							<SP ID="SP10" WIDTH="38" HPOS="1225" VPOS="729"/>
							<String ID="STRING13" STYLEREFS="STYLE2" HEIGHT="74" WIDTH="116" HPOS="1263" VPOS="729" CONTENT="nye" WC="0.86" LANG="dan"/>
							<SP ID="SP11" WIDTH="42" HPOS="1379" VPOS="729"/>
							<String ID="STRING14" STYLEREFS="STYLE2" HEIGHT="99" WIDTH="520" HPOS="1421" VPOS="708" CONTENT="Politiemester," WC="0.66" LANG="dan"/>
						</TextLine>
						<TextLine ID="LINE4" HEIGHT="107" WIDTH="1718" HPOS="225" VPOS="824">
							<String ID="STRING15" STYLEREFS="STYLE2" HEIGHT="75" WIDTH="96" HPOS="225" VPOS="832" CONTENT="da" WC="0.63" LANG="dan"/>
							<SP ID="SP12" WIDTH="32" HPOS="321" VPOS="832"/>
							<String ID="STRING16" STYLEREFS="STYLE2" HEIGHT="64" WIDTH="252" HPOS="353" VPOS="843" CONTENT="maatte" WC="0.93" LANG="dan"/>
							<SP ID="SP13" WIDTH="36" HPOS="605" VPOS="843"/>
							<String ID="STRING17" STYLEREFS="STYLE2" HEIGHT="96" WIDTH="142" HPOS="641" VPOS="824" CONTENT="faae" WC="1" LANG="dan"/>
							<SP ID="SP14" WIDTH="34" HPOS="783" VPOS="824"/>
							<String ID="STRING18" STYLEREFS="STYLE2" HEIGHT="92" WIDTH="248" HPOS="817" VPOS="826" CONTENT="saadan" WC="0.88" LANG="dan"/>
							<SP ID="SP15" WIDTH="48" HPOS="1065" VPOS="826"/>
							<String ID="STRING19" STYLEREFS="STYLE2" HEIGHT="58" WIDTH="72" HPOS="1113" VPOS="851" CONTENT="en" WC="1" LANG="dan"/>
							<SP ID="SP16" WIDTH="56" HPOS="1185" VPOS="851"/>
							<String ID="STRING20" STYLEREFS="STYLE2" HEIGHT="95" WIDTH="276" HPOS="1241" VPOS="831" CONTENT="Mand," WC="0.73" LANG="dan"/>
							<SP ID="SP17" WIDTH="54" HPOS="1517" VPOS="831"/>
							<String ID="STRING21" STYLEREFS="STYLE2" HEIGHT="92" WIDTH="136" HPOS="1571" VPOS="832" CONTENT="som" WC="0.71" LANG="dan"/>
							<SP ID="SP18" WIDTH="46" HPOS="1707" VPOS="832"/>
							<String ID="STRING22" STYLEREFS="STYLE2" HEIGHT="78" WIDTH="22" HPOS="1753" VPOS="835" CONTENT="i" WC="0.47" LANG="dan"/>
							<SP ID="SP19" WIDTH="36" HPOS="1775" VPOS="835"/>
							<String ID="STRING23" STYLEREFS="STYLE2" HEIGHT="98" WIDTH="132" HPOS="1811" VPOS="833" CONTENT="fine" WC="0.45" LANG="dan"/>
						</TextLine>
						<TextLine ID="LINE5" HEIGHT="102" WIDTH="1686" HPOS="228" VPOS="949">
							<String ID="STRING24" STYLEREFS="STYLE2" HEIGHT="83" WIDTH="174" HPOS="228" VPOS="962" CONTENT="tinge" WC="0.83" LANG="dan"/>
							<SP ID="SP20" WIDTH="22" HPOS="402" VPOS="962"/>
							<String ID="STRING25" STYLEREFS="STYLE2" HEIGHT="82" WIDTH="142" HPOS="424" VPOS="949" CONTENT="Aar" WC="0.54" LANG="dan"/>
							<SP ID="SP21" WIDTH="30" HPOS="566" VPOS="949"/>
							<String ID="STRING26" STYLEREFS="STYLE2" HEIGHT="89" WIDTH="116" HPOS="596" VPOS="951" CONTENT="selv" WC="0.78" LANG="dan"/>
							<SP ID="SP22" WIDTH="34" HPOS="712" VPOS="951"/>
							<String ID="STRING27" STYLEREFS="STYLE2" HEIGHT="94" WIDTH="208" HPOS="746" VPOS="952" CONTENT="havde" WC="0.69" LANG="dan"/>
							<SP ID="SP23" WIDTH="32" HPOS="954" VPOS="952"/>
							<String ID="STRING28" STYLEREFS="STYLE2" HEIGHT="78" WIDTH="114" HPOS="986" VPOS="953" CONTENT="lidt" WC="0.8" LANG="dan"/>
							<SP ID="SP24" WIDTH="20" HPOS="1100" VPOS="953"/>
							<String ID="STRING29" STYLEREFS="STYLE2" HEIGHT="83" WIDTH="366" HPOS="1120" VPOS="951" CONTENT="Skibbrud" WC="0.43" LANG="dan"/>
							<SP ID="SP25" WIDTH="-169" HPOS="1486" VPOS="951"/>
							<String ID="STRING30" STYLEREFS="STYLE3" HEIGHT="96" WIDTH="339" HPOS="1317" VPOS="951" CONTENT="brudt-paa" WC="0.76" LANG="dan"/>
							<SP ID="SP26" WIDTH="22" HPOS="1656" VPOS="951"/>
							<String ID="STRING31" STYLEREFS="STYLE2" HEIGHT="99" WIDTH="236" HPOS="1678" VPOS="952" CONTENT="Spille" SUBS_TYPE="HypPart1" SUBS_CONTENT="Spillevg" WC="0.82" LANG="dan"/>
							<HYP CONTENT="-"/>
						</TextLine>
						<TextLine ID="LINE6" HEIGHT="100" WIDTH="1680" HPOS="230" VPOS="1067">
							<String ID="STRING32" STYLEREFS="STYLE2" HEIGHT="73" WIDTH="90" HPOS="230" VPOS="1092" CONTENT="vg" SUBS_TYPE="HypPart2" SUBS_CONTENT="Spillevg" WC="0.48" LANG="dan"/>
							<SP ID="SP27" WIDTH="32" HPOS="320" VPOS="1092"/>
							<String ID="STRING33" STYLEREFS="STYLE2" HEIGHT="100" WIDTH="442" HPOS="352" VPOS="1067" CONTENT="Hvre-Hust," WC="0.47" LANG="dan"/>
							<SP ID="SP28" WIDTH="28" HPOS="794" VPOS="1067"/>
							<String ID="STRING34" STYLEREFS="STYLE2" HEIGHT="74" WIDTH="82" HPOS="822" VPOS="1092" CONTENT="øg" WC="0.88" LANG="dan"/>
							<SP ID="SP29" WIDTH="32" HPOS="904" VPOS="1092"/>
							<String ID="STRING35" STYLEREFS="STYLE2" HEIGHT="73" WIDTH="232" HPOS="936" VPOS="1080" CONTENT="derved" WC="0.7" LANG="dan"/>
							<SP ID="SP30" WIDTH="32" HPOS="1168" VPOS="1080"/>
							<String ID="STRING36" STYLEREFS="STYLE2" HEIGHT="94" WIDTH="436" HPOS="1200" VPOS="1071" CONTENT="fuldkommen" WC="0.59" LANG="dan"/>
							<SP ID="SP31" WIDTH="32" HPOS="1636" VPOS="1071"/>
							<String ID="STRING37" STYLEREFS="STYLE2" HEIGHT="61" WIDTH="124" HPOS="1668" VPOS="1096" CONTENT="var" WC="0.85" LANG="dan"/>
							<SP ID="SP32" WIDTH="18" HPOS="1792" VPOS="1096"/>
							<String ID="STRING38" STYLEREFS="STYLE2" HEIGHT="78" WIDTH="100" HPOS="1810" VPOS="1077" CONTENT="ble" SUBS_TYPE="HypPart1" SUBS_CONTENT="bleven" WC="0.8" LANG="dan"/>
							<HYP CONTENT="-"/>
						</TextLine>
						<TextLine ID="LINE7" HEIGHT="102" WIDTH="1702" HPOS="234" VPOS="1193">
							<String ID="STRING39" STYLEREFS="STYLE2" HEIGHT="61" WIDTH="124" HPOS="234" VPOS="1212" CONTENT="ven" SUBS_TYPE="HypPart2" SUBS_CONTENT="bleven" WC="0.78" LANG="dan"/>
							<SP ID="SP33" WIDTH="38" HPOS="358" VPOS="1212"/>
							<String ID="STRING40" STYLEREFS="STYLE2" HEIGHT="87" WIDTH="366" HPOS="396" VPOS="1193" CONTENT="overbevirst" WC="0.62" LANG="dan"/>
							<SP ID="SP34" WIDTH="34" HPOS="762" VPOS="1193"/>
							<String ID="STRING41" STYLEREFS="STYLE2" HEIGHT="56" WIDTH="110" HPOS="796" VPOS="1216" CONTENT="om" WC="0.43" LANG="dan"/>
							<SP ID="SP35" WIDTH="40" HPOS="906" VPOS="1216"/>
							<String ID="STRING42" STYLEREFS="STYLE2" HEIGHT="95" WIDTH="192" HPOS="946" VPOS="1194" CONTENT="begge" WC="0.8" LANG="dan"/>
							<SP ID="SP36" WIDTH="26" HPOS="1138" VPOS="1194"/>
							<String ID="STRING43" STYLEREFS="STYLE2" HEIGHT="86" WIDTH="256" HPOS="1164" VPOS="1193" CONTENT="Deeles" WC="0.94" LANG="dan"/>
							<SP ID="SP37" WIDTH="36" HPOS="1420" VPOS="1193"/>
							<String ID="STRING44" STYLEREFS="STYLE2" HEIGHT="99" WIDTH="480" HPOS="1456" VPOS="1196" CONTENT="Skadelighed." WC="0.69" LANG="dan"/>
						</TextLine>
					</TextBlock>
					<TextBlock xs:type="TextBlockType" ID="ZONE1266391" HEIGHT="1923" WIDTH="1728" HPOS="220" VPOS="1310" xlink:type="simple">
						<TextLine ID="LINE8" HEIGHT="104" WIDTH="1504" HPOS="437" VPOS="1312">
							<String ID="STRING45" STYLEREFS="STYLE2" HEIGHT="84" WIDTH="172" HPOS="437" VPOS="1315" CONTENT="Den" WC="0.77" LANG="dan"/>
							<SP ID="SP38" WIDTH="38" HPOS="609" VPOS="1315"/>
							<String ID="STRING46" STYLEREFS="STYLE2" HEIGHT="92" WIDTH="226" HPOS="647" VPOS="1316" CONTENT="eeneste" WC="0.84" LANG="dan"/>
							<SP ID="SP39" WIDTH="39" HPOS="873" VPOS="1316"/>
							<String ID="STRING47" STYLEREFS="STYLE2" HEIGHT="101" WIDTH="303" HPOS="912" VPOS="1312" CONTENT="Anstalt," WC="0.78" LANG="dan"/>
							<SP ID="SP40" WIDTH="37" HPOS="1215" VPOS="1312"/>
							<String ID="STRING48" STYLEREFS="STYLE2" HEIGHT="92" WIDTH="131" HPOS="1252" VPOS="1315" CONTENT="som" WC="0.34" LANG="dan"/>
							<SP ID="SP41" WIDTH="36" HPOS="1383" VPOS="1315"/>
							<String ID="STRING49" STYLEREFS="STYLE2" HEIGHT="98" WIDTH="296" HPOS="1419" VPOS="1318" CONTENT="hidindtil" WC="0.69" LANG="dan"/>
							<SP ID="SP42" WIDTH="14" HPOS="1715" VPOS="1318"/>
							<String ID="STRING50" STYLEREFS="STYLE2" HEIGHT="84" WIDTH="212" HPOS="1729" VPOS="1321" CONTENT="vides," WC="0.81" LANG="dan"/>
						</TextLine>
						<TextLine ID="LINE9" HEIGHT="102" WIDTH="1708" HPOS="235" VPOS="1434">
							<String ID="STRING51" STYLEREFS="STYLE2" HEIGHT="64" WIDTH="74" HPOS="235" VPOS="1453" CONTENT="at" WC="0.98" LANG="dan"/>
							<SP ID="SP43" WIDTH="36" HPOS="309" VPOS="1453"/>
							<String ID="STRING52" STYLEREFS="STYLE2" HEIGHT="74" WIDTH="118" HPOS="345" VPOS="1441" CONTENT="den" WC="0.78" LANG="dan"/>
							<SP ID="SP44" WIDTH="46" HPOS="463" VPOS="1441"/>
							<String ID="STRING53" STYLEREFS="STYLE2" HEIGHT="94" WIDTH="402" HPOS="509" VPOS="1438" CONTENT="almindelige" WC="0.67" LANG="dan"/>
							<SP ID="SP45" WIDTH="48" HPOS="911" VPOS="1438"/>
							<String ID="STRING54" STYLEREFS="STYLE2" HEIGHT="101" WIDTH="504" HPOS="959" VPOS="1434" CONTENT="Pleye-Anftalt" WC="0.76" LANG="dan"/>
							<SP ID="SP46" WIDTH="50" HPOS="1463" VPOS="1434"/>
							<String ID="STRING55" STYLEREFS="STYLE2" HEIGHT="96" WIDTH="196" HPOS="1513" VPOS="1440" CONTENT="haver" WC="0.76" LANG="dan"/>
							<SP ID="SP47" WIDTH="54" HPOS="1709" VPOS="1440"/>
							<String ID="STRING56" STYLEREFS="STYLE2" HEIGHT="94" WIDTH="180" HPOS="1763" VPOS="1439" CONTENT="føyet" WC="0.97" LANG="nob"/>
						</TextLine>
						<TextLine ID="LINE10" HEIGHT="102" WIDTH="1718" HPOS="227" VPOS="1554">
							<String ID="STRING57" STYLEREFS="STYLE2" HEIGHT="99" WIDTH="110" HPOS="227" VPOS="1554" CONTENT="for" WC="0.59" LANG="dan"/>
							<SP ID="SP48" WIDTH="36" HPOS="337" VPOS="1554"/>
							<String ID="STRING58" STYLEREFS="STYLE2" HEIGHT="64" WIDTH="70" HPOS="373" VPOS="1571" CONTENT="at" WC="1" LANG="dan"/>
							<SP ID="SP49" WIDTH="28" HPOS="443" VPOS="1571"/>
							<String ID="STRING59" STYLEREFS="STYLE2" HEIGHT="79" WIDTH="204" HPOS="471" VPOS="1557" CONTENT="kunde" WC="0.74" LANG="dan"/>
							<SP ID="SP50" WIDTH="34" HPOS="675" VPOS="1557"/>
							<String ID="STRING60" STYLEREFS="STYLE2" HEIGHT="96" WIDTH="216" HPOS="709" VPOS="1560" CONTENT="tvinge" WC="0.8" LANG="dan"/>
							<SP ID="SP51" WIDTH="32" HPOS="925" VPOS="1560"/>
							<String ID="STRING61" STYLEREFS="STYLE2" HEIGHT="97" WIDTH="502" HPOS="957" VPOS="1558" CONTENT="Lediggiængere" WC="0.72" LANG="dan"/>
							<SP ID="SP52" WIDTH="50" HPOS="1459" VPOS="1558"/>
							<String ID="STRING62" STYLEREFS="STYLE2" HEIGHT="78" WIDTH="70" HPOS="1509" VPOS="1562" CONTENT="til" WC="0.75" LANG="dan"/>
							<SP ID="SP53" WIDTH="33" HPOS="1579" VPOS="1562"/>
							<String ID="STRING63" STYLEREFS="STYLE3" HEIGHT="98" WIDTH="333" HPOS="1612" VPOS="1556" CONTENT="Æded" WC="0.73" LANG="dan"/>
						</TextLine>
						<TextLine ID="LINE11" HEIGHT="105" WIDTH="1709" HPOS="231" VPOS="1679">
							<String ID="STRING64" STYLEREFS="STYLE2" HEIGHT="94" WIDTH="289" HPOS="231" VPOS="1679" CONTENT="bestaaer" WC="0.69" LANG="dan"/>
							<SP ID="SP54" WIDTH="62" HPOS="520" VPOS="1679"/>
							<String ID="STRING65" STYLEREFS="STYLE2" HEIGHT="92" WIDTH="262" HPOS="582" VPOS="1684" CONTENT="derudi," WC="0.64" LANG="dan"/>
							<SP ID="SP55" WIDTH="84" HPOS="844" VPOS="1684"/>
							<String ID="STRING66" STYLEREFS="STYLE2" HEIGHT="65" WIDTH="72" HPOS="928" VPOS="1696" CONTENT="at" WC="1" LANG="dan"/>
							<SP ID="SP56" WIDTH="62" HPOS="1000" VPOS="1696"/>
							<String ID="STRING67" STYLEREFS="STYLE2" HEIGHT="72" WIDTH="112" HPOS="1062" VPOS="1689" CONTENT="der" WC="0.51" LANG="dan"/>
							<SP ID="SP57" WIDTH="58" HPOS="1174" VPOS="1689"/>
							<String ID="STRING68" STYLEREFS="STYLE3" HEIGHT="81" WIDTH="128" HPOS="1232" VPOS="1703" CONTENT="veere" WC="0.7" LANG="dan"/>
							<SP ID="SP58" WIDTH="30" HPOS="1360" VPOS="1703"/>
							<String ID="STRING69" STYLEREFS="STYLE2" HEIGHT="78" WIDTH="286" HPOS="1390" VPOS="1698" CONTENT="antagne" WC="0.92" LANG="dan"/>
							<SP ID="SP59" WIDTH="42" HPOS="1676" VPOS="1698"/>
							<String ID="STRING70" STYLEREFS="STYLE2" HEIGHT="88" WIDTH="222" HPOS="1718" VPOS="1691" CONTENT="nøgle," WC="0.94" LANG="dan"/>
						</TextLine>
						<TextLine ID="LINE12" HEIGHT="99" WIDTH="1712" HPOS="228" VPOS="1800">
							<String ID="STRING71" STYLEREFS="STYLE2" HEIGHT="95" WIDTH="138" HPOS="228" VPOS="1800" CONTENT="søm" WC="0.62" LANG="dan"/>
							<SP ID="SP60" WIDTH="24" HPOS="366" VPOS="1800"/>
							<String ID="STRING72" STYLEREFS="STYLE2" HEIGHT="95" WIDTH="362" HPOS="390" VPOS="1803" CONTENT="Mængden" WC="0.83" LANG="dan"/>
							<SP ID="SP61" WIDTH="32" HPOS="752" VPOS="1803"/>
							<String ID="STRING73" STYLEREFS="STYLE2" HEIGHT="80" WIDTH="214" HPOS="784" VPOS="1802" CONTENT="kalder" WC="0.81" LANG="dan"/>
							<SP ID="SP62" WIDTH="24" HPOS="998" VPOS="1802"/>
							<String ID="STRING74" STYLEREFS="STYLE2" HEIGHT="72" WIDTH="84" HPOS="1022" VPOS="1807" CONTENT="de" WC="0.49" LANG="dan"/>
							<SP ID="SP63" WIDTH="34" HPOS="1106" VPOS="1807"/>
							<String ID="STRING75" STYLEREFS="STYLE2" HEIGHT="96" WIDTH="232" HPOS="1140" VPOS="1803" CONTENT="stærke" WC="0.49" LANG="dan"/>
							<SP ID="SP64" WIDTH="38" HPOS="1372" VPOS="1803"/>
							<String ID="STRING76" STYLEREFS="STYLE2" HEIGHT="90" WIDTH="274" HPOS="1410" VPOS="1804" CONTENT="Rarle," WC="0.72" LANG="dan"/>
							<SP ID="SP65" WIDTH="58" HPOS="1684" VPOS="1804"/>
							<String ID="STRING77" STYLEREFS="STYLE2" HEIGHT="91" WIDTH="198" HPOS="1742" VPOS="1804" CONTENT="hvilke" WC="0.63" LANG="dan"/>
						</TextLine>
						<TextLine ID="LINE13" HEIGHT="107" WIDTH="1684" HPOS="228" VPOS="1918">
							<String ID="STRING78" STYLEREFS="STYLE2" HEIGHT="88" WIDTH="206" HPOS="228" VPOS="1929" CONTENT="nyder" WC="0.66" LANG="dan"/>
							<SP ID="SP66" WIDTH="46" HPOS="434" VPOS="1929"/>
							<String ID="STRING79" STYLEREFS="STYLE2" HEIGHT="58" WIDTH="104" HPOS="480" VPOS="1943" CONTENT="een" WC="1" LANG="dan"/>
							<SP ID="SP67" WIDTH="48" HPOS="584" VPOS="1943"/>
							<String ID="STRING80" STYLEREFS="STYLE2" HEIGHT="98" WIDTH="324" HPOS="632" VPOS="1922" CONTENT="Rixdaler" WC="0.63" LANG="dan"/>
							<SP ID="SP68" WIDTH="44" HPOS="956" VPOS="1922"/>
							<String ID="STRING81" STYLEREFS="STYLE2" HEIGHT="98" WIDTH="102" HPOS="1000" VPOS="1921" CONTENT="for" WC="0.7" LANG="dan"/>
							<SP ID="SP69" WIDTH="50" HPOS="1102" VPOS="1921"/>
							<String ID="STRING82" STYLEREFS="STYLE2" HEIGHT="98" WIDTH="230" HPOS="1152" VPOS="1923" CONTENT="enhver" WC="0.84" LANG="dan"/>
							<SP ID="SP70" WIDTH="48" HPOS="1382" VPOS="1923"/>
							<String ID="STRING83" STYLEREFS="STYLE2" HEIGHT="102" WIDTH="236" HPOS="1430" VPOS="1920" CONTENT="Fattig" WC="0.77" LANG="dan"/>
							<SP ID="SP71" WIDTH="54" HPOS="1666" VPOS="1920"/>
							<String ID="STRING84" STYLEREFS="STYLE2" HEIGHT="107" WIDTH="192" HPOS="1720" VPOS="1918" CONTENT="Tryg" SUBS_TYPE="HypPart1" SUBS_CONTENT="Tryglende-" WC="0.64" LANG="dan"/>
							<HYP CONTENT="-"/>
						</TextLine>
						<TextLine ID="LINE14" HEIGHT="97" WIDTH="1713" HPOS="232" VPOS="2043">
							<String ID="STRING85" STYLEREFS="STYLE2" HEIGHT="90" WIDTH="211" HPOS="232" VPOS="2049" CONTENT="lende-" SUBS_TYPE="HypPart2" SUBS_CONTENT="Tryglende-" WC="0.8" LANG="dan"/>
							<SP ID="SP72" WIDTH="33" HPOS="443" VPOS="2049"/>
							<String ID="STRING86" STYLEREFS="STYLE2" HEIGHT="72" WIDTH="75" HPOS="476" VPOS="2051" CONTENT="de" WC="0.69" LANG="dan"/>
							<SP ID="SP73" WIDTH="32" HPOS="551" VPOS="2051"/>
							<String ID="STRING87" STYLEREFS="STYLE2" HEIGHT="94" WIDTH="368" HPOS="583" VPOS="2046" CONTENT="opbringer." WC="0.78" LANG="dan"/>
							<SP ID="SP74" WIDTH="111" HPOS="951" VPOS="2046"/>
							<String ID="STRING88" STYLEREFS="STYLE2" HEIGHT="84" WIDTH="251" HPOS="1062" VPOS="2045" CONTENT="Denne" WC="0.87" LANG="dan"/>
							<SP ID="SP75" WIDTH="23" HPOS="1313" VPOS="2045"/>
							<String ID="STRING89" STYLEREFS="STYLE2" HEIGHT="93" WIDTH="269" HPOS="1336" VPOS="2043" CONTENT="Anstalt" WC="0.76" LANG="dan"/>
							<SP ID="SP76" WIDTH="14" HPOS="1605" VPOS="2043"/>
							<String ID="STRING90" STYLEREFS="STYLE2" HEIGHT="93" WIDTH="216" HPOS="1619" VPOS="2046" CONTENT="ansees" WC="0.97" LANG="dan"/>
							<SP ID="SP77" WIDTH="28" HPOS="1835" VPOS="2046"/>
							<String ID="STRING91" STYLEREFS="STYLE2" HEIGHT="92" WIDTH="82" HPOS="1863" VPOS="2047" CONTENT="af" WC="0.96" LANG="dan"/>
						</TextLine>
						<TextLine ID="LINE15" HEIGHT="103" WIDTH="1702" HPOS="233" VPOS="2162">
							<String ID="STRING92" STYLEREFS="STYLE2" HEIGHT="99" WIDTH="366" HPOS="233" VPOS="2162" CONTENT="Mængden" WC="0.7" LANG="dan"/>
							<SP ID="SP78" WIDTH="60" HPOS="599" VPOS="2162"/>
							<String ID="STRING93" STYLEREFS="STYLE2" HEIGHT="96" WIDTH="104" HPOS="659" VPOS="2162" CONTENT="før" WC="0.69" LANG="dan"/>
							<SP ID="SP79" WIDTH="64" HPOS="763" VPOS="2162"/>
							<String ID="STRING94" STYLEREFS="STYLE2" HEIGHT="95" WIDTH="380" HPOS="827" VPOS="2166" CONTENT="bekostelig," WC="0.76" LANG="dan"/>
							<SP ID="SP80" WIDTH="86" HPOS="1207" VPOS="2166"/>
							<String ID="STRING95" STYLEREFS="STYLE2" HEIGHT="75" WIDTH="82" HPOS="1293" VPOS="2187" CONTENT="og" WC="0.63" LANG="dan"/>
							<SP ID="SP81" WIDTH="68" HPOS="1375" VPOS="2187"/>
							<String ID="STRING96" STYLEREFS="STYLE2" HEIGHT="80" WIDTH="202" HPOS="1443" VPOS="2166" CONTENT="kunde" WC="0.86" LANG="dan"/>
							<SP ID="SP82" WIDTH="48" HPOS="1645" VPOS="2166"/>
							<String ID="STRING97" STYLEREFS="STYLE2" HEIGHT="73" WIDTH="100" HPOS="1693" VPOS="2177" CONTENT="vel" WC="0.82" LANG="dan"/>
							<SP ID="SP83" WIDTH="58" HPOS="1793" VPOS="2177"/>
							<String ID="STRING98" STYLEREFS="STYLE2" HEIGHT="74" WIDTH="84" HPOS="1851" VPOS="2191" CONTENT="og" WC="0.58" LANG="dan"/>
						</TextLine>
						<TextLine ID="LINE16" HEIGHT="103" WIDTH="1702" HPOS="235" VPOS="2284">
							<String ID="STRING99" STYLEREFS="STYLE2" HEIGHT="97" WIDTH="210" HPOS="235" VPOS="2284" CONTENT="haves" WC="0.91" LANG="dan"/>
							<SP ID="SP84" WIDTH="52" HPOS="445" VPOS="2284"/>
							<String ID="STRING100" STYLEREFS="STYLE2" HEIGHT="72" WIDTH="140" HPOS="497" VPOS="2293" CONTENT="med" WC="0.76" LANG="dan"/>
							<SP ID="SP85" WIDTH="44" HPOS="637" VPOS="2293"/>
							<String ID="STRING101" STYLEREFS="STYLE2" HEIGHT="78" WIDTH="246" HPOS="681" VPOS="2288" CONTENT="mindre" WC="0.62" LANG="dan"/>
							<SP ID="SP86" WIDTH="40" HPOS="927" VPOS="2288"/>
							<String ID="STRING102" STYLEREFS="STYLE2" HEIGHT="98" WIDTH="432" HPOS="967" VPOS="2284" CONTENT="Bekostning." WC="0.73" LANG="dan"/>
							<SP ID="SP87" WIDTH="108" HPOS="1399" VPOS="2284"/>
							<String ID="STRING103" STYLEREFS="STYLE2" HEIGHT="98" WIDTH="186" HPOS="1507" VPOS="2286" CONTENT="Dog" WC="0.46" LANG="dan"/>
							<SP ID="SP88" WIDTH="30" HPOS="1693" VPOS="2286"/>
							<String ID="STRING104" STYLEREFS="STYLE2" HEIGHT="97" WIDTH="214" HPOS="1723" VPOS="2290" CONTENT="stader" WC="0.88" LANG="dan"/>
						</TextLine>
						<TextLine ID="LINE17" HEIGHT="96" WIDTH="1705" HPOS="231" VPOS="2405">
							<String ID="STRING105" STYLEREFS="STYLE2" HEIGHT="75" WIDTH="107" HPOS="231" VPOS="2410" CONTENT="det" WC="0.75" LANG="dan"/>
							<SP ID="SP89" WIDTH="53" HPOS="338" VPOS="2410"/>
							<String ID="STRING106" STYLEREFS="STYLE2" HEIGHT="94" WIDTH="163" HPOS="391" VPOS="2405" CONTENT="ikke," WC="0.87" LANG="dan"/>
							<SP ID="SP90" WIDTH="53" HPOS="554" VPOS="2405"/>
							<String ID="STRING107" STYLEREFS="STYLE2" HEIGHT="62" WIDTH="69" HPOS="607" VPOS="2422" CONTENT="at" WC="1" LANG="dan"/>
							<SP ID="SP91" WIDTH="55" HPOS="676" VPOS="2422"/>
							<String ID="STRING108" STYLEREFS="STYLE2" HEIGHT="74" WIDTH="73" HPOS="731" VPOS="2414" CONTENT="de" WC="0.63" LANG="dan"/>
							<SP ID="SP92" WIDTH="41" HPOS="804" VPOS="2414"/>
							<String ID="STRING109" STYLEREFS="STYLE2" HEIGHT="75" WIDTH="231" HPOS="845" VPOS="2412" CONTENT="lønnes" WC="1" LANG="dan"/>
							<SP ID="SP93" WIDTH="59" HPOS="1076" VPOS="2412"/>
							<String ID="STRING110" STYLEREFS="STYLE2" HEIGHT="90" WIDTH="133" HPOS="1135" VPOS="2411" CONTENT="vel," WC="1" LANG="dan"/>
							<SP ID="SP94" WIDTH="69" HPOS="1268" VPOS="2411"/>
							<String ID="STRING111" STYLEREFS="STYLE2" HEIGHT="60" WIDTH="169" HPOS="1337" VPOS="2428" CONTENT="naar" WC="0.82" LANG="dan"/>
							<SP ID="SP95" WIDTH="45" HPOS="1506" VPOS="2428"/>
							<String ID="STRING112" STYLEREFS="STYLE2" HEIGHT="62" WIDTH="157" HPOS="1551" VPOS="2430" CONTENT="man" WC="0.82" LANG="dan"/>
							<SP ID="SP96" WIDTH="43" HPOS="1708" VPOS="2430"/>
							<String ID="STRING113" STYLEREFS="STYLE2" HEIGHT="82" WIDTH="185" HPOS="1751" VPOS="2411" CONTENT="ikkun" WC="0.69" LANG="dan"/>
						</TextLine>
						<TextLine ID="LINE18" HEIGHT="100" WIDTH="1678" HPOS="226" VPOS="2524">
							<String ID="STRING114" STYLEREFS="STYLE2" HEIGHT="81" WIDTH="208" HPOS="226" VPOS="2524" CONTENT="kunde" WC="0.75" LANG="dan"/>
							<SP ID="SP97" WIDTH="28" HPOS="434" VPOS="2524"/>
							<String ID="STRING115" STYLEREFS="STYLE2" HEIGHT="59" WIDTH="166" HPOS="462" VPOS="2547" CONTENT="være" WC="0.87" LANG="dan"/>
							<SP ID="SP98" WIDTH="28" HPOS="628" VPOS="2547"/>
							<String ID="STRING116" STYLEREFS="STYLE2" HEIGHT="94" WIDTH="338" HPOS="656" VPOS="2526" CONTENT="forsikrede" WC="0.81" LANG="dan"/>
							<SP ID="SP99" WIDTH="30" HPOS="994" VPOS="2526"/>
							<String ID="STRING117" STYLEREFS="STYLE2" HEIGHT="78" WIDTH="254" HPOS="1024" VPOS="2543" CONTENT="øm,'at" WC="0.36" LANG="dan"/>
							<SP ID="SP100" WIDTH="36" HPOS="1278" VPOS="2543"/>
							<String ID="STRING118" STYLEREFS="STYLE2" HEIGHT="71" WIDTH="74" HPOS="1314" VPOS="2535" CONTENT="de" WC="0.65" LANG="dan"/>
							<SP ID="SP101" WIDTH="36" HPOS="1388" VPOS="2535"/>
							<String ID="STRING119" STYLEREFS="STYLE2" HEIGHT="62" WIDTH="156" HPOS="1424" VPOS="2548" CONTENT="vare" WC="0.87" LANG="dan"/>
							<SP ID="SP102" WIDTH="36" HPOS="1580" VPOS="2548"/>
							<String ID="STRING120" STYLEREFS="STYLE2" HEIGHT="94" WIDTH="108" HPOS="1616" VPOS="2530" CONTENT="faa" WC="0.25" LANG="dan"/>
							<SP ID="SP103" WIDTH="38" HPOS="1724" VPOS="2530"/>
							<String ID="STRING121" STYLEREFS="STYLE2" HEIGHT="74" WIDTH="142" HPOS="1762" VPOS="2541" CONTENT="rede" SUBS_TYPE="HypPart1" SUBS_CONTENT="redelige," WC="0.8" LANG="dan"/>
							<HYP CONTENT="-"/>
						</TextLine>
						<TextLine ID="LINE19" HEIGHT="102" WIDTH="1680" HPOS="226" VPOS="2644">
							<String ID="STRING122" STYLEREFS="STYLE2" HEIGHT="97" WIDTH="160" HPOS="226" VPOS="2646" CONTENT="lige," SUBS_TYPE="HypPart2" SUBS_CONTENT="redelige," WC="0.78" LANG="dan"/>
							<SP ID="SP104" WIDTH="54" HPOS="386" VPOS="2646"/>
							<String ID="STRING123" STYLEREFS="STYLE2" HEIGHT="62" WIDTH="72" HPOS="440" VPOS="2663" CONTENT="at" WC="0.13" LANG="dan"/>
							<SP ID="SP105" WIDTH="58" HPOS="512" VPOS="2663"/>
							<String ID="STRING124" STYLEREFS="STYLE2" HEIGHT="70" WIDTH="74" HPOS="570" VPOS="2655" CONTENT="de" WC="0.63" LANG="dan"/>
							<SP ID="SP106" WIDTH="62" HPOS="644" VPOS="2655"/>
							<String ID="STRING125" STYLEREFS="STYLE2" HEIGHT="96" WIDTH="158" HPOS="706" VPOS="2646" CONTENT="ikke," WC="0.44" LANG="dan"/>
							<SP ID="SP107" WIDTH="66" HPOS="864" VPOS="2646"/>
							<String ID="STRING126" STYLEREFS="STYLE2" HEIGHT="97" WIDTH="80" HPOS="930" VPOS="2644" CONTENT="af" WC="1" LANG="dan"/>
							<SP ID="SP108" WIDTH="34" HPOS="1010" VPOS="2644"/>
							<String ID="STRING127" STYLEREFS="STYLE2" HEIGHT="101" WIDTH="472" HPOS="1044" VPOS="2645" CONTENT="Begærlighed" WC="0.71" LANG="dan"/>
							<SP ID="SP109" WIDTH="56" HPOS="1516" VPOS="2645"/>
							<String ID="STRING128" STYLEREFS="STYLE2" HEIGHT="78" WIDTH="70" HPOS="1572" VPOS="2654" CONTENT="til" WC="1" LANG="dan"/>
							<SP ID="SP110" WIDTH="42" HPOS="1642" VPOS="2654"/>
							<String ID="STRING129" STYLEREFS="STYLE2" HEIGHT="65" WIDTH="76" HPOS="1684" VPOS="2670" CONTENT="at" WC="1" LANG="dan"/>
							<SP ID="SP111" WIDTH="40" HPOS="1760" VPOS="2670"/>
							<String ID="STRING130" STYLEREFS="STYLE2" HEIGHT="94" WIDTH="106" HPOS="1800" VPOS="2651" CONTENT="for" SUBS_TYPE="HypPart1" SUBS_CONTENT="formeere" WC="0.69" LANG="dan"/>
							<HYP CONTENT="-"/>
						</TextLine>
						<TextLine ID="LINE20" HEIGHT="104" WIDTH="1709" HPOS="224" VPOS="2766">
							<String ID="STRING131" STYLEREFS="STYLE2" HEIGHT="61" WIDTH="203" HPOS="224" VPOS="2786" CONTENT="meere" SUBS_TYPE="HypPart2" SUBS_CONTENT="formeere" WC="0.79" LANG="dan"/>
							<SP ID="SP112" WIDTH="35" HPOS="427" VPOS="2786"/>
							<String ID="STRING132" STYLEREFS="STYLE2" HEIGHT="73" WIDTH="185" HPOS="462" VPOS="2775" CONTENT="deres" WC="0.71" LANG="dan"/>
							<SP ID="SP113" WIDTH="37" HPOS="647" VPOS="2775"/>
							<String ID="STRING133" STYLEREFS="STYLE2" HEIGHT="98" WIDTH="223" HPOS="684" VPOS="2766" CONTENT="u-visse" WC="0.76" LANG="dan"/>
							<SP ID="SP114" WIDTH="37" HPOS="907" VPOS="2766"/>
							<String ID="STRING134" STYLEREFS="STYLE2" HEIGHT="100" WIDTH="467" HPOS="944" VPOS="2768" CONTENT="Indkomster," WC="0.79" LANG="dan"/>
							<SP ID="SP115" WIDTH="55" HPOS="1411" VPOS="2768"/>
							<String ID="STRING135" STYLEREFS="STYLE2" HEIGHT="98" WIDTH="231" HPOS="1466" VPOS="2772" CONTENT="strakte" WC="0.74" LANG="dan"/>
							<SP ID="SP116" WIDTH="47" HPOS="1697" VPOS="2772"/>
							<String ID="STRING136" STYLEREFS="STYLE2" HEIGHT="72" WIDTH="189" HPOS="1744" VPOS="2783" CONTENT="deres" WC="0.83" LANG="dan"/>
						</TextLine>
						<TextLine ID="LINE21" HEIGHT="106" WIDTH="1712" HPOS="221" VPOS="2886">
							<String ID="STRING137" STYLEREFS="STYLE2" HEIGHT="95" WIDTH="454" HPOS="221" VPOS="2886" CONTENT="Commission" WC="0.65" LANG="deu"/>
							<SP ID="SP117" WIDTH="30" HPOS="675" VPOS="2886"/>
							<String ID="STRING138" STYLEREFS="STYLE2" HEIGHT="80" WIDTH="214" HPOS="705" VPOS="2892" CONTENT="videre" WC="0.72" LANG="dan"/>
							<SP ID="SP118" WIDTH="30" HPOS="919" VPOS="2892"/>
							<String ID="STRING139" STYLEREFS="STYLE2" HEIGHT="70" WIDTH="122" HPOS="949" VPOS="2899" CONTENT="end" WC="0.77" LANG="dan"/>
							<SP ID="SP119" WIDTH="32" HPOS="1071" VPOS="2899"/>
							<String ID="STRING140" STYLEREFS="STYLE2" HEIGHT="72" WIDTH="74" HPOS="1103" VPOS="2899" CONTENT="de" WC="0.63" LANG="dan"/>
							<SP ID="SP120" WIDTH="32" HPOS="1177" VPOS="2899"/>
							<String ID="STRING141" STYLEREFS="STYLE2" HEIGHT="95" WIDTH="240" HPOS="1209" VPOS="2893" CONTENT="burde," WC="0.65" LANG="dan"/>
							<SP ID="SP121" WIDTH="54" HPOS="1449" VPOS="2893"/>
							<String ID="STRING142" STYLEREFS="STYLE2" HEIGHT="98" WIDTH="310" HPOS="1503" VPOS="2894" CONTENT="hvormed" WC="0.73" LANG="dan"/>
							<SP ID="SP122" WIDTH="42" HPOS="1813" VPOS="2894"/>
							<String ID="STRING143" STYLEREFS="STYLE2" HEIGHT="58" WIDTH="78" HPOS="1855" VPOS="2917" CONTENT="en" WC="1" LANG="dan"/>
						</TextLine>
						<TextLine ID="LINE22" HEIGHT="108" WIDTH="1710" HPOS="223" VPOS="3009">
							<String ID="STRING144" STYLEREFS="STYLE2" HEIGHT="76" WIDTH="166" HPOS="223" VPOS="3029" CONTENT="noye" WC="0.74" LANG="dan"/>
							<SP ID="SP123" WIDTH="54" HPOS="389" VPOS="3029"/>
							<String ID="STRING145" STYLEREFS="STYLE2" HEIGHT="96" WIDTH="254" HPOS="443" VPOS="3011" CONTENT="Opsigt" WC="0.91" LANG="dan"/>
							<SP ID="SP124" WIDTH="48" HPOS="697" VPOS="3011"/>
							<String ID="STRING146" STYLEREFS="STYLE2" HEIGHT="78" WIDTH="92" HPOS="745" VPOS="3014" CONTENT="vil" WC="1" LANG="dan"/>
							<SP ID="SP125" WIDTH="48" HPOS="837" VPOS="3014"/>
							<String ID="STRING147" STYLEREFS="STYLE2" HEIGHT="61" WIDTH="168" HPOS="885" VPOS="3030" CONTENT="være" WC="0.84" LANG="dan"/>
							<SP ID="SP126" WIDTH="50" HPOS="1053" VPOS="3030"/>
							<String ID="STRING148" STYLEREFS="STYLE2" HEIGHT="101" WIDTH="356" HPOS="1103" VPOS="3009" CONTENT="fornoden," WC="0.68" LANG="dan"/>
							<SP ID="SP127" WIDTH="35" HPOS="1459" VPOS="3009"/>
							<String ID="STRING149" STYLEREFS="STYLE3" HEIGHT="106" WIDTH="315" HPOS="1494" VPOS="3011" CONTENT="paa-Over" WC="0.72" LANG="dan"/>
							<SP ID="SP128" WIDTH="-108" HPOS="1809" VPOS="3011"/>
							<String ID="STRING150" STYLEREFS="STYLE2" HEIGHT="77" WIDTH="104" HPOS="1701" VPOS="3022" CONTENT="det" WC="0.75" LANG="dan"/>
							<SP ID="SP129" WIDTH="52" HPOS="1805" VPOS="3022"/>
							<String ID="STRING151" STYLEREFS="STYLE2" HEIGHT="64" WIDTH="76" HPOS="1857" VPOS="3033" CONTENT="at" WC="1" LANG="dan"/>
						</TextLine>
						<TextLine ID="LINE23" HEIGHT="99" WIDTH="1381" HPOS="221" VPOS="3131">
							<String ID="STRING152" STYLEREFS="STYLE2" HEIGHT="77" WIDTH="121" HPOS="221" VPOS="3134" CONTENT="den" WC="0.82" LANG="dan"/>
							<SP ID="SP130" WIDTH="35" HPOS="342" VPOS="3134"/>
							<String ID="STRING153" STYLEREFS="STYLE2" HEIGHT="97" WIDTH="351" HPOS="377" VPOS="3131" CONTENT="U-styldige" WC="0.64" LANG="dan"/>
							<SP ID="SP131" WIDTH="33" HPOS="728" VPOS="3131"/>
							<String ID="STRING154" STYLEREFS="STYLE2" HEIGHT="76" WIDTH="73" HPOS="761" VPOS="3154" CONTENT="ey" WC="0.72" LANG="dan"/>
							<SP ID="SP132" WIDTH="31" HPOS="834" VPOS="3154"/>
							<String ID="STRING155" STYLEREFS="STYLE2" HEIGHT="96" WIDTH="121" HPOS="865" VPOS="3132" CONTENT="stal" WC="1" LANG="dan"/>
							<SP ID="SP133" WIDTH="29" HPOS="986" VPOS="3132"/>
							<String ID="STRING156" STYLEREFS="STYLE2" HEIGHT="84" WIDTH="165" HPOS="1015" VPOS="3131" CONTENT="blive" WC="0.74" LANG="dan"/>
							<SP ID="SP134" WIDTH="31" HPOS="1180" VPOS="3131"/>
							<String ID="STRING157" STYLEREFS="STYLE2" HEIGHT="96" WIDTH="391" HPOS="1211" VPOS="3131" CONTENT="fornærmet." WC="0.79" LANG="dan"/>
						</TextLine>
					</TextBlock>
					<TextBlock xs:type="TextBlockType" ID="ZONE1266392" HEIGHT="467" WIDTH="1707" HPOS="219" VPOS="3252" xlink:type="simple">
						<TextLine ID="LINE24" HEIGHT="98" WIDTH="1504" HPOS="422" VPOS="3253">
							<String ID="STRING158" STYLEREFS="STYLE2" HEIGHT="80" WIDTH="92" HPOS="422" VPOS="3253" CONTENT="At" WC="0.65" LANG="dan"/>
							<SP ID="SP135" WIDTH="48" HPOS="514" VPOS="3253"/>
							<String ID="STRING159" STYLEREFS="STYLE2" HEIGHT="88" WIDTH="172" HPOS="562" VPOS="3261" CONTENT="plcye" WC="0.81" LANG="dan"/>
							<SP ID="SP136" WIDTH="52" HPOS="734" VPOS="3261"/>
							<String ID="STRING160" STYLEREFS="STYLE2" HEIGHT="70" WIDTH="124" HPOS="786" VPOS="3262" CONTENT="den" WC="0.75" LANG="dan"/>
							<SP ID="SP137" WIDTH="44" HPOS="910" VPOS="3262"/>
							<String ID="STRING161" STYLEREFS="STYLE2" HEIGHT="78" WIDTH="20" HPOS="954" VPOS="3254" CONTENT="i" WC="0.38" LANG="dan"/>
							<SP ID="SP138" WIDTH="46" HPOS="974" VPOS="3254"/>
							<String ID="STRING162" STYLEREFS="STYLE2" HEIGHT="84" WIDTH="94" HPOS="1020" VPOS="3257" CONTENT="sin" WC="0.67" LANG="dan"/>
							<SP ID="SP139" WIDTH="54" HPOS="1114" VPOS="3257"/>
							<String ID="STRING163" STYLEREFS="STYLE2" HEIGHT="94" WIDTH="374" HPOS="1168" VPOS="3257" CONTENT="Sygdom," WC="0.52" LANG="dan"/>
							<SP ID="SP140" WIDTH="80" HPOS="1542" VPOS="3257"/>
							<String ID="STRING164" STYLEREFS="STYLE2" HEIGHT="92" WIDTH="136" HPOS="1622" VPOS="3256" CONTENT="som" WC="0.76" LANG="dan"/>
							<SP ID="SP141" WIDTH="46" HPOS="1758" VPOS="3256"/>
							<String ID="STRING165" STYLEREFS="STYLE2" HEIGHT="74" WIDTH="122" HPOS="1804" VPOS="3265" CONTENT="ved" WC="0.52" LANG="dan"/>
						</TextLine>
						<TextLine ID="LINE25" HEIGHT="102" WIDTH="1700" HPOS="224" VPOS="3370">
							<String ID="STRING166" STYLEREFS="STYLE2" HEIGHT="97" WIDTH="336" HPOS="224" VPOS="3370" CONTENT="Sygdom" WC="0.65" LANG="dan"/>
							<SP ID="SP142" WIDTH="48" HPOS="560" VPOS="3370"/>
							<String ID="STRING167" STYLEREFS="STYLE2" HEIGHT="57" WIDTH="64" HPOS="608" VPOS="3397" CONTENT="er" WC="0.68" LANG="dan"/>
							<SP ID="SP143" WIDTH="56" HPOS="672" VPOS="3397"/>
							<String ID="STRING168" STYLEREFS="STYLE2" HEIGHT="78" WIDTH="220" HPOS="728" VPOS="3378" CONTENT="bleven" WC="0.89" LANG="dan"/>
							<SP ID="SP144" WIDTH="52" HPOS="948" VPOS="3378"/>
							<String ID="STRING169" STYLEREFS="STYLE2" HEIGHT="98" WIDTH="358" HPOS="1000" VPOS="3371" CONTENT="forarmet," WC="0.74" LANG="dan"/>
							<SP ID="SP145" WIDTH="70" HPOS="1358" VPOS="3371"/>
							<String ID="STRING170" STYLEREFS="STYLE2" HEIGHT="94" WIDTH="172" HPOS="1428" VPOS="3378" CONTENT="frelse" WC="0.86" LANG="dan"/>
							<SP ID="SP146" WIDTH="30" HPOS="1600" VPOS="3378"/>
							<String ID="STRING171" STYLEREFS="STYLE2" HEIGHT="92" WIDTH="154" HPOS="1630" VPOS="3380" CONTENT="ham" WC="0.82" LANG="dan"/>
							<SP ID="SP147" WIDTH="32" HPOS="1784" VPOS="3380"/>
							<String ID="STRING172" STYLEREFS="STYLE2" HEIGHT="94" WIDTH="108" HPOS="1816" VPOS="3377" CONTENT="fra" WC="0.76" LANG="dan"/>
						</TextLine>
						<TextLine ID="LINE26" HEIGHT="105" WIDTH="1703" HPOS="220" VPOS="3492">
							<String ID="STRING173" STYLEREFS="STYLE2" HEIGHT="96" WIDTH="319" HPOS="220" VPOS="3499" CONTENT="u-duelige" WC="0.56" LANG="dan"/>
							<SP ID="SP148" WIDTH="59" HPOS="539" VPOS="3499"/>
							<String ID="STRING174" STYLEREFS="STYLE2" HEIGHT="97" WIDTH="251" HPOS="598" VPOS="3497" CONTENT="Lægers" WC="0.67" LANG="dan"/>
							<SP ID="SP149" WIDTH="61" HPOS="849" VPOS="3497"/>
							<String ID="STRING175" STYLEREFS="STYLE2" HEIGHT="102" WIDTH="293" HPOS="910" VPOS="3492" CONTENT="Hænder" WC="0.76" LANG="dan"/>
							<SP ID="SP150" WIDTH="69" HPOS="1203" VPOS="3492"/>
							<String ID="STRING176" STYLEREFS="STYLE2" HEIGHT="76" WIDTH="81" HPOS="1272" VPOS="3521" CONTENT="og" WC="0.56" LANG="dan"/>
							<SP ID="SP151" WIDTH="37" HPOS="1353" VPOS="3521"/>
							<String ID="STRING177" STYLEREFS="STYLE2" HEIGHT="78" WIDTH="121" HPOS="1390" VPOS="3508" CONTENT="ved" WC="0.51" LANG="dan"/>
							<SP ID="SP152" WIDTH="53" HPOS="1511" VPOS="3508"/>
							<String ID="STRING178" STYLEREFS="STYLE2" HEIGHT="100" WIDTH="359" HPOS="1564" VPOS="3497" CONTENT="fornuftige" WC="0.71" LANG="dan"/>
						</TextLine>
						<TextLine ID="LINE27" HEIGHT="101" WIDTH="836" HPOS="981" VPOS="3618">
							<String ID="STRING179" STYLEREFS="STYLE2" HEIGHT="85" WIDTH="68" HPOS="981" VPOS="3618" CONTENT="C" WC="0.43" LANG="dan"/>
							<SP ID="SP153" WIDTH="60" HPOS="1049" VPOS="3618"/>
							<String ID="STRING180" STYLEREFS="STYLE2" HEIGHT="70" WIDTH="34" HPOS="1109" VPOS="3643" CONTENT="5" WC="1" LANG="dan"/>
							<SP ID="SP154" WIDTH="464" HPOS="1143" VPOS="3643"/>
							<String ID="STRING181" STYLEREFS="STYLE2" HEIGHT="99" WIDTH="210" HPOS="1607" VPOS="3620" CONTENT="Læger" WC="0.62" LANG="dan"/>
						</TextLine>
					</TextBlock>
				</ComposedBlock>
			</PrintSpace>
		</Page>
	</Layout>
</alto>
