2790 4572
965 447 94 86 38

865 631 162 86 Der
1075 655 64 58 er
1179 651 72 58 rn
1274 629 349 94 —ti-negten
1669 629 386 96 Sandhed:
2123 627 450 102 Lediggang

871 777 76 54 er
995 755 132 76 alle
1167 755 292 90 Lasters
1487 749 330 104 Anfang:
1919 751 128 96 Og
2101 749 206 82 kunne
2357 749 188 96 Ledig-

869 893 178 78 gang
1077 873 346 96 hæmmes,
1475 875 142 80 ville
1649 873 272 82 Staren
1949 875 126 92 vist
2099 875 190 80 vinde
2327 887 240 78 meget:

873 995 176 80 Men
1091 995 298 94 hidindtil
1431 995 120 94 har
1601 1015 158 62 man
1805 1001 286 90 mangler
2131 991 446 98 tilstrækkelige

867 1115 338 94 Anstalter
1261 1123 140 74 eller
1457 1117 318 94 (maaffee
1831 1119 272 98 renere)
2163 1115 414 96 tilstrækkelig

869 1235 484 100 Iværksættelse
1389 1237 78 96 af
1491 1247 76 70 de
1593 1235 372 96 anbefalede
1989 1239 356 94 Anstalter.

1075 1359 168 86 Der
1319 1363 182 92 gives
1565 1365 24 76 i
1641 1361 114 90 sær
1795 1369 224 74 tvende
2061 1357 250 98 Slags
2359 1357 218 98 Ledig«

863 1483 368 94 -giængere,
1301 1483 148 94 hvis
1489 1483 384 98 Udryddelse
1905 1483 148 80 ville
2085 1503 170 62 være
2285 1481 214 96 nyttig
2555 1483 26 76 i

873 1623 204 58 meere
1123 1613 118 68 end
1299 1625 74 58 en
1435 1599 390 102 Henseende.
1971 1603 162 88 Der
2175 1625 142 60 eene
2361 1603 220 94 findes

875 1721 214 82 iblant
1147 1721 594 88 Mand-Kiønnet
1793 1749 82 76 og
1939 1735 106 74 det
2113 1733 196 76 andet
2367 1723 216 82 iblant

873 1841 630 88 Lwinde-Mønnet.

1079 1965 160 84 Det
1273 1967 194 94 første
1501 1969 246 98 Slags
1769 1993 98 58 ere
1895 1977 112 88 de,
2061 1969 138 94 som
2249 1969 336 80 bortdrive

874 2080 219 93 Tiden
1137 2099 144 70 med
1321 2109 72 60 ar
1435 2091 188 98 spille.
1729 2095 256 82 Denne
2029 2093 336 94 Nærings
2407 2089 178 96 Vey

877 2229 68 62 er
983 2209 112 94 saa
1115 2229 204 76 meget
1349 2233 202 60 meere
1585 2215 414 94 lastværdig,
2053 2235 172 58 naar
2257 2221 164 84 den,
2475 2219 112 72 der

879 2333 294 94 benytter
1195 2337 94 90 sig
1303 2331 206 98 deraf,
1543 2335 198 96 haver
1761 2341 138 74 lært
1921 2351 192 78 noget
2139 2343 220 84 ander,
2393 2331 168 96 hvor-

877 2461 124 74 ved
1029 2461 120 74 den
1165 2457 204 80 kunde
1389 2477 232 62 ernære
1639 2459 110 92 sig.
1859 2451 142 96 For
2021 2467 182 82 dem,
2223 2453 136 94 som
2395 2469 194 80 noget

875 2575 244 98 jevnlig
1171 2579 90 76 vil
1299 2577 250 80 komme
1595 2599 136 70 paa
1783 2573 322 98 offentlige
2157 2573 430 96 Vertshuse,

873 2693 260 93 Ene-des
1025 2703 110 72 det
1179 2695 124 82 ikke
1361 2719 170 58 være
1565 2719 52 58 u
1651 2697 382 96 sædvanligt
2077 2715 72 60 ar
2201 2697 86 94 see
2333 2717 76 58 en
2441 2693 106 96 for-

885 2815 190 82 løben
1109 2817 622 96 Barbier-Svend,
1785 2817 796 100 Bildthugger-Svend,

883 2937 740 94 Kobbersmed-Svend
1671 2949 142 72 eller
1863 2951 210 72 anden
2123 2939 248 94 saadan
2411 2943 150 98 Per-

881 3061 112 94 son
1041 3063 346 92 practicere
1441 3061 798 100 Spille-Haandværker,
2289 3087 90 74 og
2425 3073 104 72 det
2565 3060 25 83 Ti

883 3203 76 58 en
995 3185 320 90 temmelig
1353 3183 130 96 høy
1523 3183 250 98 Grad,
1829 3183 342 92 hvorimod
2221 3197 74 70 de
2351 3191 242 74 aldeles

887 3303 156 78 intet
1075 3303 290 94 bekymre
1397 3309 92 92 sig
1523 3325 108 60 om
1671 3315 122 74 den
1825 3305 442 100 Profession,
2321 3315 74 70 de
2427 3307 166 96 have

885 3433 182 84 lært,
1147 3447 84 74 og
1301 3425 244 96 hvoraf
1603 3435 74 70 de
1739 3431 72 78 kil
1865 3427 462 100 Skikkelighed
2385 3429 206 80 kunde

889 3569 232 62 ernære
1155 3551 112 96 sig.
1373 3547 224 88 Dette
1647 3553 246 96 Slags
1921 3551 502 98 Leviggrængere
2467 3549 124 92 har

2327 3691 164 64 man
