2816 4528
1014 383 92 72 26

914 583 266 91 lystede,
1236 597 78 78 og
1346 578 104 80 lod
1484 573 275 96 maaskee
1792 578 204 89 endog
2038 569 430 93 Cautivnister
2498 573 196 78 under-

908 681 227 99 skrive-,
1187 687 170 73 uden
1419 699 204 76 nogen
1676 672 135 89 Tid
1867 692 70 60 at
1989 670 108 90 sees
2146 678 143 72 dem
2303 676 170 107 Zeller
2524 673 197 79 kiende

905 790 167 74 dem.
1227 779 261 91 Mange
1543 772 81 92 af
1667 773 143 98 disse
1845 774 173 88 hans
2055 769 445 97 Jndcgsserere
2531 778 185 74 ærede

906 906 83 71 og
1022 881 281 95 frygtede
1342 884 151 90 ham
1530 877 133 92 fom
1732 897 73 54 en
1844 868 629 98 Enevoids-Herre;
2526 871 91 92 thi
2650 876 69 76 de

907 986 170 88 stvde
1107 984 16 72 i
1167 988 118 70 den
1323 979 263 90 Tanke,
1639 996 68 60 at
1767 975 126 92 han
1943 970 102 93 for
2105 972 96 90 sin
2233 968 256 101 Perfon
2535 977 184 73 øllene

900 1098 128 62 var
1058 1087 116 69 den
1210 1084 124 81 hele
1370 1074 906 91 General-Administration,
2312 1093 76 71 og
2428 1072 126 92 han
2588 1069 100 95 søg-

903 1198 58 60 te
1035 1201 70 57 at
1164 1174 287 100 forsvare
1522 1183 197 71 denne
1782 1167 313 88 Caracrer
2162 1168 109 92 saa
2344 1173 191 90 længe
2596 1169 123 93 han

897 1278 227 86 kunde.
1225 1277 183 97 Det,
1439 1276 133 91 som
1595 1276 131 94 han
1763 1277 17 76 i
1815 1277 93 94 sin
1941 1267 777 100 Subscripnons-Plans

900 1390 109 73 6te
1046 1380 237 80 Artikel
1318 1387 207 93 havde
1562 1372 333 94 forssrcvet
1930 1376 89 89 sig
2062 1376 109 86 til,
2228 1391 125 56 var
2380 1370 117 78 ikke
2532 1369 187 79 blevet

901 1475 477 102 efterkommet,
1439 1474 108 91 saa
1595 1476 162 76 viidr
1799 1494 156 56 man
1997 1476 184 88 veed;
2263 1491 80 72 og
2383 1468 182 94 heller
2609 1468 110 80 ikke

900 1602 158 60 vare
1090 1579 642 83 Lorko^Beriemerne
1766 1593 186 73 tagne
1988 1575 18 74 i
2050 1571 140 81 Eed
2230 1573 66 76 ril
2316 1565 380 99 Interessent-

898 1683 225 95 skabet.
1226 1679 185 80 Man
1454 1680 207 91 havde
1702 1676 317 91 begyndt,
2057 1688 68 61 at
2160 1668 81 92 see
2286 1673 153 88 ham
2476 1689 219 58 temme-

895 1788 89 89 lig
1047 1783 209 88 skarpt
1301 1802 131 69 paa
1469 1777 357 98 Fingrene,
1897 1794 79 73 og
2043 1773 131 90 han
2233 1791 125 57 var
2409 1770 107 84 faa
2570 1787 127 75 paa-

891 1877 879 99 saaende«,kat—s«han·maatte
892 1886 337 90 staaende,
1266 1897 71 62 at
1370 1880 131 90 han
1528 1894 245 63 maane
1820 1876 407 89 tvingesved
2288 1891 75 54 en
2396 1868 213 85 Dom
2658 1864 75 98 af

891 1982 244 85 Retten
1171 1982 66 74 til
1275 2001 70 54 ar
1385 1973 254 93 opfylde
1681 1981 184 86 nogle
1899 1971 140 96 visse
2079 1969 278 105 Pligter.
2377 2034 6 4 .

1108 2078 390 96 Imidlertid
1551 2073 191 94 fandt
1798 2077 146 90 flere
1998 2067 78 94 af
2125 2065 605 101 Interessentskabet

896 2178 399 98 fornødent,
1354 2194 71 58 at
1460 2182 107 71 der
1612 2174 141 83 blev
1810 2174 169 93 giorc
2040 2191 73 56 en
2148 2168 293 84 General
2474 2164 227 99 Foran-

895 2277 193 98 dring
1123 2284 21 72 i
1181 2274 697 90 Lotto-Oeconvmien;
1961 2291 81 72 og
2097 2273 185 87 nogle
2337 2272 141 76 ville
2531 2286 193 72 mene,

894 2402 75 60 ar
986 2375 676 93 Occroi-Besidderen
1698 2368 273 97 foreslog
2014 2373 118 74 den
2168 2366 138 92 selv.
2416 2364 166 99 Paa
2620 2386 76 56 no-

893 2503 124 75 gen
1053 2477 134 89 Tid
1221 2479 18 74 i
1277 2475 340 98 Forveyen
1678 2469 100 97 gik
1813 2479 100 71 det
1965 2471 66 74 til
2081 2472 146 76 med
2277 2474 180 84 nogle
2493 2463 203 88 Collec-

895 2591 259 79 teurer,
896 2600 260 70 teurer,
1219 2575 131 94 som
1390 2582 100 72 det
1523 2571 219 86 kunde.
1851 2567 415 95 Bestalling,
2321 2565 405 95 Jnstruxsog

900 2682 197 99 Plan
1130 2680 169 77 bleve
1334 2674 121 82 ikke
1490 2669 85 94 af
1592 2676 117 76 alle
1742 2673 117 92 lige
1910 2684 267 65 accurat
2220 2661 377 96 efterkomne
2648 2684 73 74 og

899 2779 303 104 opfyldte.
1375 2772 161 87 Det
1591 2791 127 59 var
1773 2766 205 92 altsaa
2027 2765 395 91 fornødent,
2471 2781 71 66 at
2597 2769 129 71 den

897 2877 438 100 Konge-lige
1378 2874 242 76 Lotto
1644 2865 1083 95 *General-Administrakion,

897 2980 138 104 som
1071 3000 90 62 nu
1191 2976 122 81 ikke
1345 2994 166 65 mere
1545 2991 124 60 var
1705 2978 170 61 Kos«
1911 2974 198 74 allene
2131 3018 22 46 ,
2199 2966 206 80 burde
2441 2973 120 71 tale
2593 2970 128 72 med

896 3083 236 96 enhver
1184 3075 78 94 af
1301 3081 73 72 de
1425 3074 255 97 Herrer
1725 3070 425 83 Collecreurer
2207 3068 107 93 her
2353 3064 367 94 ftStaden;

894 3178 71 96 fil
998 3178 243 91 hvilken
1274 3173 189 86 Ende
1518 3179 75 72 de
1628 3172 171 84 bleve
1832 3172 361 88 tilffrevne,
2246 3165 123 90 selv
2426 3163 297 101 personlig

893 3302 77 70 at
1001 3278 287 100 indfinde
1319 3279 91 93 sig
1443 3276 19 76 i
1497 3268 461 99 Lotto-Huset
2009 3287 135 72 paa
2189 3264 291 98 Amager
2517 3263 201 91 Torv,

893 3393 88 91 og
1036 3379 368 91 medbringe
1468 3380 182 75 deres
1684 3370 460 93 Bestallinger,
2294 3363 160 85 Det
2502 3385 120 60 var
2654 3382 70 58 en

889 3484 151 105 sor-?
1055 3476 492 106 Forsigtighed,
1587 3488 70 62 at
1701 3480 72 71 de
1813 3470 118 79 ikke
1979 3473 170 79 bleve
2189 3472 354 78 anmodede
2595 3482 124 74 om,

890 3602 76 66 at
994 3582 370 89 medbringe
1397 3582 181 71 deres
1595 3573 353 95 Instruxer
1969 3588 21 75 ;
2051 3567 95 95 thi
2187 3588 235 72 mange
2460 3561 80 94 af
2561 3571 159 85 dem,
