2880 4511
1705 405 98 79 t?

114 579 674 104 Justih-Directionen
818 584 18 76 i
870 582 252 82 Altona
1158 585 202 76 under
1396 583 184 80 deres
1610 577 302 104 Hænder

108 709 118 74 gav
264 683 364 102 Publicum
678 696 116 66 den
828 682 482 95 Efterretning,
1368 731 38 30 »
1432 699 70 64 at
1548 689 118 72 den
1704 683 174 94 Capi-

103 835 17 32 -
125 789 164 94 »-tal",·
168 789 122 92 tal,
328 783 130 92 som
494 780 80 96 af
606 782 472 100 Privilegiaten
1112 781 130 98 Hr.
1288 787 164 60 Ko-s
1492 799 126 62 var
1650 781 262 98 bestemt

108 887 132 80 »til
292 889 100 74 det
444 878 374 94 indftttende
848 878 274 98 Publici
1148 881 368 94 Sikkerhed
1570 887 150 86 (der
1780 903 130 63 var

102 979 210 98 »efter
332 978 516 100 Subskriptions
868 982 270 96 Planen
1160 981 178 80 ikkun
1358 999 294 62 200000
1672 981 240 93 Rdlr.)

104 1133 38 34 ,,
166 1101 120 60 var
344 1090 142 72 med
546 1082 104 86 To
682 1082 368 96 Hundrede
1106 1105 80 74 og
1236 1077 678 102 Halvtredsindstyve

101 1178 678 102 »TusindeRixdaler
816 1182 363 95 nuvirkelig
1214 1185 329 84 deponeret
1578 1175 331 100 respektive

99 1285 82 82 »i
235 1289 118 72 den
415 1280 356 96 Kongelige
827 1280 304 98 Banqve
1181 1285 18 76 i
1249 1277 448 96 Kløbenhavn
1749 1301 82 77 og
1883 1284 26 80 i

101 1431 38 34 „
167 1379 284 86 Altonas
483 1380 456 82 Kæmnerie.»

303 1477 104 97 Af
434 1486 93 72 alt
561 1488 156 72 dette
755 1486 176 72 lader
965 1482 94 96 sig
1095 1485 142 74 med
1267 1483 314 92 temmelig
1613 1475 290 101 Vished

99 1583 216 94 flutte,
349 1598 70 62 at
451 1600 192 74 man,
683 1580 130 90 som
847 1580 162 94 sagt,
1049 1589 96 70 vel
1177 1579 118 80 ikke
1327 1585 236 90 urigtig
1603 1579 120 98 har
1755 1586 120 90 gjet-

101 1701 78 60 tet
213 1679 330 97 Aarsagen
579 1686 66 72 til
693 1698 68 60 at
807 1686 118 74 den
959 1678 190 95 første
1181 1677 350 98 Trækning
1581 1703 70 72 ey
1711 1681 196 94 skeede

101 1787 112 70 den
245 1805 86 66 25
381 1781 284 89 Martn,
717 1800 142 56 men
915 1778 160 96 først
1131 1785 118 74 den
1297 1793 82 70 18
1429 1779 228 98 April;
1727 1803 78 73 og
1835 1798 74 64 at

99 1877 277 96 samtlige
413 1876 721 100 Med-Jmeressemere,
1169 1879 129 90 som
1337 1879 199 94 billigt
1569 1901 159 72 var,
1781 1880 125 80 ikke

94 1981 164 76 vilde
308 1985 136 73 lade
480 1976 552 96 Entrepreneuren
1068 1976 134 99 Hr.
1238 1985 166 64 Koes
1448 1983 198 78 raade
1684 1985 222 87 allene,

98 2079 432 90 omendffiønt
568 2080 132 86 han
742 2078 162 94 skrev
938 2080 90 94 sig
1068 2076 328 93 Besidder
1448 2075 80 92 af
1552 2085 118 72 den
1708 2079 164 82 Kon-

94 2181 192 90 gelige
318 2175 252 83 Occroi.
672 2176 128 84 De
820 2178 244 94 Herrer
1098 2175 458 98 Acue-Tagere
1592 2179 206 84 havde
1818 2202 84 76 og

92 2277 220 94 største
344 2273 136 85 Net
530 2280 258 88 derudi,
840 2284 198 70 arder
1072 2280 184 89 ingen
1294 2275 606 101 Træknings-Dag

90 2371 82 92 af
198 2379 172 64 Koes
416 2372 200 82 burde
648 2390 192 62 været
876 2372 214 98 fastsat
1134 2383 136 70 eller
1310 2375 448 96 bekiendtgiort
1798 2378 104 94 for

90 2469 410 104 Publicum,
558 2470 228 92 førend
840 2480 100 72 det
994 2472 124 96 hele
1156 2471 574 94 Lotterie-Væsen
1764 2497 136 73 paa

94 2569 419 96 ovenanførte
554 2572 259 80 Maade
856 2572 137 86 saae
1042 2574 87 95 sig
1190 2573 359 98 betrygget,
1600 2595 79 72 og
1738 2583 163 75 dette

91 2673 278 94 vigtigste
401 2692 124 60 var
561 2682 188 86 bragt
785 2676 18 76 i
825 2668 292 97 Stand,
1153 2679 110 74 der
1293 2693 122 58 var
1455 2673 130 92 som
1613 2673 254 85 Grund-

89 2777 220 76 volden
353 2775 70 77 til
457 2780 120 70 den
617 2772 122 92 hele
769 2762 350 105 Bygning.

295 2869 130 84 Nu
465 2870 116 94 seer
595 2870 284 96 Læserne,
913 2890 68 60 at
1013 2877 202 92 alting
1247 2893 120 60 var
1403 2879 232 90 anlagt
1667 2895 78 74 og
1777 2882 120 76 alle

95 2965 316 100 Anstalter
467 2976 244 92 givne,
769 2974 68 76 til
879 2990 70 60 at
985 2968 230 99 udføre
1269 2983 196 70 denne
1517 2981 156 88 store
1707 2977 190 90 Lykke

95 3091 138 60 over
267 3079 72 76 de
369 3069 284 95 Danske
693 3070 424 100 Provinher,
1153 3095 68 56 at
1257 3073 252 94 indføre
1541 3073 323 88 Vil-Lor-

94 3171 174 84 teriet
387 3169 420 83 Collecceurer
845 3192 154 58 vare
1055 3179 242 72 overalt
1333 3191 320 78 antagne,
1701 3175 162 90 hvor-

97 3275 127 72 med
259 3273 17 74 i
315 3267 425 102 Førstningen
773 3270 209 94 havde
1021 3292 77 75 og
1139 3293 187 58 været
1363 3279 341 90 temmeligt
1723 3273 137 85 Vil-

92 3373 186 92 dene,
310 3375 22 74 i
364 3369 108 93 sær
504 3370 348 90 ihenseende
898 3378 68 70 ril
1006 3373 708 82 Under-Cvllecteurers
1744 3373 118 87 Be-

92 3467 250 96 stilling;
396 3470 88 92 thi
518 3468 100 92 fra
652 3468 624 100 Adresse-Comvicet
1308 3475 138 78 blev
1478 3469 160 98 først
1670 3482 218 86 meldt,

92 3587 66 56 at
206 3571 180 92 ingen
440 3566 604 84 Over-Collecmir
1098 3593 240 56 maatte
1398 3593 238 76 antage
1680 3593 208 77 nogen

92 3665 576 87 Under-Collecteur
686 3676 168 76 uden
876 3669 984 86 General-Collections-Comvi-

930 3768 90 88 B
1646 3783 140 70 rets
