2725 4490
1739 397 98 76 37

235 587 140 74 diet
417 577 188 96 stiller
655 575 340 96 Camion,
1067 595 84 74 og
1195 581 120 72 ved
1361 581 76 74 de
1481 571 460 96 be-arbeydede

235 701 300 98 Wahres
583 695 550 100 Tilbageleverelse
1189 697 362 94 imodtager
1597 695 312 94 Arbeybs-

235 825 282 86 Lønnen.
619 813 202 104 Hvor
855 819 124 80 kan
1009 827 120 72 den
1167 815 266 98 Faltige
1465 817 22 78 i
1517 817 420 94 Almindelig«

231 947 122 96 hed
397 949 178 76 være'
605 943 18 78 i
683 941 258 82 Stand
995 941 72 80 til
1137 957 72 62 at
1253 939 452 94 tilveyebringe
1754 953 184 80 enten

237 1073 240 86 Pandt
541 1071 136 74 eller
741 1061 352 84 Caution?
1177 1059 178 86 Den
1401 1057 310 98 Fattiges
1779 1057 162 100 heele

235 1183 340 96 Eyendom
601 1184 295 92 besaaer
935 1183 138 92 som
1107 1179 184 96 oftest
1325 1183 20 76 i
1381 1189 142 88 det,
1575 1191 120 69 den

237 1329 82 74 vg
361 1327 192 72 gaaer
577 1307 158 90 udi,
791 1327 80 70 og
909 1315 164 68 dette
1109 1329 64 58 er
1211 1311 206 74 endda
1451 1303 168 80 kuns
1655 1299 80 102 af
1759 1301 186 94 saare

231 1431 176 92 ringe
453 1427 316 84 Wærdie:
823 1425 128 96 Og
997 1427 122 92 hvo
1155 1427 90 78 vil
1291 1435 96 72 vel
1437 1445 168 60 være
1637 1423 298 94 Borgen

225 1545 106 96 for
397 1557 120 78 den
565 1545 318 100 Fattige?
951 1547 66 98 I
1063 1545 148 100 disse
1263 1545 422 98 interesserede
1727 1543 210 90 Tider

221 1671 126 78 kan
403 1673 186 90 ingen
653 1671 112 92 saa
833 1677 78 72 let
957 1669 78 92 af
1085 1679 202 76 andre
1333 1685 184 72 vente
1589 1673 92 90 sig
1727 1689 210 74 nogen

223 1787 324 98 Tieneste,
647 1791 134 90 som
861 1793 124 78 ikke
1047 1793 118 90 selv
1219 1811 64 60 er
1359 1795 20 76 i
1429 1789 256 84 Stand
1749 1791 74 78 til
1867 1805 74 64 at

219 1913 180 94 giøre
449 1933 206 74 nogen
685 1913 450 92 Gienrieneste.
1253 1913 176 88 Men
1487 1911 106 94 sæt
1637 1931 300 74 engang,

221 2051 72 60 at
331 2057 72 54 en
427 2033 454 96 Nødlidende,
935 2033 134 92 som
1101 2029 102 98 for
1239 2035 244 92 Resten
1519 2037 156 76 intet
1711 2041 182 88 eyede
1909 2083 26 42 ,

219 2163 170 70 uden
421 2165 146 84 det,
617 2163 118 70 den
779 2155 316 94 behøvede
1147 2157 72 78 til
1259 2171 72 62 at
1369 2155 178 94 ffiule
1575 2157 78 90 sit
1681 2151 258 98 Legeme

223 2277 150 88 udi,
453 2295 124 58 var
633 2275 112 92 saa
797 2275 254 92 lykkelig
1095 2291 72 62 at
1229 2275 208 84 kunde
1485 2273 454 96 tilveyebringe

216 2412 194 85 enten-·
443 2395 250 96 Pandt
741 2401 140 74 eller
925 2393 340 96 Caution,
1319 2415 84 72 og
1455 2413 70 60 at
1569 2403 198 72 denne
1799 2415 142 76 paa

215 2512 316 105 Paa-dret-
571 2523 142 72 eller
747 2515 372 82 Cautionen
1149 2515 84 98 fik
1273 2513 80 94 af
1399 2533 56 62 et
1487 2513 332 98 Magazin
1873 2531 64 64 et

215 2635 222 98 Pund
475 2633 164 98 Hør
691 2653 72 60 at
829 2633 266 98 spinde,
1187 2657 150 60 men
1399 2639 160 78 intet
1613 2633 198 94 forud
1863 2633 84 98 af

215 2755 284 94 Spinde
517 2757 320 80 «Lønnen.
909 2801 100 12 —
1121 2753 176 88 Den
1349 2775 248 62 maatte
1641 2759 66 94 jo
1761 2765 176 90 dog,

211 2897 168 60 naar
431 2875 124 82 ikke
599 2879 408 94 -andensteds
1057 2875 110 94 fra
1227 2877 206 82 kunde
1479 2879 208 94 haves
1737 2897 198 78 noget

213 2995 288 98 Distød,
555 3001 370 92 nødvendig
965 3007 120 70 døe
1125 2997 316 98 afSult,
1493 2999 234 90 førend
1737 2999 192 96 Hør«

211 3137 94 60 rer
337 3119 200 80 kunde
573 3119 162 82 blive
765 3121 328 98 spunden,
1147 3143 86 74 og
1267 3133 118 68 den
1431 3123 160 96 heele
1619 3121 286 96 Spinde-

209 3239 136 80 Lon
381 3239 282 92 fornem.

415 3363 92 80 At
569 3369 118 74 alle
741 3363 500 96 Lediggiængere
1289 3363 208 82 kunde
1545 3367 258 92 tvinges
1853 3365 76 80 til

203 3481 348 102 Arbeyde,
605 3507 64 60 er
723 3505 200 62 meere
973 3501 72 62 at
1085 3485 180 98 ønffe
1319 3493 120 76 end
1491 3503 74 66 at
1609 3483 316 100 formode.

981 3605 68 86 C
1105 3629 40 72 z
1655 3605 164 92 Det
