2748 4503
1017 420 95 71 30

912 594 130 94 læse
1088 605 198 70 denne
1330 614 120 74 nye
1496 593 640 95 Ober-Præsidents
2182 588 256 104 Placat
2500 610 110 62 om

907 728 106 70 Det
1081 739 120 76 nye
1263 717 570 85 Stads-Raads
1899 720 400 93 Oprettelse,
2377 717 230 94 førend

911 846 363 95 Mængden
1309 846 170 92 srax
1513 847 163 94 igien
1705 866 123 58 var
1865 845 79 94 af
1971 855 195 73 andre
2189 844 293 100 Tanker,
2527 868 83 72 og

910 980 258 85 troede,
1234 987 68 65 at
1342 972 284 80 Staden
1678 990 124 60 var
1852 970 186 81 bedre
2084 976 350 90 tient-med
2292 981 142 72 med
2486 982 124 74 den

913 1104 212 90 gamle
1159 1097 376 95 Magistrat
1591 1105 116 72 end
1755 1106 102 70 der
1915 1119 120 76 nye
2082 1095 523 110 Stads-Raad

911 1224 219 86 Dette
1187 1222 276 109 maatte-
1499 1245 159 60 man
1729 1223 620 96 saameget-mene
1889 1244 207 77 meget
2151 1248 199 59 meere
2401 1236 207 72 undre

912 1370 190 73 over,
1156 1351 136 92 som
1330 1348 678 99 Ober-Præsidenten
2056 1360 120 72 ved
2216 1356 92 89 sin
2352 1353 258 96 Placat

909 1484 130 88 dog
1077 1476 206 97 havde
1335 1474 286 99 forsikret
1661 1477 328 81 Stadens
2023 1477 440 97 Jndvaanere
2499 1502 108 58 om

909 1608 183 86 nogle
1129 1601 287 96 Poster,
1469 1602 171 93 som,
1697 1626 159 58 man
1911 1609 195 90 ffulde
2161 1606 163 90 have
2351 1624 255 74 ventet,

906 1730 208 88 havde
1186 1744 194 64 været
1454 1742 118 67 den
1628 1732 402 95 almindelige
2092 1734 232 83 Mand
2398 1752 208 78 meget

910 1854 381 95 behagelige.

1111 1981 221 95 Nogle
1369 1989 243 86 troede,
1645 2000 71 62 at
1749 1990 195 75 denne
1963 1981 429 100 Forandring
2411 1991 193 89 streed

906 2110 176 78 imod
1124 2106 536 96 Konge-Loven,
1732 2132 80 74 og
1886 2119 240 87 andre,
2192 2130 70 63 at
2310 2123 122 70 den
2482 2114 124 82 ikke

906 2234 203 82 kunde
1144 2235 249 94 bestaae
1425 2241 144 72 med
1610 2237 329 79 Stadens
1982 2237 415 98 Privilegier.

1107 2359 96 82 Ak
1259 2355 504 101 Forandringen
1823 2364 196 89 streed
2085 2368 176 77 imod
2335 2365 272 99 Konge»

908 2486 246 95 Loven,
1224 2485 202 79 kunde
1494 2489 186 90 ingen
1742 2486 170 92 falde
1967 2500 427 99 paa,-omen-
2210 2501 170 74 uden
2448 2499 158 91 den,

906 2618 109 72 der
1076 2609 263 96 hverken
1414 2610 205 90 havde
1678 2614 125 94 læst
1870 2615 521 100 Konge-Loven,
2460 2630 143 72 eller

905 2738 198 92 vidste
1137 2753 70 62 at
1239 2738 176 94 giøre
1453 2740 90 93 sig
1589 2756 188 78 noget
1823 2740 280 97 Begreb
2139 2766 106 56 om
2283 2763 56 62 et
2381 2749 226 95 Riges

904 2860 672 96 Fundamental-Lov.
1686 2866 174 80 Men
1898 2869 254 94 ligesom
2184 2880 102 73 det
2318 2895 134 74 paa
2484 2888 122 70 den

910 2990 345 81 eeneSide
1284 3010 123 60 var
1442 2986 397 100 formegetat
1870 2991 337 103 forlange,
2242 3017 69 62 at
2336 3001 243 97 Mæng-

905 3122 120 74 den
1057 3116 194 94 skule
1279 3116 202 81 kunde
1511 3137 168 61 være
1719 3122 18 78 i
1767 3120 256 83 Stand
2069 3128 70 76 til
2195 3142 72 63 at
2297 3129 180 94 giøre
2513 3134 92 90 sig

908 3263 190 73 noget
1156 3244 260 94 tydeligt
1462 3242 276 97 Begreb
1790 3268 110 59 om
1964 3271 74 58 en
2082 3250 496 94 Fundamental-

912 3372 163 93 Lov,
1142 3373 109 90 saa
1298 3370 123 78 kan
1470 3391 155 60 man
1674 3396 81 72 og
1816 3396 135 73 paa
1994 3383 121 77 den
2168 3389 207 72 anden
2414 3383 191 81 Side

915 3495 1062 109 andskyldeMangdenssdermed,-
1269 3496 362 99 Mængden
1661 3507 296 95 dermed,
2011 3522 72 68 at
2123 3504 480 100 Konge-Loven
