2872 4512
1542 301 95 71 79

123 532 80 66 cn
250 509 115 99 faa
413 503 138 98 nøje
590 498 433 98 Connepion,
1096 492 189 85 taber
1326 489 311 105 tilfælles,

125 680 177 61 naar
344 665 102 71 det
493 672 141 63 eene
672 651 214 80 bliver
926 641 324 102 forssmt;
1308 637 168 98 Ofte
1512 639 128 98 har

120 806 104 95 jeg
261 806 20 78 i
308 798 389 100 Ernlighed,
758 793 263 96 saavidt
1058 795 107 75 det
1207 784 438 99 menneskelige

122 946 277 96 Begreb
446 943 173 83 kand
670 937 281 100 befatte,
1042 942 145 74 med
1230 929 415 97 Beundring

121 1091 218 96 anseed
393 1110 85 75 og
511 1085 230 101 priised
768 1077 423 99 Skabelsens
1214 1079 165 98 store
1404 1074 248 102 Verk,

126 1261 147 62 men
340 1257 177 61 naar
590 1232 101 97 jeg
760 1229 125 102 har
944 1223 225 97 anseed
1238 1219 415 98 Menneskets

124 1387 286 93 timelige
442 1378 111 85 Liv
584 1380 21 80 i
634 1383 119 76 den
784 1375 217 97 største
1036 1369 230 99 Lykke,
1326 1376 89 72 da
1446 1386 65 61 er
1546 1373 107 75 det

128 1534 139 94 som
300 1549 77 61 en
404 1522 285 99 Drøm,
764 1517 133 94 som
942 1539 77 58 en
1066 1513 171 98 Røg
1280 1519 113 75 der
1442 1510 207 101 hastig

132 1674 399 99 forsvinder,
594 1688 83 75 og
726 1664 105 97 for
888 1662 248 99 hvilken
1178 1658 479 97 Betragtning

131 1819 84 98 af
256 1829 73 75 de
382 1819 177 97 sidste
600 1810 267 97 Dages
912 1806 365 99 Bitterhed
1324 1806 147 94 gior
1518 1799 133 99 ofte

126 1965 261 100 fyldest,
452 1981 81 78 og
562 1958 213 97 Livet,
814 1957 21 77 i
864 1950 373 101 Henseende
1272 1950 73 80 til
1380 1945 243 97 Mæng-

124 2122 124 71 den
276 2129 83 74 og
383 2116 125 74 den
537 2109 167 93 store
733 2099 206 102 Hob,
1016 2113 74 67 at
1123 2114 169 64 være
1335 2114 77 62 en
1443 2090 214 86 Kiede

134 2253 81 98 af
274 2248 511 98 Elendigheder;
878 2240 139 103 Thi
1084 2240 179 93 ansee
1316 2238 173 84 Livet
1542 2237 115 97 fra

137 2394 459 100 Uskyldigheds
641 2386 263 100 Dage,
984 2406 82 78 og
1105 2393 171 90 drag
1315 2383 223 98 derfra
1579 2390 79 78 de

139 2539 538 95 møjsommelige,
751 2543 78 74 de
869 2530 458 102 ubehagelige,
1403 2535 78 74 de
1521 2525 108 98 for-

140 2684 320 94 trædelige
503 2679 261 98 Dage,
841 2676 417 101 Sygdoms,
1337 2672 321 100 Sorrigs

139 2849 85 74 og
257 2825 403 98 Bitterheds
683 2820 251 98 Dage:
997 2819 217 99 Hvad
1253 2841 65 57 er
1361 2826 113 73 der
1513 2825 91 71 da
1633 2820 27 80 i

136 2972 176 83 Livet
374 2971 294 93 tilbage?
752 2963 296 102 Derhos
1104 2963 124 99 har
1278 2963 101 93 jeg
1430 2961 232 80 tænkt:

141 3114 101 87 Er
277 3122 105 74 det
419 3116 311 95 mueligt,
795 3126 73 64 ar
913 3125 59 64 et
1017 3107 111 93 saa
1159 3105 157 90 uselt
1345 3102 109 86 Liv
1493 3105 175 81 kand

143 3261 304 98 tillægges
477 3255 475 104 Elendigheder
1001 3270 155 66 over
1187 3260 77 75 de
1299 3249 370 101 naturlige,

1457 3413 87 74 og
