2864 4426
1615 302 75 68 iB

171 490 486 103 Brabandfle,
737 487 254 107 Tydske
1041 516 82 78 og
1181 501 206 81 andre
1433 497 235 88 Mana-

172 637 327 100 facturer,
554 637 169 94 samt
1250 651 144 77 eller
1426 644 124 99 føje
1580 658 124 72 den

171 761 503 119 uindskrænkede
717 783 572 106 Overdaadighed
1339 812 81 74 og
1469 789 209 97 Ødsel-

176 927 155 102 hed,
418 927 135 92 som
622 933 353 94 gemeenlig
1032 933 215 97 findes
1304 942 23 78 i
1394 946 75 74 de
1538 943 167 95 store

175 1071 331 103 Slæder;
607 1072 95 87 Et
747 1075 243 98 Onde,
1071 1078 133 96 som
1263 1105 65 61 er
1387 1086 321 99 betydelig

172 1220 159 96 nok,
400 1239 149 59 men
580 1220 99 95 jeg
710 1221 169 80 kand
924 1221 49 96 ej
1012 1242 273 81 antegne
1316 1228 393 89 Kræmerne

173 1381 207 63 meere
415 1365 75 80 til
523 1362 357 98 Regning,
949 1377 117 71 end
1099 1390 71 61 ar
1201 1377 73 74 de
1311 1392 97 60 ere
1445 1369 231 101 Færge-

174 1514 261 89 mand,
498 1506 133 94 som
666 1507 167 92 sætte
864 1517 211 73 endeel
1110 1510 79 99 af
1208 1513 283 86 Landets
1528 1517 179 88 West

175 1647 165 100 færd
375 1669 149 63 over
557 1659 117 73 ved
719 1650 147 100 disse
901 1651 415 103 Lejligheder!
1397 1662 141 99 Jeg
1585 1666 125 82 bør

177 1801 184 75 ellers
390 1799 157 92 sige,
584 1796 191 95 ingen
808 1792 447 104 Forbrugere,
1294 1807 189 93 ingen
1514 1807 165 85 Kræ-

170 1959 210 72 mere,
462 1959 146 63 men
662 1949 168 73 vene
888 1951 212 75 maler
1143 1948 299 95 maaskee
1500 1959 208 76 denne

171 2081 410 100 Indsigelse,
637 2087 196 92 ingen
867 2086 382 103 Kræmere,
1313 2094 192 96 ingen
1535 2089 142 101 For-

178 2227 318 97 brugere,
560 2226 68 94 ja
678 2228 256 96 ligesom
982 2255 164 59 man
1194 2239 132 93 vil,
1390 2246 130 89 dog
1568 2242 108 94 her-

179 2378 206 74 under
420 2366 323 100 forsaaes
779 2374 122 80 ikke
937 2377 174 96 hvad
1147 2374 442 107 Tarvelighed
1625 2406 83 79 og

176 2509 482 107 Fornødenhed
690 2518 352 83 udkræver.

366 2791 134 88 De
556 2797 246 96 nyttige
858 2818 79 77 og
994 2795 321 98 fornødne
1372 2802 141 100 høje
1564 2814 143 77 eller

177 2940 257 79 mindre
469 2937 385 87 Betiemere
905 2945 17 76 i
955 2943 361 101 Riigerne,
1379 2946 137 94 som
1551 2954 159 92 pleje

176 3079 165 85 Rær
384 3105 81 74 og
504 3081 557 105 Rætfærdighed,
1128 3094 141 75 eller
1316 3110 137 76 paa
1494 3102 215 75 anden

175 3223 263 96 Maade
483 3227 135 95 som
647 3227 503 101 Instrumenter
1201 3229 227 101 udfore
1463 3235 213 103 Besty-

1386 3379 189 100 relsen
