2888 4535
1636 312 80 66 59

207 517 108 74 res
353 502 450 100 Stangjernet
845 504 74 80 til
963 509 104 82 if
1107 499 224 85 Ndlr:
1367 497 334 101 Skippun-

208 662 140 89 det,
426 672 138 60 men
614 645 466 101 Støbegodflt
1132 652 72 77 til
1256 662 34 64 i
1338 644 220 87 Ndlr:
1602 648 104 78 rin-

211 820 140 77 gere
383 808 116 70 end
530 796 135 94 som
714 797 23 78 i
772 793 239 95 Norge
1044 793 285 95 betales,
1392 799 89 72 da
1514 801 107 69 det
1651 812 84 73 og

209 961 245 64 maatte
509 961 175 61 være
743 937 123 98 frie
933 934 107 100 for
1095 939 405 93 indgaaende
1557 932 181 92 Told

202 1086 150 102 (det
396 1104 132 82 gav
582 1105 94 62 nu
722 1087 152 79 lidet
916 1086 76 79 til
1034 1081 301 99 Sagen,
1412 1097 74 64 at
1526 1079 216 99 Hans

207 1233 310 95 Svenffe
551 1229 340 94 Majestæt
919 1228 146 81 kom
1099 1231 72 78 til
1203 1226 230 100 Hæst,
1495 1231 142 75 eller
1673 1239 72 66 at

204 1384 108 76 det
374 1374 310 93 Svenffe
740 1371 314 85 Vaaben
1108 1375 142 77 blev
1308 1369 228 96 opsadt
1598 1372 20 76 i
1666 1380 76 70 de

207 1518 288 97 Danske
542 1515 283 99 Stuer)
878 1526 89 70 da
1017 1519 236 94 udgior
1301 1521 66 74 al
1412 1523 123 72 den
1576 1508 141 100 For-

219 1668 175 97 ffiel,
441 1664 131 92 fom
611 1672 199 71 denne
841 1658 249 99 Tvang
1121 1666 377 91 paalægger
1533 1654 189 88 Dan-

212 1811 229 95 mark,
504 1812 20 78 i
568 1818 104 71 det
718 1804 388 102 allerhøjeste
1162 1829 266 69 32000
1478 1803 269 96 Rdlr:,

207 1956 138 94 fom
403 1976 136 76 paa
595 1960 122 71 den
763 1958 216 72 anden
1027 1949 194 84 Side
1265 1970 66 60 er
1377 1957 90 72 da
1513 1954 76 82 al.
1623 1954 124 72 den

202 2098 358 96 Avantage
588 2096 242 97 Norge
870 2102 234 75 derved
1150 2114 66 60 er
1264 2096 206 92 gived.
1574 2088 176 104 Paa

218 2240 369 94 Trælasten
630 2241 171 78 kand
844 2242 161 76 intet
1052 2247 241 87 lægges
1320 2241 231 91 Dertil,
1611 2233 114 95 faa-

216 2386 157 95 —som
393 2395 75 72 de
492 2381 281 97 Danske
801 2383 179 81 kiøbe
1013 2383 187 80 ikkun
1227 2390 75 72 de
1331 2380 431 92 allerringeste

216 2532 316 98 Sorter,
584 2550 82 77 og
702 2533 152 78 lidet
886 2534 144 76 eller
1064 2529 158 78 intet
1256 2524 206 82 betale
1496 2516 258 101 derfor,

217 2696 86 78 og
337 2693 146 77 roeg
517 2678 112 98 flet
673 2677 160 80 intet
875 2670 108 100 fra
1013 2669 284 97 Norge,
1363 2689 110 60 om
1513 2675 76 73 de
1621 2672 104 76 tæt-

220 2840 132 68 tere
417 2819 111 99 fra
580 2825 206 76 andre
849 2816 293 86 Stæver
1215 2814 207 80 kunde
1488 2816 266 77 dermed

216 2966 347 102 forsynes;
640 2959 259 103 Tiære,
960 2958 201 97 Beeg
1200 2978 85 76 og
1312 2955 185 84 Kalk
1540 2974 101 60 ere
1674 2974 85 75 og

213 3112 263 96 Norffe
505 3108 429 104 Producter;
993 3105 179 84 Men
1203 3110 77 74 de
1309 3107 228 77 tvende
1567 3094 194 100 første

214 3256 336 91 Artikuler
582 3253 302 102 indføres
918 3270 158 70 øver
1114 3255 136 95 alt,
1314 3267 86 82 og
1430 3253 124 80 den
1582 3244 180 98 sidste

1611 3388 26 78 i
