2925 4571
795 551 22 18 -
1819 536 88 56 21

255 716 122 98 hen
409 738 62 58 er
505 714 206 100 ffeed;
789 713 508 98 Jndvaanerne
1351 717 284 96 befrygte
1687 716 128 80 ikke
1861 720 174 77 uden

255 846 259 96 Aarsag
556 863 72 64 at
663 845 501 97 Beffadigelfen
1201 852 19 74 i
1253 854 119 77 den
1407 849 299 98 Tilfælde
1754 852 92 76 vil
1901 844 131 100 for»

250 1000 184 60 arme
488 999 244 76 mange
786 977 154 96 hvis
1010 976 270 88 Grund
1342 989 102 76 det
1488 982 388 98 paatreffer,
1954 992 84 85 og

250 1112 136 94 som
456 1116 206 77 meldt
710 1109 214 80 kunde
974 1130 136 76 paa
1156 1112 244 94 samme
1492 1113 546 96 uformodenrlige

251 1244 272 82 Maade
563 1248 122 79 den
721 1243 224 94 største
977 1262 80 76 og
1091 1242 398 103 betydeligste
1505 1245 202 88 Deeb
1735 1242 300 98 afByen

251 1372 183 100 saae
469 1376 22 78 i
533 1374 218 95 Fare,
789 1370 351 98 baade-for
1035 1372 102 96 for
1183 1374 114 84 Liv
1345 1401 80 72 og
1475 1377 270 95 Godses
1787 1380 220 80 Under-

253 1528 217 76 gang,
519 1526 107 59 om
665 1507 287 79 derimod
999 1506 125 80 ikke
1171 1508 21 80 i
1245 1506 169 91 Tr'de
1455 1509 143 82 blev
1641 1509 141 99 søgt
1817 1508 217 86 Raad

254 1660 84 74 og
379 1632 170 107 føier
582 1643 74 76 de
684 1651 96 66 ret
812 1633 330 100 fornødne
1174 1638 358 101 Anstalter.

452 1902 153 86 Vel
650 1901 165 98 have
850 1907 71 78 de
962 1904 431 96 ffadelidende
1424 1905 189 86 Eiere
1648 1904 123 94 selv
1812 1920 191 65 maat-

245 2031 464 100 eetsorebygge
367 2032 344 99 forebygge
751 2039 184 78 deres
969 2034 186 84 Land
1193 2045 144 76 med
1391 2039 308 95 anseelige
1749 2036 258 97 Bekost-

251 2170 272 94 ninger;
575 2187 148 60 men
751 2189 170 58 man
971 2168 122 92 seer
1151 2170 248 80 tildeels
1441 2187 72 64 at
1565 2166 336 101 Jordfald
1937 2184 70 80 yt-

252 2314 128 62 trer
418 2298 90 94 sig
552 2303 202 88 endog
788 2319 136 74 paa
956 2298 242 94 samme
1218 2300 304 99 Steder;
1562 2297 166 93 Der
1762 2324 98 58 ere
1896 2308 106 75 der-

252 2424 108 96 for
400 2428 252 96 adffilte
686 2427 362 97 Meninger
1088 2452 130 78 om,
1264 2431 248 98 hvoraf
1544 2439 204 76 denne
1780 2430 224 92 Tilfæl-

254 2564 72 78 de
362 2558 122 96 har
514 2562 94 92 sin
644 2557 418 100 Oprindelse.
1212 2562 135 87 De
1390 2567 165 96 fleste
1606 2565 269 94 tilskrive
1910 2570 124 74 den

251 2690 214 104 stærke
501 2690 274 85 Strom
795 2691 362 101 Skylden,
1209 2715 150 60 men
1389 2701 98 92 jeg
1525 2697 220 98 holder
1775 2692 140 98 for,
1959 2707 74 70 at

255 2822 108 96 her
399 2844 94 58 ere
529 2831 206 74 andre
765 2847 168 59 mere
967 2826 284 96 rimelige
1283 2825 372 103 Aarsager;
1721 2824 312 96 Dersom

251 2958 123 82 den
413 2954 205 96 ffulde
647 2973 167 68 være
843 2977 75 60 en
941 2958 207 100 Følge
1185 2954 79 98 af
1275 2958 469 98 Strømmen,
1785 2974 253 67 maatte

252 3086 302 84 Skaden
596 3085 290 98 indfalde
926 3112 108 58 om
1062 3090 422 84 Sommeren
1528 3113 174 63 naar
1732 3092 272 85 Strøm-

242 3238 156 62 men
442 3240 66 58 er
542 3221 302 106 stærkest,
910 3241 152 61 men
1100 3228 88 76 da
1226 3224 122 96 har
1404 3245 162 60 man
1616 3236 52 70 el
1726 3224 312 81 bemerker

249 3356 104 80 det
403 3354 272 97 ringeste
719 3351 296 101 Udfald;
1067 3358 348 81 tvertimod
1449 3377 108 60 om
1579 3357 332 99 Foraaret
1953 3376 80 75 og

249 3478 368 105 Vinteren,
673 3491 86 76 da
795 3487 144 96 flige
973 3486 380 98 Hændelser
1391 3487 332 103 indtreffe,
1777 3512 64 60 er
1881 3493 152 77 deri

251 3612 220 86 Elven
533 3616 128 85 ikke
723 3619 272 99 mindste
1053 3616 317 105 Strom;
1481 3620 274 102 Derfor
1803 3620 230 100 fluttes

1014 3748 88 90 B
1158 3776 38 72 z
1742 3768 186 72 rette-
