2937 4571
1761 505 83 65 61

177 699 332 84 Almuens
541 693 528 106 Fornødenhed,
1125 691 172 94 samt
1341 709 108 72 18-
1485 697 248 80 mindre
1755 695 166 88 Bor-

173 851 164 78 gere,
377 829 130 86 som
545 851 64 58 er
659 831 218 78 tilladt
913 829 18 76 i
961 825 242 94 samme
1245 825 380 98 Henseende
1655 847 74 62 at
1767 831 184 96 holde

179 961 480 98 Huusnærmg
695 1015 20 44 ,
787 981 152 58 men
987 963 188 92 ingen
1217 957 78 96 af
1325 965 144 78 dem
1505 961 16 78 i
1553 955 168 100 følge
1761 961 162 96 høist-

175 1095 258 78 bemelte
457 1089 992 102 ForordningsBydendejmaa
1475 1091 152 98 feige
1657 1093 262 84 ti!Bøn-

171 1231 110 74 der
323 1231 144 74 eller
509 1229 210 78 andre
769 1229 172 74 uden
1001 1221 98 92 for
1149 1221 460 102 Bergstaden,
1663 1229 102 76 det
1799 1225 78 94 ff.
1889 1247 62 56 er

171 1377 92 60 nu
297 1361 102 76 vel
433 1353 80 96 af
545 1371 104 68 8te
687 1359 224 94 {gange
953 1369 108 70 ig.
1117 1353 110 92 saa
1263 1375 242 76 mange
1537 1355 132 92 som
1695 1353 110 96 frit
1831 1363 90 72 drs-

131 1507 8 8 ^
173 1509 112 60 ver
327 1493 66 74 al
427 1487 446 82 Kiøbmands
895 1485 318 96 Handel;
1237 1483 152 84 Om
1427 1493 124 72 alle
1583 1489 128 94 just
1742 1489 211 98 sak-Jer

171 1623 22 76 i
233 1617 222 100 Clafse
519 1619 130 94 som
703 1617 556 98 Leverandeurer,
1333 1619 128 78 kan
1499 1619 98 96 jeg
1633 1619 122 80 ikke
1787 1621 166 94 sige;

177 1775 152 58 men
365 1751 124 80 ikke
525 1751 376 80 desmindre
937 1771 98 58 ere
1073 1747 72 84 de
1185 1755 124 88 dog
1339 1753 254 94 dygtige
1623 1755 70 76 til
1729 1771 70 60 at
1821 1749 100 96 for-

171 1887 198 92 styrre
407 1881 398 98 Handelen,
889 1901 78 74 og
1009 1887 208 74 under
1262 1878 323 100 Paaskud
1643 1877 78 98 af
1760 1881 160 98 Fræ-

163 1998 335 100 Stadeznst
553 2013 308 100 Friheder
915 2013 168 98 have
1131 2017 120 76 den
1311 2017 382 92 allerstørste
1731 2011 186 96 Lejlig-

171 2147 114 98 hed
329 2149 72 78 til
435 2161 72 64 at
541 2147 152 94 hæle
725 2143 314 98 Toldsvig
1079 2165 76 74 og
1195 2147 182 92 giøre
1411 2145 380 98 Forprang.

395 2273 262 98 Ligesaa
733 2273 246 94 tilføjes
1061 2277 448 84 Drammens
1589 2275 356 96 Borgeres

177 2405 290 96 Næring
503 2427 78 58 en
621 2407 128 92 stor
765 2403 294 98 Indpas
1089 2411 118 76 ved
1247 2407 346 84 Bondens
1627 2405 118 96 ftie
1762 2406 173 96 Ind-

174 2537 160 97 kisob
365 2557 134 76 paa
555 2535 202 82 Korn
819 2533 78 96 af
919 2537 436 98 Fartøjerne,
1421 2537 528 116 ihvorvel'denne

169 2675 146 74 dem
359 2669 468 94 allernaadigst
881 2663 306 98 forundte
1241 2667 532 102 Kioberettighed
1827 2671 120 98 har

165 2799 286 82 Landets
473 2799 260 100 Faders
771 2797 452 98 høistpriselige
1249 2797 304 100 Hensigt,
1593 2803 74 78 til
1699 2799 248 96 Lettelse

169 2929 106 98 for
307 2937 120 76 den
459 2929 226 96 fattige
725 2927 278 92 Almue,
1059 2947 72 62 ar
1163 2935 74 74 de
1275 2929 210 80 kunde
1527 2939 168 86 nyde
1715 2931 200 82 Korn-

171 3063 286 100 vahrene
489 3061 112 92 saa
639 3077 206 78 meget
875 3063 248 92 ringere
1163 3059 132 94 som
1347 3061 400 96 Borgernes
1777 3063 156 98 For-.-

165 3199 136 76 deel
355 3209 250 66 maatte
663 3191 222 82 beløbe
929 3195 90 94 sig
1077 3195 92 76 til.
1285 3191 174 80 Men
1521 3193 174 96 hvad
1735 3190 206 104 skeet-?

169 3333 122 74 den
331 3325 264 100 Fattige
639 3323 138 96 som
811 3327 228 94 sielden
1075 3321 122 98 har
1245 3339 188 78 noget
1477 3341 72 62 at
1595 3325 182 82 kiobe
1815 3325 124 100 for,

165 3459 228 80 vinder
437 3459 158 78 intet
655 3461 120 76 ved
831 3461 202 76 denne
1083 3453 364 98 Kongelige
1499 3447 284 108 Naade,
1853 3465 86 76 da

167 3595 78 80 de
279 3603 182 70 enten
497 3611 162 62 maa
695 3587 146 98 søge
859 3585 210 100 Borg
1109 3589 124 100 hos
1253 3587 522 86 Kiobmændene
1791 3597 146 78 eller

1709 3723 124 100 hos
