2949 4571
1821 529 88 72 53

427 698 662 99 Haandverksfolket
1137 699 152 96 efter
1341 712 182 72 deres
1579 702 295 97 Stand,
1951 724 64 60 er

228 832 80 98 af
352 838 118 75 alle
526 835 242 95 mindst
808 836 306 95 aflagde;
1188 833 260 83 Grund
1494 836 182 96 hertil
1736 835 128 80 kan
1918 833 98 97 jeg

230 970 190 90 ingen
462 971 218 72 anden
720 968 182 92 give,
952 971 124 76 end
1116 983 72 62 at
1226 985 70 60 de
1354 968 132 92 som
1538 968 164 96 have
1736 965 282 102 Penge,

231 1098 164 96 have
435 1099 192 92 tillige
665 1103 102 72 det
813 1098 294 93 daarlige
1139 1095 476 101 Minde-Cum
1657 1099 56 80 ei
1751 1113 70 66 at
1871 1099 146 77 ville

229 1234 146 74 lade
429 1232 184 77 deres
661 1225 224 87 Børn
935 1232 152 76 lære
1141 1227 464 99 Haandverk,
1675 1251 78 74 og
1803 1223 212 97 derfor

229 1362 129 78 kan
407 1380 79 75 og
523 1361 219 91 aldrig
777 1356 573 98 Haandverkerne
1387 1364 265 92 bringes
1705 1363 69 78 til
1811 1361 177 98 Fuld-

232 1489 468 98 kommenhed,
764 1512 78 74 og
900 1490 166 81 blive
1120 1497 238 76 drevne
1392 1492 134 94 som
1570 1498 102 76 det
1712 1495 88 94 sig
1856 1491 164 85 bor,

240 1622 69 92 ja
348 1620 585 83 Arbejdsmanden
986 1622 121 96 har
1156 1627 201 90 større
1410 1625 461 96 Fortjenester,
1942 1642 79 74 og

233 1754 212 81 kunde
481 1759 120 74 den
635 1756 220 93 største
897 1752 188 86 Deel
1115 1759 234 92 næsten
1383 1760 130 76 leve
1569 1758 116 95 lige
1719 1757 114 94 saa
1879 1762 140 90 vel,

213 1888 42 80 'i
301 1890 216 91 øvrigt
555 1885 122 98 har
709 1879 104 97 for
863 1890 102 72 der
997 1889 186 94 meste
1245 1887 200 96 (uden
1497 1910 92 58 nu
1620 1908 156 75 Paa
1835 1890 188 92 nogle

234 2018 172 96 Aar)
480 2019 152 92 hver
666 2015 238 81 Mand
946 2020 110 77 eiet
1096 2021 76 94 sit
1206 2015 258 101 Huns,
1526 2042 78 72 og
1652 2021 74 78 til
1776 2020 244 95 yderste

234 2148 152 90 Rip
416 2147 460 98 vedligeholdet
914 2148 240 92 jamme
1190 2155 148 77 med
1374 2172 74 58 en
1488 2154 176 94 stags
1694 2147 290 99 Omhyg-

235 2280 322 95 gRghed,
613 2299 146 61 men
799 2284 18 72 i
847 2286 204 74 denne
1086 2279 135 90 Tid
1265 2303 98 61 ere
1415 2303 238 75 mange
1690 2281 329 84 Gaarder

239 2410 310 99 ttlkisbK,
619 2409 240 94 hvortil
923 2412 52 76 ei
1039 2411 206 96 haves
1301 2411 330 100 Kiobere,
1717 2415 94 96 thi
1859 2413 164 79 intet

233 2546 279 76 imellem
569 2539 419 98 Hænderne,
1071 2565 79 74 og
1191 2543 327 97 endffisnt
1565 2566 159 59 man
1771 2545 249 96 havde,

238 2696 62 58 er
336 2666 362 108 Dag-ingen
508 2675 192 96 ingen
746 2672 362 99 Handling
1160 2691 72 64 at
1268 2673 306 101 fortjene,
1622 2677 128 82 kan
1804 2676 186 97 Huse-

242 2826 79 60 ne
360 2801 225 96 altsaa
614 2803 123 83 ikke
776 2802 147 98 føde
952 2812 165 76 dens
1166 2805 207 88 Eiere-.

447 3067 528 84 Kiøbmændene
1015 3074 20 79 i
1065 3073 410 86 Drammen
1515 3074 122 98 har
1691 3077 184 76 ellers
1929 3088 92 64 tre

240 3200 192 86 Aars
460 3199 496 101 Oplagsfrihed
986 3224 136 75 paa
1156 3178 741 135 Fransk-Brændeviin
1454 3204 444 84 Brændeviin
1938 3226 80 74 og

242 3334 230 101 Min,
532 3330 248 103 hvoraf
804 3350 190 78 noget
1028 3337 216 94 aarlig
1292 3339 70 77 til
1408 3336 352 96 Engeland
1817 3336 172 94 udski-

245 3460 348 119 be«s,»men
445 3487 150 58 men
632 3467 171 94 siden
842 3464 255 84 Stedet
1147 3489 66 58 er
1264 3469 361 97 beliggende
1680 3465 101 98 for
1834 3473 187 89 langt

245 3598 114 80 ind
403 3598 22 80 i
471 3595 278 99 Landet,
833 3598 122 98 har
1003 3602 102 77 det
1155 3597 128 82 ikke
1341 3606 118 78 den
1531 3598 278 100 Handel
1875 3604 144 78 med

1033 3727 95 88 D
1187 3755 35 74 3
1605 3730 309 97 Sverrig
