2926 4518
1751 461 89 90 63

381 655 360 84 Saaledes
827 675 66 58 er
951 651 448 88 Drammens
1479 671 94 62 nu
1653 661 300 74 værende

181 787 318 100 Handels
531 783 532 100 Beskaffenhed,
1117 805 78 74 og
1221 783 122 80 ikke
1381 781 134 96 som
1549 789 118 76 den
1707 791 212 76 udvor-

183 933 98 68 tes
317 921 120 98 har
471 917 336 94 Anseende
849 913 92 98 af.
1063 913 154 86 Vel
1265 915 130 78 kan
1445 921 206 76 andre
1701 917 252 96 Norske

181 1053 418 94 Kiobstæder
641 1051 166 98 have
841 1051 132 94 sine
1015 1045 608 98 Besværligheder,
1677 1069 80 74 og
1797 1047 154 100 hver

181 1183 262 84 Stand
471 1187 22 76 i
527 1185 96 92 sin
649 1181 304 116 Næring
975 1179 128 80 kan
1147 1179 178 94 finde
1345 1179 408 98 Forringelse
1785 1177 166 98 frem

179 1313 106 98 for
323 1313 244 98 forrige
593 1311 238 96 Tider;
887 1309 178 84 Men
1091 1307 102 96 for
1227 1311 254 90 saavidt
1515 1309 242 94 samme
1789 1333 64 58 er
1877 1335 76 56 en

183 1445 384 96 almindelig
603 1445 210 96 Folge
843 1438 78 97 af
1843 1442 116 93 faa

185 1599 64 58 er
291 1591 106 64 det
429 1575 128 80 ikke
591 1581 120 76 den
761 1571 336 100 Trykkelse
1159 1573 104 96 jeg
1305 1573 230 98 herved
1585 1573 132 94 som
1769 1593 192 78 noget

189 1707 290 94 særdeles
509 1703 312 100 anfører;
887 1707 92 96 thi
1027 1709 122 76 den
1211 1705 244 94 samme
1497 1707 350 94 Ulejlighed
1879 1729 80 74 og

189 1839 322 96 Handels
549 1837 378 96 Mislighed
965 1835 246 100 ethvert
1249 1837 194 82 Sted
1477 1839 210 80 kunde
1729 1837 200 82 berau-

189 1971 74 78 be
291 1973 88 96 sig
421 1989 174 78 paa,
673 1989 64 58 er
779 1971 104 76 vel
913 1973 144 74 eller
1093 1967 126 80 ikke
1273 1967 406 86 Drammen
1713 1977 212 74 undta-

189 2125 120 74 gen
379 2099 148 98 fra,
607 2101 108 92 ja,
797 2105 122 74 den
989 2088 349 107 herskende
1405 2099 552 102 Pengemangel,

193 2231 338 94 Skatter,
579 2227 296 96 Udgifter
909 2251 80 74 og
1041 2235 96 76 alt
1187 2233 176 98 hvad
1395 2233 134 92 som
1567 2235 20 78 i
1625 2241 120 74 den
1779 2235 180 98 Fald

195 2363 130 78 kan
361 2363 202 94 siges,
611 2381 66 60 er
711 2383 74 58 en
817 2359 202 94 fælles
1063 2363 288 96 Byrde,
1417 2385 148 60 men
1613 2367 176 94 hvad
1829 2367 132 92 som

195 2495 114 80 udi
343 2491 430 96 foregaaende
805 2515 62 56 er
921 2493 222 80 berørt
1193 2515 108 58 om
1341 2493 448 86 Drammens
1823 2499 112 80 ind-

195 2635 224 70 vortes
457 2623 312 98 Tilstand
817 2645 80 74 og
947 2621 280 98 tilføjede
1271 2627 324 98 Handels
1645 2629 282 98 Fornær-

197 2755 220 98 melse,
465 2771 172 64 troer
699 2755 146 98 jeg,
913 2771 102 66 at.
1051 2759 190 94 ingen
1297 2765 210 76 andre
1547 2761 416 98 Kiobstæder

197 2887 130 82 kan
365 2885 128 96 føle
549 2885 436 98 Virkningen
1041 2887 108 100 af,
1241 2889 116 96 saa
1411 2891 350 100 kiendelig,
1833 2893 136 94 som

197 3025 208 78 denne
439 3017 208 98 Byes
679 3017 334 98 Borgere.

403 3149 216 84 Naar
649 3147 248 98 derfore
937 3155 206 76 andre
1179 3157 184 76 alene
1395 3155 222 96 ønsker
1637 3153 326 92 Tidernes

207 3285 432 96 Forandring
679 3305 82 76 og
797 3289 104 76 det
931 3281 134 96 som
1101 3283 224 82 kaldes
1363 3283 372 100 Negoriens
1775 3291 190 96 Flor,

213 3415 118 96 har
369 3419 68 78 vi
481 3431 192 80 noget
703 3437 170 60 mere
915 3431 72 66 at
1033 3415 150 82 bede
1221 3439 144 76 om,
1429 3421 64 78 vi
1525 3421 218 96 ønffer
1775 3419 188 100 først,

203 3543 72 98 ja
325 3547 66 80 vi
439 3547 150 86 bede
631 3571 108 60 om
807 3555 104 78 det
953 3565 292 84 maatte.
1265 3549 166 82 blive
1477 3549 326 102 bonhort:
1869 3555 96 86 At

1583 3685 282 98 Kongs-
