2915 4537
1797 481 92 70 45

185 689 14 22 '
225 663 268 94 egémlig
537 665 136 88 det,
759 655 316 100 hvormed
1119 657 526 98 Indbyggernes
1681 651 314 102 Tilstand

227 797 384 92 nogenledes
649 787 502 96 vedligeholdes.
1283 789 94 84 Et
1411 789 190 90 sandt
1641 787 354 100 Ordsprog

223 927 122 98 har
385 925 108 100 her
531 925 240 84 Sted:
855 921 94 82 At
987 923 176 98 hvad
1215 923 136 92 som
1407 943 64 58 er
1521 923 178 98 spart
1749 943 64 60 er
1861 919 104 96 for-

217 1059 194 88 tjent;
467 1057 188 84 Saa
697 1055 336 98 endssionr
1071 1057 330 94 deringen
1451 1053 166 98 Bye
1657 1075 100 78 er,
1825 1053 164 100 hvor

213 1189 540 82 Levnedsmidler
785 1211 98 58 ere
913 1195 224 90 dyrere
1173 1195 122 76 end
1335 1191 20 76 i
1403 1187 444 96 Drammen,
1903 1191 88 76 da

211 1329 114 78 der
385 1329 298 78 desuden
741 1325 160 78 inter
973 1323 312 96 AMorv
1347 1321 244 96 haves,
1698 1307 117 103 faa
1867 1325 128 90 dog

213 1463 270 90 mangle
515 1455 490 98 Indbyggerne
1053 1455 158 78 intet
1235 1449 80 98 af
1351 1459 74 74 de
1465 1451 328 94 fornødne
1809 1449 186 98 Ting

215 1589 106 96 (at
361 1591 122 92 sige
533 1591 74 78 de
659 1591 108 74 der
829 1583 122 100 har
1001 1601 192 80 noget
1227 1603 74 62 ak
1347 1585 186 82 kiøbe
1575 1579 152 102 for).
1859 1581 134 86 De

215 1723 170 96 fleste
419 1717 80 94 af
525 1717 362 96 Borgerne
925 1723 170 76 deels
1137 1719 84 80 eie
1259 1739 78 74 og
1373 1723 170 74 deels
1583 1717 164 94 have
1779 1719 210 78 under

217 1851 468 98 Forpagtning
767 1847 396 98 Jordegods
1249 1847 78 98 af
1389 1853 128 94 hele
1589 1871 80 74 og
1733 1851 256 78 mindre

219 1981 562 98 Gaardsparter,
877 1979 246 100 hvoraf
1151 1989 70 74 de
1259 1983 130 80 kan
1427 1981 150 96 fode
1619 1981 242 96 Qvæg
1903 2003 80 74 og

215 2119 208 74 andre
455 2115 218 92 fmaae
707 2115 378 96 Kreamre,
1155 2137 80 74 og
1289 2115 132 80 kan
1477 2111 214 92 altsaa
1747 2115 238 94 næsten

215 2245 164 80 alrid
443 2245 166 94 have
679 2253 100 74 der
845 2245 326 96 fornødne
1235 2249 74 78 ril
1377 2245 608 98 Huusholdingen.

219 2373 174 86 Ved
449 2381 122 76 den
627 2385 342 88 upaaralte
1001 2377 202 96 fælles
1239 2373 140 100 frie,
1429 2377 186 96 Jagt
1659 2397 80 74 og
1783 2375 170 98 Fiffe-

219 2507 390 98 Rettighed,
643 2509 130 80 kan
811 2517 72 74 de
917 2531 80 74 og
1029 2511 386 80 undertiden
1453 2511 166 94 have
1651 2509 334 96 Fuglevilt

217 2661 80 74 og
315 2639 176 98 Fiff,
521 2641 328 98 endffiønt
881 2639 192 96 deraf
1105 2663 64 60 er
1221 2643 194 96 ingen
1431 2639 548 100 Overflødighed.

213 2771 132 88 De
381 2773 482 98 Fornemmeste
919 2775 166 98 have
1137 2773 248 96 derfore
1431 2773 270 102 Parker
1739 2775 20 78 i
1797 2777 184 76 deres

217 2905 282 98 Haver,
595 2929 78 74 og
731 2907 182 96 holde
975 2905 472 102 Fiffekummer
1529 2911 208 74 under
1795 2907 186 78 deres

215 3037 428 98 Soeboeder,
681 3033 102 98 for
831 3041 20 76 i
893 3037 180 98 Hast
1111 3053 72 66 at
1223 3037 168 100 have
1457 3053 190 80 noget
1689 3051 74 66 at
1801 3033 178 98 gribe

211 3173 116 92 til,
385 3191 146 60 men
569 3169 176 100 færff
781 3169 124 100 Lap
947 3193 62 58 er
1041 3177 104 76 det
1179 3173 196 94 eneste
1419 3167 134 98 som
1605 3191 108 60 om
1747 3167 202 86 Som-

211 3321 216 62 meren
463 3305 206 94 haves
715 3309 218 92 daglig
969 3301 80 98 af
1093 3305 90 100 g).
1657 3301 222 100 Frugt

257 3483 68 76 y)
371 3487 236 62 Overalt
641 3491 20 58 i
701 3489 436 72 Dramsfiorden
1185 3489 146 72 fiffes
1371 3483 164 76 Laxen
1583 3489 116 56 med
1743 3483 210 64 Baand-

393 3617 172 58 garn;
625 3607 84 60 det
753 3601 368 80 fornemmeste
1173 3599 228 78 Fifferie
1453 3601 168 78 ligger
1665 3599 66 62 til
1779 3599 200 74 Herre-

1649 3717 236 74 gaarden
