2853 4471
1572 292 91 72 75

169 514 169 79 uden
379 512 75 75 de
501 525 257 74 32000
803 496 221 84 Rdlr:
1073 511 137 76 paa
1255 482 427 104 Jern-Pro»

167 663 335 85 ducterne,
563 649 97 97 thi
703 653 75 73 de
817 643 438 112 Rigdomme
1297 645 77 71 de
1405 630 281 96 Dansse

173 800 417 94 Capikalister
643 793 107 95 (I
807 813 97 60 nu
955 805 83 75 og
1091 794 91 69 da
1237 778 107 97 for
1399 799 75 58 en
1523 771 161 90 Tud

171 945 213 80 betroe
446 943 121 98 os)
621 942 167 96 have
841 929 253 100 indført
1147 928 73 78 til
1265 923 275 98 Norge,
1619 938 67 64 er

170 1095 160 79 altid
365 1088 419 95 ubeffadiged
813 1085 209 90 gaaed
1055 1073 259 90 tilbage.

267 1234 277 75 Inkelix!
610 1229 168 75 nulli
835 1225 169 72 bene
1067 1240 207 74 nuxra
1335 1212 259 72 msriro.

359 1516 217 101 Hvad
627 1512 429 94 Riigdomme
1107 1509 145 75 eller
1309 1501 177 97 hvad
1543 1491 121 91 Til-

175 1669 187 95 stand
407 1665 167 78 kand
635 1666 111 70 der
796 1651 154 98 efter
1001 1649 253 93 saadan
1301 1643 387 98 Operation

176 1812 251 91 rimelig
457 1803 337 97 formodes
842 1815 72 65 ar
952 1816 168 59 være
1165 1797 21 75 i
1215 1790 276 96 Norge,
1551 1785 139 94 som

172 1976 137 80 paa
348 1962 105 70 det
487 1948 203 99 Heele
744 1966 67 62 er
858 1961 60 63 et
967 1941 225 96 fattigt
1241 1936 244 94 Riige,
1557 1927 107 98 for-

174 2101 343 91 nemmelig
545 2093 360 95 formedelst
921 2086 500 92 Kornmangel,
1456 2100 81 73 og
1561 2075 125 100 har

178 2257 77 73 de
288 2241 409 95 besværligste
739 2235 318 93 Arbejder
1099 2234 22 75 i
1169 2233 129 93 sine
1329 2224 331 94 Nærings-

178 2390 133 95 veje
346 2386 79 95 af
448 2390 121 76 alle
610 2393 75 71 de
724 2389 113 73 der
882 2400 65 58 er
983 2376 285 80 bekjendt
1309 2375 18 75 i
1361 2362 330 101 Verden';

182 2535 249 84 Skulle
472 2539 105 75 det
618 2530 121 82 ikke
788 2526 258 90 tækkelig
1094 2527 141 74 lade
1266 2521 91 94 sig
1395 2509 298 97 begribe,

178 2696 75 68 at
282 2687 111 74 der
426 2682 203 90 endog
656 2678 21 78 i
702 2671 373 93 Nærheden
1108 2663 79 97 af
1202 2662 491 95 Kiobftæderne

180 2846 105 62 ere
324 2833 75 73 de
432 2823 331 96 Sogners
788 2818 279 96 Almue,
1128 2813 135 94 som
1298 2814 121 76 alle
1452 2798 243 103 tilhobe

176 2972 127 79 ikke
358 2970 85 93 eje
494 2972 21 78 i
580 2965 299 98 Myndt,
960 2970 107 72 det
1114 2983 65 60 er
1234 2952 457 94 Bancosedler

176 3115 469 97 indberegned,
717 3124 148 63 100
764 3138 101 50 oo
900 3111 207 84 Rdlr.
1190 3106 197 83 Seer
1420 3127 157 61 man
1614 3108 79 80 til

178 3267 161 79 dette
380 3260 263 102 Stæd,
704 3257 135 100 som
886 3278 67 68 er
984 3251 467 109 Hovedstaden
1488 3246 103 100 for
1630 3260 57 70 et

1298 3403 265 101 Konge-
