3075 4571
1094 512 88 85 38

990 717 115 60 om
1168 693 129 82 ikke
1360 693 144 78 med
1582 684 323 97 Fordeel,
2028 682 114 95 saa
2200 684 188 98 heller
2448 677 128 85 ikke
2630 681 144 78 med

991 824 187 97 Tab.

1195 1080 317 105 Herefter
1539 1084 291 81 kommer
1845 1078 701 100 Krambvhandlerne,
2579 1078 167 96 hvor-

999 1215 83 104 af
1117 1240 67 64 er
1221 1241 79 60 en
1339 1218 329 98 Mængde
1701 1221 21 76 i
1749 1218 447 88 Drammen,
2259 1234 81 73 og
2379 1216 167 88 siden
2581 1214 196 91 ingen

988 1358 137 81 kan
1158 1354 171 100 have
1354 1350 339 86 Levebrød
1720 1356 121 76 ved
1872 1366 215 78 nogen
2142 1346 109 78 vis
2300 1343 317 97 Handel,
2662 1340 117 93 faa

997 1488 285 97 handles
1322 1490 144 77 med
1508 1492 126 74 alle
1669 1481 185 96 Ting
1883 1483 21 78 i
1937 1479 277 99 Flæng,
2271 1487 101 70 alt
2409 1473 253 96 ligesom
2677 1493 77 58 en-

993 1620 160 99 hver
1189 1620 132 77 kan
1361 1616 168 104 have
1573 1616 196 84 Evne
1803 1636 80 73 og
1933 1611 292 95 Adgang
2263 1623 72 66 at
2365 1608 282 80 udbrede
2687 1605 98 96 sin

994 1750 333 99 Handel,
1386 1756 115 76 des
1534 1747 369 97 formedelst
1933 1737 473 101 gaaer-dertil
2192 1746 103 74 det
2332 1743 75 78 til
2452 1740 21 80 i
2506 1739 253 97 Hande-

993 1888 147 92 len,
1219 1884 139 93 som
1413 1889 145 75 med
1611 1880 291 97 Fiffene,
1973 1878 167 96 hvor
2199 1880 75 76 de
2329 1877 165 93 store
2531 1873 149 95 søge
2717 1881 75 68 at

997 2019 264 97 opfluge
1312 2021 75 77 de
1426 2014 243 93 smaae.

1199 2279 107 98 Af
1371 2279 379 104 Fabriqver
1829 2295 67 60 er
1975 2274 197 97 ingen
2245 2266 455 93 mærkværdig
2765 2267 25 75 i

994 2418 461 95 Drammen,
1508 2416 343 90 undtagen
1888 2411 123 76 den
2050 2406 291 79 berømte
2360 2396 433 96 Reberbane,

1000 2552 168 99 hvor
1238 2555 110 74 der
1393 2542 413 100 forfærdiges
1862 2545 74 76 de
1987 2539 225 97 største
2259 2531 535 94 Anker-Touge,

1005 2682 351 103 Pertliner
1417 2699 83 76 og
1533 2667 719 99 andreTougværker;
2301 2664 333 94 Dernæst
2663 2668 74 73 de
2775 2661 20 77 i

1008 2816 225 98 Byen
1254 2815 299 79 værende
1578 2834 25 48 i
1618 2834 69 49 o.
1728 2799 671 98 Tobaksspinderier,
2458 2794 205 101 hvilke
2702 2813 99 58 nu

1003 2952 25 79 i
1057 2955 209 76 denne
1305 2943 139 91 Tid
1481 2943 55 80 ei
1571 2938 327 100 synderlig
1927 2936 183 96 giver
2161 2931 465 99 Fabriqverne
2679 2947 91 60 an-

1003 3086 130 77 den
1199 3078 338 99 Fordeel,
1615 3077 122 76 end
1795 3084 74 66 at
1939 3080 60 68 et
2057 3085 128 76 par
2258 3064 257 97 hundre
2574 3057 227 97 fattige

1010 3210 467 96 Strandsider
1510 3205 227 87 Børn
1776 3202 133 81 kan
1960 3201 235 81 derved
2244 3194 165 101 have
2436 3192 304 100 Ophold.

1216 3474 101 85 Et
1343 3476 406 96 privilegeret
1788 3464 553 103 Pibe-Fabriqve
2398 3482 79 76 og
2528 3475 59 66 et
2640 3458 167 95 stort

1010 3608 534 100 Teglbrænderne
1586 3606 124 98 har
1742 3598 232 102 tilforn
2008 3612 200 68 været
2246 3598 20 80 i
2302 3595 258 97 Byen,
2612 3590 196 97 begge

2609 3746 99 60 ere
