2964 4571
1255 347 89 74 48

2930 415 8 54 I

1252 532 367 89 Meening,
1684 522 273 102 befatter
2000 527 99 97 jeg
2160 528 141 82 ikke.
2420 524 153 88 Om
2624 547 155 63 man

1253 687 193 94 sagde
1509 677 175 96 mig,
1785 688 71 62 at
1911 669 449 97 Bancosedler
2421 670 185 100 holdt
2665 681 117 72 den

1256 827 333 91 klingende
1626 815 263 99 Myndt
1920 824 199 87 noged
2150 824 267 91 længere
2448 820 19 78 i
2502 816 285 96 Landet,

1259 977 108 72 det
1397 977 250 67 maatte
1675 961 99 96 jeg
1805 961 253 95 rimelig
2089 976 169 79 troe,
2316 933 357 122 saasom-de
2597 971 76 70 de
2711 962 76 84 til

1264 1119 122 74 alle
1414 1106 230 90 Tuder
1694 1102 256 100 afgives
1996 1107 20 76 i
2060 1108 224 92 stæden
2316 1103 102 96 for
2458 1108 334 93 klingende

1263 1255 306 97 Myndt,
1645 1251 136 92 som
1833 1272 74 58 en
1955 1247 292 84 Valuta
2299 1246 254 101 derfor,
2637 1249 154 96 hvis

1264 1401 220 84 Stæd
1562 1406 122 69 den
1758 1398 330 91 klingende
2158 1392 258 97 Myndt
2482 1394 62 92 jo
2616 1399 180 73 ellers

1265 1558 254 67 maatte
1588 1537 459 99 fyldestgiore;
2138 1536 179 81 Men
2386 1542 169 76 dette
2618 1533 183 96 faaer

1264 1704 240 78 mange
1531 1686 161 91 seent
1727 1689 19 75 i
1777 1682 327 98 Hovedet.
2205 1678 135 87 De
2375 1680 245 80 raabe:
2685 1677 119 85 Vi

1268 1835 209 80 burde
1536 1832 173 78 imed
1764 1836 197 72 andet
2018 1827 201 97 have,
2298 1833 119 74 end
2470 1826 333 93 klingende

1267 1977 303 107 Myndt;
1631 1971 151 100 Ja,
1825 1969 283 84 velnok!
2171 1967 317 100 Hvorfra
2523 1968 125 97 stal
2687 1973 123 73 den

1272 2129 92 74 da
1396 2123 308 77 komme?
1770 2112 164 88 Det
1966 2118 154 77 veed
2158 2116 190 93 ingen
2386 2130 70 64 at
2490 2116 165 93 sige;
2716 2109 98 83 At

1271 2273 134 76 tale
1443 2284 110 60 om
1587 2263 336 93 klingende
1959 2257 262 97 Myndt
2255 2261 74 78 til
2361 2255 454 97 Circulation,

1280 2419 174 74 uden
1510 2426 74 65 at
1638 2407 208 82 kunde
1898 2423 264 79 nævne,
2244 2400 274 101 hvorfra
2564 2407 76 74 de
2694 2399 122 98 {fal

1275 2557 310 80 komme:
1683 2549 96 85 At
1845 2549 236 91 anviise
2155 2556 102 72 det
2323 2542 496 102 Kongsbergjfe

1278 2699 254 97 Sølv,
1606 2697 136 94 som
1803 2692 387 102 Muelighed
2241 2695 125 80 ikke
2430 2694 250 80 tillader
2746 2702 72 68 at

1281 2843 194 98 afsee:
1540 2840 95 87 At
1674 2847 197 91 lægge
1913 2861 122 76 nye
2066 2838 285 98 Byrder
2380 2857 137 77 paa
2548 2845 81 72 os
2662 2833 157 96 selv,

1279 2990 247 94 nemlig
1577 3007 139 78 paa
1771 2995 203 71 vores
2009 2981 315 101 Handel,
2387 2981 105 97 for
2539 2995 71 68 at
2645 2970 177 105 skaffe

1280 3137 339 93 klingende
1668 3129 263 95 Myndt
1982 3131 21 80 i
2058 3127 457 99 Circulation,
2588 3131 117 74 den
2754 3120 71 82 vi

1289 3283 133 93 dog
1459 3278 125 86 ikke
1615 3277 209 85 kunde
1861 3273 303 104 beholde,
2213 3293 101 66 ere
2339 3275 67 98 jo
2435 3268 211 97 Ting,
2689 3267 138 95 som

2580 3413 128 86 ikke
