2781 4390
911 655 334 89 retninger
1343 669 86 76 og
1509 648 412 98 Anstalter,
2003 648 394 95 hvoriblank
2438 648 168 99 Pri-

910 756 137 93 fers
1094 751 364 93 Udsættelse
1498 752 54 74 ei
1600 768 68 61 er
1718 771 78 56 en
1858 748 82 96 af
1974 758 74 71 de
2080 753 312 93 ringeste,
2448 770 188 80 voxer

910 860 123 72 alle
1084 855 127 84 sine
1274 846 293 83 Naboer
1624 869 157 58 over
1846 848 327 90 Hoveder.
2282 848 219 101 Hvad
2560 862 73 68 de

903 950 244 99 Penge
1183 966 328 75 angaaer,
1563 950 138 86 som
1737 945 292 97 Kongen
2067 952 304 94 aarligen
2398 953 237 92 maate

1005 1054 239 90 udgive
1279 1053 73 74 ril
1387 1048 319 95 Priserne
1726 1097 22 42 ,
1809 1055 89 73 da
1940 1050 298 85 tilsaaer
2281 1050 101 95 jeg
2439 1067 69 63 at
2559 1060 73 70 de

906 1151 176 76 vilde
1118 1150 172 76 blive
1326 1149 74 76 ril
1436 1167 78 57 en
1552 1147 272 93 virkelig
1862 1149 284 94 Udgift,
2184 1172 150 58 men
2366 1151 102 94 jeg
2508 1172 100 56 me-

905 1266 118 59 ner
1057 1263 74 60 ar
1166 1244 575 91 Consumrionens
1782 1249 235 93 høyere
2052 1251 427 92 Udbringelfe
2515 1252 90 76 vil-

905 1354 76 70 de
1043 1347 22 76 i
1121 1365 78 55 en
1273 1342 144 79 korr
1475 1343 140 87 Tid
1659 1349 262 88 erstatte
1979 1358 167 83 den,
2203 1368 83 76 og
2337 1358 294 71 desuden

904 1444 216 79 kunde
1166 1452 206 66 denne
1420 1440 238 101 Udgift
1704 1451 104 76 vel
1858 1449 292 94 maassee
2200 1470 140 76 paa
2410 1458 222 72 anden

904 1542 273 83 Maade
1224 1540 255 96 spares.

1059 1737 221 97 Hvad
1329 1737 615 101 Jorddyrkningen
1997 1761 339 78 angaaer,
2393 1751 91 74 da
2527 1765 104 67 ere

908 1842 80 76 de
1018 1839 170 94 fleste
1220 1836 302 85 Bonder
1566 1842 52 76 ei
1652 1837 314 94 uerfarne
2000 1845 18 74 i
2054 1851 164 81 den,
2276 1846 354 91 ligesaavel

908 1938 139 88 som
1085 1941 20 76 i
1145 1954 72 62 at
1255 1944 298 85 oprodde
1593 1956 86 79 og
1721 1951 242 81 optage
2009 1961 122 74 nye
2174 1940 239 99 Jord,
2473 1967 156 57 men

909 2036 569 95 Græsgangenes
1527 2036 429 98 Forbedring
1989 2063 97 56 ere
2139 2047 75 73 de
2259 2044 344 99 meer-mer-

903 2134 196 93 farne

2481 2065 117 59 uer-

904 2134 196 94 farne
1150 2140 216 93 i,'og
1418 2144 124 72 end
1596 2156 170 61 meer
1826 2140 20 76 i
1898 2140 724 100 Skov-Plantning;

904 2232 281 89 Derfor
1238 2256 129 57 var
1418 2245 109 69 det
1580 2243 101 72 vel
1738 2257 109 59 om
1894 2260 75 56 en
2014 2241 191 89 kort,
2262 2238 235 96 fyndig
2540 2262 89 80 og

905 2338 208 89 rigtig
1147 2332 426 96 Anviisning
1607 2338 224 88 herom
1869 2340 148 76 blev
2053 2348 144 68 med
2231 2348 130 84 god
2395 2339 198 82 Over-

901 2436 127 89 læg
1079 2431 353 96 forfattet),
1490 2454 86 74 og
1629 2434 115 95 saa
1800 2455 242 76 mange
2075 2435 439 98 Exemplarer
2542 2438 90 96 af

902 2538 183 87 den,
1160 2532 140 90 som
1352 2538 335 90 mueligt,
1750 2544 230 83 gratis
2050 2544 284 73 uddeelt.
2458 2537 163 87 Det

903 2649 134 60 var
1087 2649 84 77 og
1219 2649 118 77 gor
1385 2653 108 59 om
1543 2644 208 69 denne
1809 2633 422 97 Anviisning
2299 2640 144 75 blev
2501 2640 118 90 fire

905 2748 223 78 gange
1195 2750 109 58 vm
1355 2731 435 82 Sommerne
1861 2737 221 92 oplast
2135 2738 81 90 af
2275 2734 311 101 Prædike-

902 2826 304 83 Stolene
1228 2880 20 40 ,
1308 2853 82 72 og
1434 2837 190 75 ellers
1672 2853 138 72 paa
1858 2834 302 93 Tingene
2210 2856 84 78 og
2338 2851 122 64 ved
2498 2860 86 54 an-

902 2934 115 71 dre
1066 2925 435 99 Leyligheder.
1612 2930 67 97 I
1742 2931 385 97 Engelland
2178 2958 163 56 maa
2396 2940 193 90 Geist-

901 3027 298 92 ligheyen
1241 3031 222 82 oplæse
1503 3032 326 90 saadanr,
1883 3054 82 72 og
2019 3033 102 96 jeg
2157 3038 94 76 vil
2295 3039 214 90 haabe
2543 3052 72 62 at

900 3130 126 72 den
1061 3119 255 93 Norffe
1351 3129 425 98 Geislighed
1824 3134 238 79 rænker
2102 3137 54 75 ei
2192 3138 260 77 mindre
2473 3146 112 80 pas-

901 3220 248 99 triotisk
1190 3246 81 70 og
1314 3235 153 72 ædel
1502 3236 123 70 end
1668 3239 123 74 den
1838 3230 333 99 Engelffe.
2276 3234 163 85 Del
2486 3255 125 59 var

901 3342 86 75 og
1027 3339 116 78 gor
1181 3344 110 54 om
1347 3332 304 92 aarligen
1695 3337 22 70 i
1753 3331 156 92 hver
1951 3330 272 96 Boygd
2273 3334 144 79 blev
2459 3357 126 73 gra-

903 3424 97 75 tis
1049 3426 259 74 uddeelt
1365 3425 187 96 Høe-
1599 3448 81 71 og
1737 3429 541 97 Klever-Frøe,
2327 3435 279 91 hvilken

900 3521 186 98 sidste
1128 3519 192 85 Sæd
1383 3527 211 94 vore-r-
1622 3528 418 101 forunderlig
2088 3548 118 77 gvt
2264 3532 110 96 her
2418 3532 158 97 Ner

2241 3633 360 95 denfields,
