2913 4571
1809 435 46 90 3

143 639 144 98 Jeg
313 637 284 98 forsikrer
627 637 198 96 ham,
857 637 98 96 jeg
987 633 126 100 har
1145 635 264 82 allerede
1423 627 244 106 Prøve
1695 645 168 78 paa,

149 771 312 88 Embeder
497 793 64 60 er
593 775 120 94 lige
743 773 112 94 faa
881 767 200 98 farlig
1121 767 132 96 som
1283 763 354 98 ansvarlig.
1753 747 107 95 Ak

153 909 248 78 komme
435 905 72 78 til
535 905 344 88 dienten,
909 903 268 90 sporger
1213 905 98 96 jeg
1335 899 264 94 Autor,
1631 915 108 60 om
1761 905 106 70 det

161 1059 66 58 er
261 1055 206 74 nogen
495 1033 114 90 faer
639 1029 194 98 Lykke
851 1081 22 42 ,
921 1047 74 64 at
1029 1031 248 78 komme
1323 1031 112 80 udi
1467 1029 400 94 Adjunttion

155 1167 80 96 af
257 1185 54 64 et
345 1163 328 94 Embede,
719 1163 162 96 forst
907 1163 152 96 efter
1085 1171 100 88 46
1217 1161 196 84 AarS
1435 1163 202 80 Alder
1665 1187 66 52 er
1755 1179 118 72 op»

153 1315 242 82 naaet;
449 1293 247 99 kan-skee
727 1297 222 84 Autor
977 1297 92 82 vil
1103 1295 304 96 bebreyde
1435 1293 176 96 mig,
1655 1303 74 70 at
1769 1291 102 96 jeg

153 1431 162 98 ikke,
345 1412 352 125 saavelsom
731 1435 158 90 han,
925 1431 120 96 har
1071 1421 304 102 forstaaer
1401 1439 72 72 at
1494 1421 353 100 svare-Hyk-

154 1561 284 111 ler,jsom

1683 1421 166 100 Hyk-

155 1573 120 90 ler,
309 1563 130 96 som
459 1565 178 96 holdt
669 1567 138 92 mig
842 1565 120 90 saa
981 1565 198 94 længe
1203 1569 144 90 ude,
1379 1581 84 76 og
1489 1573 72 70 at
1591 1565 102 72 det
1721 1567 120 70 end-

157 1707 88 74 da
281 1699 124 82 ikke
433 1717 164 72 var,
629 1695 132 92 som
787 1717 206 76 nogen
1025 1691 584 102 Oberberg-AmtS
1623 1689 244 96 Client,

155 1855 216 62 mener
401 1833 130 94 jeg,
565 1839 102 72 det
699 1829 122 80 ikke
853 1831 122 80 kan
1011 1829 166 84 blive
1203 1831 142 96 mig
1379 1825 488 98 ufordeelagtig,

151 1985 74 62 at
257 1969 94 94 jeg
379 1965 108 96 her
521 1967 344 94 inddrager
891 1961 236 98 afdøde
1139 1961 138 100 Hr.
1295 1955 570 92 Cammer-Raad

151 2101 280 96 Vssses
471 2101 136 94 mig
661 2099 116 94 lige
819 2095 108 92 faa
971 2095 374 96 ubekiendte!
1373 2095 134 96 som
1551 2093 312 98 ubegierte

151 2233 406 98 Forestilling
581 2233 72 80 til
685 2229 622 100 Oberberg,Amtet.

713 2361 142 94 Tit-

253 2501 48 46 "
331 2499 176 86 Den
561 2499 188 92 svære
775 2497 286 98 Tælling
1107 2505 144 76 med
1293 2503 76 80 de
1421 2493 442 104 mangfoldige

255 2627 58 56 "
341 2633 214 92 smaae
587 2655 80 76 og
695 2633 224 94 dificile
947 2631 266 102 Penge,
1231 2631 304 98 Sorter,
1573 2635 130 92 som
1739 2633 124 94 har

253 2771 50 44 "
333 2791 92 58 nu
459 2777 310 72 vedvarer
801 2787 132 72 paa
967 2777 118 70 den
1120 2767 143 100 3die
1301 2771 172 96 Uge,
1521 2789 84 78 og
1645 2775 218 76 endnu

253 2905 48 44 "
331 2903 122 80 ikke
497 2923 64 60 er
613 2903 324 94 bestrider,
997 2897 258 102 betager
1295 2903 126 82 mit
1465 2903 192 98 svage
1700 2900 164 100 Sye

247 3041 52 46 "
335 3037 280 94 saaledes
651 3037 298 98 (foruden
981 3055 72 64 at
1083 3035 308 86 Sindets
1411 3057 90 76 og
1531 3033 332 100 Legemets

249 3175 56 48 "
329 3173 290 94 Kræfter
655 3175 192 96 tillige
877 3179 120 74 ved
1029 3181 202 72 andre
1265 3165 304 90 Embeds
1597 3169 236 102 Forret-

249 3311 48 46 "
329 3327 266 76 tunger,
636 3306 300 99 daglige-i
981 3301 268 100 svækkes
1291 3311 124 82 ved
1459 3305 402 86 Alderdoms

249 3441 54 50 "
331 3439 364 104 Tiltagelse)
731 3455 72 68 at
825 3439 100 100 jeg
963 3439 300 104 hoyligen
1291 3443 322 102 nødsages
1645 3459 72 64 at
1743 3467 88 60 an-

941 3573 60 100 it
1051 3603 46 52 2
1631 3581 52 48 "
1719 3583 144 98 søge
