2995 4541
783 247 56 47 s

1226 589 42 72 3
1322 562 74 80 til
1429 559 225 109 40926
1688 547 330 102 Græver,
2082 547 440 99 Excellencer,
2588 544 146 90 Rid-

1222 717 189 81 dere,
1492 694 601 100 Kammerherrer,
2172 694 435 84 Adelsmænd
2680 715 85 74 og

1225 858 246 86 andre,
1533 843 136 94 som
1707 860 154 62 over
1893 848 104 73 det
2025 837 318 100 fornødne
2371 837 216 88 Antal
2615 838 122 96 lige-

1224 993 142 96 som
1412 992 168 98 have
1636 993 176 76 ladet
1866 988 92 94 sig
2019 985 301 98 indslutte
2392 989 22 76 i
2480 1004 84 76 og
2622 1001 140 62 nær

1225 1120 456 130 Kjøbenhavn
1778 1132 167 98 hvor
1976 1137 75 72 de
2083 1142 258 85 meged,
2392 1129 371 96 formedelst

1227 1291 125 76 den
1397 1282 335 93 Næring,
1793 1276 137 92 som
1971 1275 207 98 følger
2225 1283 145 71 med
2409 1283 185 89 dem,
2661 1274 73 79 be-

1228 1447 154 77 tage
1428 1434 74 70 de
1534 1423 406 98 Handlende
1988 1439 72 62 at
2100 1419 274 95 fontene
2416 1417 348 100 fremmede

1227 1571 282 101 Penge,
1575 1567 134 94 som
1753 1588 68 60 er
1869 1574 122 73 den
2037 1580 162 67 rette
2235 1562 278 101 Handel
2557 1560 104 100 for
2691 1581 78 64 en

1231 1713 563 89 Stabel-Stad.

1417 1994 98 88 At
1551 1993 240 99 Norge
1831 2016 66 60 er
1931 1995 246 82 blotted
2209 1988 104 100 for
2343 1987 278 104 Penge,
2687 2011 86 76 og

1231 2159 77 66 at
1339 2148 113 76 der
1483 2146 21 75 i
1533 2147 121 74 alle
1689 2141 377 96 Stænder,
2131 2156 149 62 men
2317 2135 457 98 fornemmelig

1232 2296 210 75 under
1472 2284 521 98 Nærestanden,
2032 2305 64 58 er
2126 2290 124 74 den
2284 2285 246 94 yderste
2560 2280 188 82 Man-

1233 2440 144 91 gel,
1439 2438 208 76 derer
1695 2432 318 78 disværre
2061 2449 76 58 en
2171 2426 392 100 Sandhed,
2629 2446 152 60 men

1234 2589 126 70 den
1406 2598 72 60 er
1536 2574 392 97 begribelig;
2014 2575 174 82 Men
2244 2592 72 63 ar
2369 2569 285 98 Fattelse
2708 2569 82 98 af

1232 2721 247 103 Penge
1552 2729 209 89 endog
1830 2718 217 96 findes
2114 2722 21 78 i
2198 2716 431 98 Danmark,
2714 2720 71 91 ja

1235 2865 498 100 Kiøbenhavn,
1815 2888 82 74 og
1943 2889 70 58 ar
2063 2865 278 83 Staten
2387 2863 394 95 derforuden

1240 3011 128 98 stal
1402 3030 170 62 være
1598 3013 20 78 i
1646 3031 82 58 en
1760 3010 324 99 betydelig
2114 3006 242 103 Gield,
2408 3009 177 98 skule
2620 3025 160 67 man

1238 3156 261 98 rimelig
1528 3151 339 102 disputere.
