2861 4571
231 103 130 59 r-
993 123 11 31 i

923 454 117 68 22

926 660 228 78 kaldes
1198 658 122 74 øde
1368 649 372 91 Gaarder,
1794 662 60 64 et
1906 644 362 95 Prædicat
2330 640 134 88 som
2522 656 84 74 op-

924 756 244 80 vækker
1216 773 74 57 en
1342 751 112 92 flet
1498 746 288 92 Tanke,
1864 766 86 72 og
2008 741 478 96 Formodning
2558 754 76 60 at

927 870 106 66 det
1091 874 162 56 maa
1300 851 89 92 see
1439 855 92 72 ud
1581 866 138 76 paa
1756 852 189 86 dem,
2002 845 135 86 som
2172 847 19 72 i
2222 845 387 82 Grønland-

925 956 164 86 Det
1135 970 128 58 var
1307 963 74 62 at
1415 945 226 91 ønske,
1699 958 74 64 at
1815 946 164 90 heele
2011 941 248 82 Lander
2291 962 130 54 var
2457 938 180 92 fuldt

927 1056 80 88 af
1051 1054 338 88 saadanne
1433 1057 122 66 øde
1601 1043 350 85 Gaarder.
2053 1041 166 84 Der
2267 1059 68 57 er
2385 1046 190 84 langt
2605 1038 30 76 i

929 1154 107 88 fra
1077 1166 73 58 at
1185 1148 101 89 jeg
1321 1143 235 88 skriver
1603 1151 211 79 dette,
1869 1140 181 94 fordi
2091 1141 103 94 jeg
2251 1141 123 90 selv
2427 1140 207 88 haver

928 1244 610 91 Avls-.Gaarder,
1612 1248 90 70 da
1748 1242 102 92 jeg
1906 1244 262 88 gierne,
2224 1243 174 86 siden
2454 1236 180 84 Gud

926 1352 126 88 har
1106 1348 98 88 sat
1246 1343 140 92 mig
1434 1343 20 76 i
1492 1349 168 86 gode
1700 1338 670 95 Omstændigheder,
2430 1358 68 54 er
2538 1338 70 74 be-

926 1458 112 66 red
1084 1448 76 70 til
1212 1455 74 62 at
1346 1439 210 76 berate
1608 1442 124 72 alle
1782 1440 338 88 saadanne
2174 1459 84 70 og
2306 1444 124 68 end
2482 1438 152 92 flere

926 1540 351 96 Afgifter,
1346 1555 179 58 naar
1576 1538 179 74 mine
1806 1535 509 92 Medborgere,
2392 1536 137 90 som
2578 1536 55 80 ej

927 1645 180 98 taale
1157 1648 146 73 der,
1373 1635 130 80 kun
1551 1641 240 71 derved
1851 1636 208 76 kunde
2111 1633 280 90 befries,
2447 1652 82 72 og
2579 1634 54 78 el

927 1738 292 84 Landets
1251 1733 210 98 Flor,
1515 1733 352 95 Velstand
1909 1752 88 77 og
2031 1731 426 98 Forbedring
2491 1732 142 94 hin»

927 1848 182 72 Dres.

1076 2032 146 100 Jeg
1254 2031 190 94 sagde
1464 2029 274 96 tilforn,
1796 2044 74 66 at
1904 2049 162 60 man
2102 2029 54 76 ei
2188 2027 210 80 kunde
2434 2030 200 88 pløyr

930 2136 128 88 hos
1092 2146 84 66 vs
1214 2132 234 88 førend
1492 2133 68 74 in
1598 2129 248 95 Aprili.
1950 2130 172 81 Min
2154 2125 476 91 Avis-Gaard

928 2238 205 90 ligger
1182 2247 295 62 omtrent
1522 2251 111 56 een
1684 2230 159 90 halv
1878 2230 175 79 Miil
2104 2227 111 92 fra
2254 2226 381 90 Tronhjem

929 2354 86 72 og
1049 2346 110 64 tæt
1189 2341 120 67 ved
1347 2329 258 90 Søen,
1665 2328 168 88 hvor
1871 2330 254 80 Sneen
2161 2331 20 72 i
2219 2335 104 69 det
2353 2328 282 88 mindste

937 2454 96 70 14
1065 2428 224 91 Dage
1323 2447 208 72 gaaer
1565 2426 82 96 af
1667 2426 120 92 før
1821 2448 84 72 op
1943 2432 18 72 i
1997 2425 358 82 Markene.
2469 2424 166 84 Der

929 2530 146 78 blev
1119 2547 190 73 1757
1345 2505 166 114 først
1553 2529 292 91 begyndt
1889 2535 148 69 med
2087 2543 74 60 at
2191 2527 198 90 pløye
2433 2534 124 66 den
2585 2548 50 66 7

931 2626 247 96 May;
1256 2639 182 74 1758
1495 2633 125 68 den
1674 2638 92 70 28
1829 2624 261 99 April;
2172 2645 190 72 1759
2411 2630 123 70 den
2586 2646 50 68 7

928 2726 250 94 May;
1256 2729 212 84 1760.
1500 2733 122 68 den
1684 2732 44 64 6
1784 2726 250 97 May;
2108 2731 184 84 1761
2354 2734 122 66 den
2538 2748 98 66 27

930 2824 260 92 April;
1274 2829 184 80 1762
1508 2831 124 70 den
1704 2848 92 48 10
1850 2824 210 95 May.
2182 2819 452 100 Pløyningen

930 2938 85 85 og
1512 2930 243 71 varede
1794 2946 189 68 1757
2022 2927 215 74 tilden
2284 2948 86 46 21
2398 2922 237 94 May;

937 3038 188 74 1758
1177 3024 76 76 til
1295 3027 122 70 den
1471 3033 82 70 18
1591 3019 242 95 May,
1887 3032 88 68 da
2015 3045 164 54 man
2231 3021 108 96 fra
2375 3032 120 68 den
2537 3046 92 66 29

929 3118 200 94 April
1167 3132 74 66 ril
1297 3129 120 64 den
1471 3143 30 66 5
1541 3119 188 95 May
1783 3139 254 61 maatte
2071 3123 188 92 holde
2311 3142 128 72 op,
2493 3122 110 90 for-

929 3222 260 88 medelst
1235 3239 76 52 en
1349 3217 322 96 Mængde
1717 3220 204 80 Snee
1979 3223 136 86 som
2159 3221 212 93 faldt;
2443 3246 184 66 1759

927 3320 79 76 til
1051 3330 123 64 den
1235 3339 83 68 19
1363 3301 253 111 May";
1693 3328 193 80 1760
1947 3325 73 72 til
2083 3333 123 62 den
2259 3345 85 67 23
2397 3320 235 96 May;

936 3424 182 84 1761
1164 3418 72 74 til
1276 3423 118 68 Den
1432 3439 40 64 9
1512 3417 208 93 May.
1830 3418 216 80 Naar
2086 3429 168 68 dette
2290 3441 64 57 er
2396 3422 234 92 færdig

928 3518 124 90 har
1100 3536 164 58 man
1302 3515 124 76 nok
1476 3531 72 60 at
1582 3517 234 97 bestille
1858 3528 144 67 med
2048 3535 74 68 at
2180 3521 168 90 sætte
2398 3520 238 84 Giær-

2472 3630 153 82 der,
