2888 4497
1831 423 58 90 7

185 627 154 100 Her
373 631 228 92 lægges
647 623 266 100 Fattige
953 627 66 80 til
1073 621 290 102 Fattige,
1425 615 464 102 Berg-Cassen

191 737 300 88 berynges
525 735 138 70 med
699 735 296 84 oplagde,
1013 723 212 98 Byen
1241 729 292 92 opfyldes
1553 733 138 70 med
1709 717 146 86 Bet-

191 835 136 74 lere-
433 827 248 84 Burde
717 839 94 68 vel
849 825 322 96 saadanne
1185 835 302 88 antages,
1507 841 166 62 naar
1695 819 168 84 Ver-

189 929 94 78 ket
311 929 122 78 ikke
465 929 276 92 behøver
769 937 164 70 dem.
1091 925 156 86 Det
1301 951 64 56 er
1401 929 62 92 jo
1495 941 58 64 et
1581 931 306 90 gammelt

185 1027 376 96 Ordsprog:
641 1025 194 100 Hver
893 1025 212 100 Fante
1159 1027 200 80 bliver
1397 1031 22 76 i
1465 1027 92 88 sin
1603 1023 284 98 Boygd.

185 1129 184 80 Mon
403 1139 102 68 det
533 1125 122 80 ikke
699 1151 62 54 er
787 1149 70 56 en
885 1127 241 92 afgjort
1157 1125 204 96 Sag,
1413 1123 60 96 jo
1509 1131 140 90 flere
1683 1123 178 101 Æde-

183 1246 93 76 re,
183 1247 94 76 re,
333 1229 60 86 jo
429 1239 222 80 dyrere
685 1223 182 90 Tid?
923 1227 248 84 Endnu
1187 1239 198 66 deire:
1439 1227 322 82 Kommer
1779 1235 112 68 ver

183 1333 210 90 nogle,
441 1335 108 72 der
587 1327 192 94 haver
817 1331 142 74 lidet
991 1349 164 58 mere
1187 1337 118 70 end
1331 1335 68 70 de
1429 1333 116 86 selv
1575 1325 120 78 kan
1737 1333 158 80 æde,

184 1426 384 95 srax-giver
389 1427 180 96 giver
619 1439 72 66 de
739 1423 448 100 Forceringer,
1269 1423 102 94 for
1429 1445 72 60 ar
1555 1423 144 96 faae
1739 1431 156 88 godt

183 1525 300 82 Arbeide-
593 1525 172 86 Den
803 1523 218 96 fattige
1047 1523 348 96 Jndfodde
1425 1529 308 90 derimod,
1783 1533 112 68 der

189 1627 158 76 imet
377 1623 198 96 haver
603 1639 70 66 at
721 1625 142 96 give
907 1623 106 94 af,
1067 1625 196 80 bliver
1299 1633 102 70 det
1445 1625 130 96 han
1625 1645 88 74 er,
1757 1623 138 90 han

187 1745 192 58 maae
415 1727 172 96 flæbe
623 1735 98 66 der
747 1723 338 96 Tungeste,
1141 1729 172 90 hans
1343 1725 210 80 Raab
1583 1721 196 96 høres
1809 1721 58 80 ik-

185 1825 92 90 ke,
339 1825 172 94 hans
543 1823 456 96 Besværinger
1035 1827 214 76 belees.
1357 1823 128 82 Nu
1530 1824 235 91 indsees
1799 1827 98 76 vel

185 1923 412 94 Misbrugen
629 1921 74 94 af
727 1935 194 66 denne
957 1923 420 96 Anordning,
1439 1923 124 90 som
1579 1945 62 56 er
1655 1933 118 68 den
1789 1943 108 60 ene

181 2021 286 90 Maade,
525 2023 296 90 hvorpaa
853 2021 478 96 Bergmanden
1377 2027 156 74 lider
1567 2025 174 78 Uret.

385 2121 174 84 Den
593 2135 206 66 anden
841 2145 62 56 er
951 2121 440 96 fornemmelig
1449 2133 220 82 denne,
1721 2137 72 66 at
1823 2129 74 72 de

181 2219 128 80 ikke
341 2219 120 96 har
495 2218 175 92 faaet
703 2229 178 72 deres
913 2221 132 82 Lou
1077 2225 18 76 i
1135 2239 150 62 rette
1303 2221 154 86 Tid.
1561 2223 128 84 De
1703 2243 194 58 maae

179 2319 64 92 jo
275 2319 230 90 somme
539 2319 202 88 Tider
775 2321 96 78 bie
905 2321 150 88 efter
1087 2331 180 68 deres
1285 2319 508 88 Efterlønneren
1809 2347 90 70 14

181 2445 152 66 ais
375 2419 390 80 Maaneder-
873 2419 164 98 Hvo
1069 2419 124 78 kan
1237 2417 280 94 forestille
1551 2425 120 90 sig,
1721 2437 74 62 at
1821 2445 82 56 en

183 2517 234 98 Fattig
447 2519 122 76 kan
605 2519 96 80 bie
733 2517 152 94 efter
917 2523 92 88 sin
1039 2521 284 90 fortierne
1343 2519 134 82 Lou
1500 2541 75 56 en

179 2639 156 60 over
385 2617 238 94 Tiden,
683 2629 118 70 end
835 2625 124 90 sige
993 2623 112 88 saa
1139 2629 156 82 lang
1323 2617 154 90 Tid.
1531 2621 216 80 Maae
1767 2625 136 84 han

179 2719 126 78 ikke
341 2717 160 96 have
535 2729 118 68 den
685 2725 248 88 daglige
971 2719 234 96 Fode?
1259 2721 160 92 hvor
1455 2721 116 86 skal
1609 2723 132 86 han
1759 2719 146 92 faae

179 2825 144 86 den,
381 2839 170 58 naar
581 2819 128 90 han
745 2821 152 78 inter
943 2821 194 90 haver
1185 2835 74 62 at
1301 2817 178 80 kiøbe
1529 2817 122 98 for.
1755 2819 150 94 Her

179 2937 192 58 maae
407 2921 132 88 han
571 2927 84 70 da
685 2937 162 76 gaae
897 2921 78 76 kil
1013 2919 530 80 Leverandeuren.
1701 2919 206 98 Disse

177 3015 374 94 Blodsuere
585 3019 228 90 ffylder
841 3037 160 76 paa,
1059 3035 72 62 at
1163 3017 408 96 Betalingen
1603 3017 104 92 for
1721 3031 186 70 deres

177 3115 236 94 Vare,
475 3117 130 92 som
639 3131 74 66 de
743 3119 324 78 crediterer
1107 3117 194 92 ham,
1373 3117 206 90 staaer
1609 3121 110 94 saa
1749 3127 156 90 lang

177 3215 138 92 Tid
349 3215 144 96 hen,
547 3235 70 62 ar
649 3229 74 68 de
793 3219 126 76 kan
965 3219 126 78 ikke
1135 3215 352 94 forstrække
1535 3217 156 94 ham
1737 3231 170 68 uden

171 3327 130 68 ved
333 3339 74 58 en
441 3315 276 98 Profit,
797 3325 108 72 der
961 3339 66 58 er
1079 3317 384 96 æqvivalant
1495 3329 140 66 med
1671 3317 242 98 Tiden,

177 3417 436 90 vmendffiønt
653 3429 102 70 det
787 3437 90 60 nu
911 3437 64 60 er
1007 3417 300 80 kommen
1353 3419 18 74 i
1405 3425 116 70 den
1557 3417 224 94 Tour,
1813 3439 100 74 at,

175 3533 174 70 naar
377 3525 74 78 dr
483 3519 180 100 giver
719 3517 384 90 Douceurs
1159 3519 72 78 ril
1279 3512 610 107 Ænders-Amm

1035 3615 60 100 )(
1147 3641 52 74 4
1820 3641 100 82 og
