2887 4534
156 530 335 97 kammer,
548 543 83 78 og
654 519 69 102 I
766 523 171 83 vilde
968 522 127 96 selv
1142 520 165 102 hvor
1336 537 235 82 mange
1614 518 81 102 af

159 674 362 100 Hundrede
561 677 110 74 der
719 689 92 60 nu
855 671 252 93 bevæge
1145 670 90 96 sig
1277 667 22 80 i
1339 687 76 60 en
1461 669 224 98 simple

155 818 328 98 Nærings
515 815 272 94 Circul,
853 834 84 74 og
959 832 162 62 vare
1155 812 22 82 i
1213 810 258 85 Stand
1505 815 72 80 til
1609 826 74 68 at

156 968 174 94 stii'ge
394 984 84 76 op
542 963 24 78 i
632 979 62 62 er
752 957 388 101 Cathedra,
1223 951 463 101 Videnskaber

152 1106 178 96 snart
364 1107 392 98 overflødige
788 1107 74 78 ril
896 1100 296 102 Handel.
1256 1095 212 100 Fejler
1506 1099 182 86 Eder

150 1256 89 76 da
274 1247 637 100 Vindffibelighed?
988 1246 155 98 Ja,
1210 1252 105 75 det
1348 1265 69 62 er
1456 1243 233 99 sandt,

153 1400 78 78 de
261 1396 202 100 fieeste
491 1391 250 82 komme
787 1389 226 100 herudi
1049 1390 218 82 tilkort
1299 1389 178 80 imod
1509 1387 152 100 Hol-

159 1542 322 78 lænderne
521 1555 82 78 og
657 1555 132 60 nær
837 1537 180 78 imod
1063 1538 76 76 de
1185 1530 300 99 Engelffe
1539 1550 142 79 paa-

153 1686 108 75 det
153 1686 109 76 det
289 1678 241 98 Heele,
589 1677 137 94 som
767 1677 223 83 kaldes
1031 1676 441 101 Levemaade;
1543 1673 137 87 De

154 1822 236 100 Penge
414 1822 68 98 I
518 1825 72 82 til
634 1827 172 78 deels
836 1826 292 76 anvende
1158 1839 136 79 paa
1336 1819 176 98 hvad
1538 1817 140 96 som

150 1970 342 96 overstiger
534 1961 480 103 Tarvelighed,
1094 1984 138 76 paa
1274 1959 260 102 Hæster
1592 1980 86 78 og

149 2110 272 98 Vogn,
485 2108 166 95 samt
697 2135 44 50 2
775 2117 144 73 eller
953 2132 38 72 z
1029 2104 478 101 Dagdrivere,
1567 2103 110 100 for

153 2270 76 68 at
255 2254 226 96 bringe
501 2251 176 86 Eder
713 2255 72 78 til
811 2248 272 94 Børsen
1115 2258 142 72 eller
1277 2249 400 97 Comedien,

157 2396 171 94 sætte
377 2396 463 100 Hollænderne
893 2396 23 78 i
959 2392 229 86 Skibe
1237 2411 81 76 og
1363 2387 319 104 Handel,

148 2540 134 96 som
316 2538 310 100 formeere
656 2547 186 76 deres
874 2540 22 78 i
926 2542 120 78 den
1084 2532 158 92 Tiid
1272 2533 220 86 Eders
1526 2551 150 81 tage

148 2682 108 100 af,
294 2706 80 74 og
400 2685 210 80 virker
642 2687 218 94 meged
896 2686 20 78 i
946 2680 302 102 Holland
1280 2699 148 62 men
1460 2685 212 90 noged

146 2826 131 100 hos
296 2826 197 84 Eder.
554 2825 189 98 Efter
766 2825 535 101 Omstændighed
1332 2823 203 84 bliver
1566 2829 111 75 det

141 2978 92 74 da
289 2973 386 95 unægtelig,
757 2985 72 66 at
893 2988 58 62 et
1005 2968 114 98 frit
1175 2968 284 97 Oplag,
1533 2963 142 94 som

141 3112 140 96 sagt
343 3134 106 78 er,
529 3113 144 82 blev
727 3109 80 98 af
861 3115 218 99 største
1137 3110 378 101 Vigtighed
1565 3105 106 100 for

140 3252 446 106 Kiobenhavn
618 3259 22 82 i
686 3255 556 107 Særbeeleshed,
1308 3277 126 80 og,
1498 3257 182 80 mine

824 3397 70 87 C
930 3424 40 74 z
1366 3397 182 104 Her-
