2851 4497
820 265 302 86 <ÖS>

1644 274 82 72 85

189 476 206 98 Rüge
435 472 324 98 bekiendt,
823 469 286 100 hvorom
1165 471 288 78 desuden
1483 464 210 84 Kund-

185 622 215 99 skaber
433 640 120 60 var
589 626 120 74 ved
745 614 348 101 Haanden
1129 631 72 64 at
1239 613 336 100 indhente,
1641 632 84 76 og

193 756 282 96 saaledes
511 762 188 96 synes
737 768 108 76 det
877 759 134 96 som
1049 779 78 62 en
1165 753 248 102 Følge,
1477 772 72 66 at
1579 754 150 102 disse

193 910 136 80 blev
359 910 131 96 best
527 910 18 78 i
581 906 258 86 Stand
875 907 74 80 til
995 921 74 64 at
1095 903 246 98 fliønne
1381 901 348 99 hvorledes

186 1052 364 98 Riigernes
598 1049 330 101 Interesse
978 1065 186 64 enten
1214 1049 22 80 i
1278 1064 210 81 nogen
1540 1042 192 88 Deel

190 1216 124 64 var
362 1198 266 96 stridig,
712 1202 142 74 eller
904 1195 210 80 kunde
1182 1198 424 91 componeres
1656 1190 82 82 til

192 1336 282 102 Fordeel
506 1338 104 96 for
656 1348 106 72 det
796 1335 238 102 Heele;
1100 1335 140 100 Jeg
1278 1333 288 99 forstaar
1602 1330 126 84 ikke

200 1494 122 70 ved
356 1488 370 92 beqvemme
766 1479 346 92 Subjecra
1152 1495 184 66 enten
1372 1474 358 100 Adelflab,

201 1626 308 98 Baand,
573 1626 260 96 Nøgler
861 1631 140 76 eller
1037 1597 661 121 saadanne-Værdig-

203 1768 185 103 heder

1399 1619 300 97 Værdig-

205 1772 184 100 heder
471 1778 166 72 uden
717 1769 322 96 tilbørlige
1119 1767 290 84 Meriter
1495 1766 232 98 tillige,

201 1918 250 78 mindre
479 1914 330 94 saadanne
839 1911 132 94 som
1005 1913 178 98 flulle
1215 1911 280 98 bebyrde
1529 1908 166 86 Sta-

197 2068 106 70 ten
335 2068 142 72 med
499 2058 368 98 Pensioner
901 2063 142 76 eller
1071 2053 334 102 Udgifter,
1439 2052 174 102 fordi
1643 2062 78 74 de

201 2220 127 62 var
361 2200 517 100 Petitsmaitres
905 2207 141 74 eller
1077 2199 373 99 Dosmere,
1487 2220 81 76 og
1597 2198 127 84 ikke

206 2354 188 70 deres
432 2344 324 84 Embeder
788 2362 242 81 voxne;
1094 2343 178 98 Nej,
1308 2345 98 94 jeg
1439 2339 284 99 forsaae

206 2486 278 98 Mænd,
548 2488 132 88 som
732 2488 122 98 har
892 2495 266 74 moedne
1192 2487 506 98 Beqvemmelig-

206 2630 184 98 heder
422 2634 70 78 til
516 2626 490 101 Forretninger,
1046 2631 152 98 hver
1230 2635 22 78 i
1276 2635 90 96 sin
1392 2631 332 97 Science,

206 2784 144 72 med
398 2782 138 74 eller
580 2790 168 64 uden
780 2774 434 95 Distinction.
1292 2777 188 82 Man
1514 2774 180 98 begri-

203 2918 114 80 ber
361 2922 236 92 lettelig
645 2918 172 98 hvad
845 2919 96 96 jeg
975 2929 258 72 dermed
1281 2923 92 80 vil
1405 2923 162 93 sige,
1631 2938 96 60 nu

195 3058 554 102 Hofholdningen
785 3062 326 99 bestandig
1145 3085 62 60 er
1251 3067 20 76 i
1301 3061 420 99 Danmark;

199 3226 146 64 men
365 3204 288 88 Landets
685 3202 282 102 fromme
983 3203 220 100 Fader
1232 3208 123 99 skal
1383 3207 340 102 fremdeles

865 3345 64 102 F
969 3373 40 76 z
1422 3352 166 92 Viis-Is

1724 4019 118 37 Ml
