3075 4571
149 2979 22 93 l-

1035 689 360 96 rra-Skat,
1429 685 134 96 som
1601 681 162 100 først
1799 681 144 80 blev
1985 683 372 100 paabuden,
2391 687 232 96 nemlig
2663 693 128 78 den

1039 827 42 72 8
1111 811 346 92 Skillings
1501 803 204 86 Skat
1741 801 82 98 af
1853 805 158 94 hver
2053 801 280 100 Person,
2377 809 152 96 hvis
2571 805 190 96 Efter-

1035 927 222 98 givelse
1313 923 142 80 blev
1515 927 120 78 den
1695 923 370 98 Kongelige
2119 923 282 100 Naadé,
2469 925 132 94 som
2663 931 124 76 den

1037 1041 160 88 heele
1233 1035 170 98 Bye
1437 1039 464 96 panticiperede
1945 1039 134 80 udi.
2179 1037 194 86 Ville
2411 1041 110 92 saa
2545 1039 244 88 Deres

1035 1157 312 98 Majestet
1397 1161 174 94 legge
1631 1161 124 76 den
1797 1155 254 86 Naade
2105 1177 134 76 paa
2279 1155 208 96 Byen
2547 1163 104 90 til,
2713 1175 76 66 at

1037 1271 192 100 befrie
1261 1283 122 74 den
1417 1271 108 98 fra
1557 1281 122 76 den
1717 1277 340 94 uraalelige
2085 1271 228 100 Udgift
2349 1279 68 78 ril
2457 1283 118 76 den
2601 1275 158 96 frem-

1037 1401 182 78 mede
1245 1391 268 112 Minde
1555 1399 112 78 der
1707 1395 260 82 beløber
2007 1397 92 98 sig
2141 1397 210 94 aarlig
2393 1395 72 82 til
2503 1415 76 60 en
2617 1413 146 66 over-

1033 1517 208 96 flødig
1283 1513 270 100 Sum;
1604 1512 142 111 sa
1807 1515 146 82 blev
2009 1521 200 74 denne
2241 1511 172 90 Bye
2453 1519 98 80 vel
2584 1505 183 104 foresla-

1037 1643 186 93 gered
1323 1639 234 80 derved
1599 1633 146 84 blev
1789 1641 264 78 vunden
2093 1657 78 74 ey
2209 1643 198 74 allene
2443 1638 134 96 sor
2601 1635 196 102 Hielp

1037 1755 108 98 for
1185 1753 212 98 Byen
1451 1773 72 62 at
1583 1753 246 82 komme
1871 1757 94 98 sig
2007 1775 82 76 op
2129 1755 210 100 igien,
2403 1777 146 60 men
2591 1755 210 100 Byen

1035 1873 148 82 blev
1239 1893 80 76 og
1381 1871 172 98 ftelst
1609 1871 106 92 fra
1773 1879 122 74 den
1955 1873 498 96 overhængende
2511 1875 172 98 Fare
2731 1873 82 100 af

1039 1993 606 96 Mordbrænderie;
1711 1993 94 88 thi
1843 1991 124 82 blir
2009 1989 212 98 Extra
2243 2025 26 38 -
2289 1991 308 84 Skatten
2633 1997 138 92 stau-

1039 2121 156 78 ende
1253 2115 134 94 som
1443 2121 120 74 den
1619 2137 110 74 er,
1793 2137 82 74 og
1933 2121 76 74 de
2069 2113 324 98 gevorbne
2457 2113 342 96 fremmede

1041 2229 170 104 Folk
1251 2235 122 80 blir
1427 2239 112 78 der
1577 2235 234 82 blandt
1853 2239 124 74 den
2015 2231 338 96 ubændige
2391 2231 266 102 Pøbel,
2711 2243 92 78 da

1043 2351 126 82 blir
1225 2353 124 96 vist
1411 2351 128 84 mk
1601 2351 158 100 heele
1815 2345 258 100 Byens
2113 2349 398 98 Undergang
2565 2367 76 68 at
2699 2353 74 82 be-

1041 2471 236 98 frygte.
