2949 4571
1833 493 92 70 37

255 675 248 98 øerføre
535 677 124 80 ikke
689 677 214 82 kunde
939 677 316 96 udfindes
1303 689 58 62 et
1411 675 196 76 andet
1653 667 270 90 Middel
1955 667 74 80 til

259 811 686 94 Skovproducternes
987 807 212 96 høiere
1233 801 448 100 Udbringelfe;
1707 801 142 98 Jeg
1871 817 126 64 tæn-

253 943 102 82 ker
393 949 100 74 det
531 961 128 62 var
703 941 288 94 giørlig,
1045 943 172 74 uden
1263 953 72 62 at
1366 927 270 103 mese-de
1673 941 102 76 det
1817 935 238 80 mind-.

249 1077 88 92 sie
383 1077 176 78 imod
609 1077 74 78 de
739 1069 448 98 forbenævnte
1227 1065 230 98 Dele,
1541 1073 144 74 eller
1745 1073 22 74 i
1821 1087 208 76 nogen

251 1205 274 80 Maade
561 1219 188 66 enten
787 1221 74 62 at
897 1201 230 92 svække
1153 1199 288 82 Landets
1475 1197 266 98 Credit,
1799 1205 142 74 eller
1961 1213 74 66 at

247 1337 258 96 standse
543 1335 364 98 Handelen
937 1335 20 78 i
989 1335 80 98 sit
1103 1335 386 94 sædvanlige
1529 1331 174 98 Lob;
1751 1329 116 90 Dl
1909 1335 122 76 den

247 1469 200 84 Ende
483 1469 124 98 har
641 1469 100 94 jeg
793 1489 80 74 og
923 1487 136 74 paa
1115 1465 298 96 behørige
1449 1465 142 96 høie
1631 1463 264 82 Steder
1933 1457 80 100 as-

251 1605 176 92 givet
463 1605 122 76 mit
613 1601 676 94 allerunderdanigste
1323 1599 312 98 Fsrstag,
1707 1593 134 94 som
1875 1595 154 96 hver

251 1735 304 94 retsindig
603 1731 408 94 Medborger
1055 1729 206 84 burde
1313 1727 178 98 ønffe
1543 1723 342 98 fremmet,
1947 1745 80 74 og

243 1865 130 82 Be
403 1867 110 88 jaa
543 1881 202 78 meget
789 1861 290 94 forsvare
1107 1863 260 94 private
1401 1859 342 98 Absigter,
1795 1857 232 92 somat

253 1995 168 98 have
453 1993 102 98 for
585 1993 140 88 Øie
747 1993 318 88 Statens
1109 2015 82 74 og
1217 1989 610 102 Efterkommernes
1845 1987 174 86 Vel.

449 2261 180 86 Den
679 2263 194 78 tredie
917 2261 248 96 Slags
1207 2253 668 104 Trælast-Handel,
1957 2273 68 64 er

245 2397 146 76 med
445 2391 278 98 Lægter,
785 2389 518 100 Birkebrænde,
1387 2413 82 74 og
1509 2387 254 106 Dansk
1805 2387 220 94 smaae

243 2523 616 98 Laste-Handling;
905 2529 122 74 den
1061 2543 88 76 er,
1185 2523 326 94 en&jkiønt
1547 2517 78 98 af
1639 2519 386 100 Vigtighed

239 2657 408 96 ubetydelig,
715 2651 116 96 fan
885 2659 126 90 dog
1065 2675 172 62 mere
1271 2653 188 100 sikker
1497 2675 80 74 og
1615 2649 380 100 fordeelagti-

237 2809 144 74 gere
413 2793 122 76 end
571 2793 122 76 den
749 2787 444 98 Hollandffe,
1259 2783 220 96 efterdi
1537 2787 126 78 ikke
1709 2789 216 92 gierne
1953 2781 82 98 af

235 2923 126 76 den
407 2915 148 98 Last
611 2919 290 96 udskibes
959 2935 190 78 noget
1175 2939 136 74 paa
1331 2915 496 100 Speculation,
1875 2939 148 58 men

233 3051 198 96 selges
475 3045 154 98 efter
667 3049 162 96 beste
867 3049 254 82 Accord
1157 3049 72 78 til
1263 3053 70 76 de
1387 3049 366 94 handlende
1799 3047 194 98 Skip-

231 3199 190 80 pere;
499 3181 156 86 Vel
685 3201 202 76 gaaer
945 3185 102 74 det
1093 3181 72 78 til
1203 3179 256 96 ligesom
1489 3185 118 74 ved
1657 3179 366 98 Licitation,

235 3329 76 64 at
361 3313 190 100 hvem
611 3313 134 92 som
815 3315 182 94 giver
1061 3311 126 96 best
1253 3309 194 82 Kiob
1523 3311 128 98 har
1697 3307 322 100 fortrinet.

233 3441 310 100 Maaffee
583 3443 244 96 samme
863 3440 481 102 Beskaffenhed
1403 3443 130 82 kan
1587 3449 102 78 det
1739 3463 80 78 og
1855 3443 166 100 have

227 3595 140 80 paa
399 3581 146 98 flere
587 3575 322 102 Slæder,
981 3597 150 60 men
1181 3577 18 78 i
1231 3573 114 96 saa
1401 3571 140 102 fald
1595 3575 218 98 sælges
1867 3581 148 102 dog,

1041 3707 66 88 C
1159 3731 36 74 3
1803 3729 112 60 om
