2963 4533
1264 542 200 95 relsen
1500 537 82 99 af
1614 544 108 76 det
1752 532 240 103 Heele,
2058 538 170 82 kand
2276 541 75 77 de

1267 707 218 78 nogen
1539 682 266 97 Aarsag
1863 685 74 78 til
1991 684 176 96 hvad
2219 687 68 80 vi
2347 690 202 76 leeder
2605 685 198 98 efter?

1263 833 183 90 Nej!
1511 839 107 72 det
1673 833 357 95 paastaaer
2086 852 84 73 og
2223 828 239 96 indseer
2503 830 103 99 jeg
2653 834 153 82 ikke:

1268 976 193 99 Dog
1494 979 175 80 kand
1706 991 191 65 enten
1930 973 105 97 for
2074 995 237 78 mange
2340 982 143 76 eller
2516 980 297 97 unyttige

1269 1122 296 90 Lemmer
1615 1126 22 78 i
1689 1140 60 64 et
1789 1119 376 97 Collegium
2185 1171 22 46 ,
2269 1127 140 73 eller
2449 1140 58 62 et
2545 1124 268 95 gandsse

1270 1272 380 95 Collegium
1700 1270 18 78 i
1764 1269 92 96 sig
1900 1265 160 95 selv,
2128 1287 170 60 naar
2330 1274 104 74 det
2473 1238 338 113 enten-sikke
2686 1270 126 82 ikke

1269 1420 176 80 kand
1503 1423 146 72 eller
1702 1413 127 80 ikke
1893 1410 335 95 forsaaer
2279 1428 74 63 at
2411 1412 228 95 udføre
2687 1421 120 73 den

1267 1562 229 95 Nytte
1547 1567 109 73 det
1707 1562 235 96 sigtede
2003 1562 117 88 til,
2199 1575 173 61 være
2437 1578 79 62 en
2569 1555 245 94 Byrde

1268 1730 144 76 paa
1460 1705 321 96 Staten;
1860 1699 314 97 Exempel
2224 1707 256 91 derpaa
2520 1721 66 64 er
2624 1697 190 90 Gen:

1269 1846 430 107 Forstamted
1747 1867 82 78 og
1875 1844 285 102 maaskee
2205 1849 202 96 fleere.

1456 2127 135 86 Nu
1636 2128 125 100 har
1802 2145 163 62 man
2004 2122 65 94 jo
2110 2128 91 75 da
2246 2123 191 93 ingen
2472 2118 221 101 Clase
2742 2138 75 66 at

1273 2282 184 94 giøre
1491 2269 496 98 Undersøgelsen
2033 2270 59 94 i,
2157 2273 172 74 uden
2375 2276 122 70 den
2543 2263 252 100 vphøye-

1276 2430 80 74 de
1412 2419 206 97 Adel,
1710 2413 316 99 Noblesse
2100 2431 84 76 og
2258 2407 566 103 Distingverede;

1277 2568 260 84 Skulle
1571 2582 164 60 man
1773 2577 180 78 troe,
2017 2574 72 64 at
2119 2564 112 89 de,
2295 2555 136 89 som
2479 2575 100 60 ere
2611 2553 212 96 stabte

1275 2712 79 82 til
1383 2710 335 83 Stierner
1753 2725 139 78 paa
1921 2701 367 97 Riigernes
2317 2697 345 101 Himmel,
2697 2699 125 99 har

1276 2871 209 65 været
1540 2872 213 74 nogen
1812 2846 265 98 Aarsag
2144 2847 77 80 til
2290 2851 125 75 den
2470 2842 355 101 fordybede

1281 2998 510 104 Pengemangel
1865 3015 82 76 og
2005 3000 206 72 andre
2269 2988 424 101 Ulejligheder
2753 2990 68 80 vi

1282 3144 260 97 befinde
1588 3150 80 70 os
1714 3139 166 82 udi?
1958 3134 148 100 Ja!
2172 3155 138 78 paa
2373 3119 146 110 nøie
2574 3137 222 80 Under-

1280 3288 281 99 søgning
1604 3284 125 104 flak
1782 3283 113 104 her
1954 3281 291 101 befindes
2301 3290 218 90 meged
2568 3281 227 95 betyde-

2577 3425 129 98 lige
