2841 4571
1745 435 112 88 19

149 649 146 76 eller
327 643 146 94 sidst
497 643 16 76 i
541 639 252 96 Aprili,
827 641 70 92 ja
935 659 242 76 mange
1207 641 54 92 ej
1291 637 104 96 før
1427 637 122 96 hen
1573 639 16 78 i
1611 635 246 98 Majo,

149 767 84 70 og
271 751 92 70 alt
389 757 112 64 Det
541 747 418 86 nødvendige
1015 741 272 94 Arbeyd
1331 741 136 86 som
1519 761 164 58 maa
1721 739 106 90 for-

151 855 196 70 rettes
375 849 70 74 til
467 841 472 94 Septembers
957 843 316 96 Udgang,
1317 843 114 90 saa
1467 843 124 84 seer
1615 843 240 92 enhver

149 947 164 92 hvor
363 949 166 72 liden
569 941 138 90 Tid
749 941 308 84 Bonden
1091 945 18 74 i
1151 951 104 68 der
1291 941 272 92 mindste
1601 941 124 92 har
1775 943 78 76 til

147 1061 74 62 at
249 1047 252 90 optage
541 1061 122 74 nyt
699 1041 228 98 Land;
991 1045 50 74 ei
1079 1057 72 60 at
1185 1045 128 74 tale
1353 1063 106 54 om
1507 1059 72 58 at
1611 1061 242 74 mange

145 1143 306 84 Bonder
487 1143 244 92 derhos
767 1145 184 76 drive
989 1139 302 96 Fifferie,
1321 1143 184 90 giore
1527 1139 220 94 Brug
1777 1143 76 76 til

147 1243 670 94 Berg-Værkerne,
875 1241 214 96 hugge
1131 1243 18 76 i
1183 1239 334 92 Skoven,
1593 1243 264 78 brænde

145 1345 188 86 Kul,
369 1343 222 86 Tiære
625 1365 124 68 rc.,
807 1341 236 86 hvilket
1075 1341 390 88 altsammen
1495 1337 360 96 udfordrer

145 1442 278 100 Axe-end
527 1443 112 88 saa
675 1457 74 60 at
777 1449 72 68 de
891 1441 190 90 synes
1123 1439 262 92 ligesom
1425 1457 72 58 at
1553 1439 168 88 have
1773 1461 76 58 en

149 1541 146 84 Rer
335 1547 72 74 til
445 1541 214 80 iblant
689 1555 74 62 at
795 1541 318 91 paasaae
1149 1557 212 74 nogen
1403 1539 230 94 Hvile.

293 1739 230 98 Hertil
549 1739 292 80 kommer
877 1751 74 66 at
985 1743 74 70 de
1089 1735 168 94 fleste
1289 1735 316 94 Stykker
1639 1739 52 76 ei
1717 1737 130 80 kan

143 1851 322 84 optages,
519 1849 170 68 uden
727 1847 138 68 med
899 1845 402 68 overmande
1335 1837 162 88 stort
1537 1835 312 94 Arbeyde

145 1961 80 72 og
261 1937 519 96 Vanskelighed
889 1937 270 94 Mange
1197 1933 244 100 Hoyer
1487 1959 82 72 og
1605 1935 214 82 Skar-

141 2061 112 74 per
289 2063 100 54 ere
429 2057 206 76 meget
671 2037 442 94 »frugtbare,
1151 2035 248 80 betakte
1429 2047 144 66 med
1595 2035 254 100 Moste,

147 2145 382 88 hvorunder
577 2141 174 94 srax
785 2137 216 92 findes
1037 2133 234 96 Fiæld.
1403 2135 216 82 Naar
1681 2159 166 58 man

153 2261 92 56 nu
295 2249 144 66 med
487 2239 224 92 Moye
759 2239 204 86 haver
1013 2245 224 86 pløyet
1269 2235 274 96 Mosten
1583 2257 126 74 op,
1763 2259 84 74 og

145 2347 216 70 væltet
395 2349 120 66 den
549 2357 136 72 om,
741 2339 170 76 kiort
949 2337 150 76 bort
1133 2333 78 94 af
1243 2333 310 96 Stenen,
1587 2359 82 72 og
1707 2337 142 92 ført

149 2437 228 96 Jord,
437 2437 178 94 Myr
657 2457 82 74 og
791 2437 188 92 Møg
1031 2455 85 65 op
1171 2439 214 90 tgien,
1443 2439 134 86 som
1613 2439 52 74 ei
1695 2443 126 72 alle-

145 2559 202 72 vegne
385 2537 124 78 kan
549 2537 218 92 faaes,
823 2537 112 88 saa
971 2555 160 58 maa
1165 2555 162 58 maa
1363 2539 192 74 inden
1591 2559 74 54 en
1705 2539 144 80 kort

151 2635 138 90 Tid
337 2639 162 88 have
533 2633 246 96 samme
815 2633 272 96 Arbeyd
1119 2637 216 92 igien,
1407 2635 92 94 thi
1555 2637 290 94 Regnen

149 2735 216 96 skyller
419 2737 336 90 bestandig
801 2733 278 98 Jorden
1129 2735 190 90 bort,
1375 2757 80 72 og
1503 2735 180 94 fører
1721 2745 122 72 den

149 2857 122 60 nev
307 2843 16 70 i
359 2835 320 92 Dalene,
735 2835 166 94 hvor
945 2831 252 86 Bække
1239 2855 82 74 og
1369 2835 172 84 Elve
1581 2835 124 94 fast
1751 2845 66 70 al-

145 2941 98 74 tid
279 2937 254 90 findes,
585 2945 108 70 der
741 2947 204 76 drage
999 2933 78 92 af
1119 2945 144 68 med
1297 2947 120 66 den
1459 2939 72 74 til
1579 2935 260 96 Havet.

139 3033 72 98 I
263 3033 282 86 Dalene
595 3055 64 56 er
705 3041 98 72 vel
861 3033 274 96 Jorden
1189 3053 196 76 noget
1425 3035 228 92 bedre,
1715 3049 126 82 dog

143 3137 218 86 findes
417 3143 112 68 det
583 3139 268 88 utallige
895 3135 292 92 Myrer,
1245 3135 134 92 som
1433 3153 182 60 enten
1673 3135 170 96 have

145 3235 244 92 Afløbe
437 3239 148 74 eller
637 3235 146 76 ikke.
915 3231 206 96 Have
1165 3243 74 68 de
1283 3235 126 76 ikke
1441 3233 254 94 Afløb,
1753 3245 90 70 da

145 3335 126 78 kan
309 3347 70 64 de
415 3353 202 76 neppe
655 3335 170 76 blive
855 3335 386 80 anderledes
1277 3343 118 70 end
1441 3341 74 68 de
1555 3355 140 72 ere,
1755 3357 84 76 og

145 3443 86 68 da
271 3433 206 94 falder
511 3439 162 72 intet
707 3445 204 66 andet
957 3455 136 66 paa
1147 3447 178 80 dem,
1381 3447 120 64 end
1547 3441 154 72 livet
1757 3459 82 70 og

153 3553 190 80 -rovt
389 3535 236 84 Græs.
729 3533 208 98 Have
981 3545 74 64 de
1111 3533 246 96 Afløb,
1415 3545 88 70 da
1543 3535 294 80 kommer

955 3633 90 84 B
1103 3659 42 50 2
1733 3645 106 70 det
