2964 4571
1203 322 84 67 826

1208 513 244 94 viiselig
1516 507 204 95 indser
1796 510 128 96 sine
1974 509 510 96 Undersaatters
2534 510 210 100 Angr«

1212 657 418 100 legenheder,
1700 674 82 76 og
1820 662 122 72 den
1986 654 186 97 Lykke
2216 657 124 92 stal
2396 654 326 100 tilforlade-

1210 806 235 93 ligere,
1490 809 121 72 end
1640 797 415 97 Rigdomme
2082 797 107 98 fra
2214 801 373 101 Jndierne,
2650 804 75 79 be-

1211 944 228 100 fordre
1479 943 366 98 Riigernes
1877 944 420 101 Lyksalighed.

1341 1087 158 86 Vel
1529 1111 66 58 er
1617 1101 112 69 der
1765 1092 22 78 i
1817 1098 122 72 den
1959 1088 292 96 forløbne
2273 1087 156 92 Tiid
2451 1112 90 60 nu
2565 1114 80 74 og
2661 1098 92 74 da

1222 1239 452 92 rmplvyerede
1694 1240 188 90 nogle
1898 1234 450 97 Nordmand,
2378 1256 142 58 men
2538 1234 190 94 særde-

1218 1386 98 78 les
1338 1375 176 100 faae,
1546 1381 22 76 i
1600 1387 74 74 de
1692 1382 310 94 neederste
2018 1377 220 88 Deele
2268 1377 78 98 af
2370 1396 58 62 et
2462 1386 140 72 eller
2642 1400 86 58 an-

1222 1530 111 78 det
1366 1523 377 96 Collegium
1768 1522 525 99 iKiobenhavn;
2314 1523 175 79 Men
2526 1522 235 95 Norge

1225 1670 130 100 har
1389 1665 144 102 haft
1575 1679 122 70 den
1723 1668 244 98 Uheld,
2031 1685 76 62 ar
2139 1667 148 100 disse
2321 1667 442 82 Landsmænd

1217 1815 356 97 gemeenlig
1605 1833 68 61 er
1705 1814 222 82 bleven
1945 1810 244 84 Lander
2217 1813 286 93 arrigere
2539 1816 120 74 end
2691 1818 76 73 de

1218 1956 286 95 Dansse
1544 1977 82 76 og
1662 1952 246 100 Tydsse
1936 1956 158 94 selv:
2132 1955 144 98 Jeg
2306 1964 152 71 veed
2494 1956 124 78 ikke
2654 1974 110 58 om

1220 2100 348 95 Aarsagen
1602 2101 122 98 har
1753 2101 287 97 besaaer
2068 2105 270 90 Lerudi,
2390 2114 78 64 at
2490 2106 76 72 de
2598 2096 170 98 have

1220 2244 161 100 føjer
1399 2238 464 105 Guderna
1886 2244 111 98 for
2024 2261 75 64 at
2128 2247 179 92 giøre
2328 2245 203 93 større
2552 2240 217 98 Lykke,

1409 2411 112 62 om
1555 2399 78 74 de
1675 2392 128 98 har
1843 2388 144 102 haft
2025 2387 106 96 for
2179 2387 190 96 svage
2405 2386 368 82 Stemmer

1225 2542 78 78 til
1355 2555 72 62 ar
1475 2555 218 64 vorere
1745 2534 284 84 Landets
2065 2527 238 98 Tarv,
2369 2550 110 60 om
2519 2538 74 70 de
2645 2528 130 94 har

1236 2682 178 80 villet
1442 2679 410 97 tilvejebragt
1884 2682 90 92 sig
2007 2678 177 82 Ære
2220 2681 144 76 eller
2394 2670 220 102 Frygt
2646 2672 128 98 hos

1346 2826 466 94 undertrykked
1864 2818 208 101 Folk,
2148 2827 144 76 eller
2356 2840 112 60 om
2520 2826 76 74 de
2652 2818 124 98 har

1230 2970 263 82 baared
1522 2963 363 105 Bitterhed
1930 2976 73 74 ril
2034 2965 245 84 Landet
2306 2963 177 100 fordi
2512 2970 105 76 det
2648 2962 127 82 ikke

1397 3111 144 100 haft
1563 3109 296 100 Formue
1893 3132 80 78 og
1989 3109 214 98 Kraft
2235 3111 122 82 nok
2387 3110 74 82 til
2491 3124 70 66 at
2593 3108 182 96 gisre

1415 3259 296 102 lykkelige
1745 3260 22 84 i
1791 3262 78 100 sit
1901 3278 134 80 eger
2069 3255 256 88 Skiød.

2416 3396 240 100 Hvor-
