2999 4537
1896 400 94 72 29

300 600 246 98 Tinge,
584 595 286 98 tykkedes
928 597 130 92 han
1118 612 72 60 ar
1232 598 160 92 have
1442 596 226 79 betalet
1714 615 74 60 en
1824 595 140 86 Da-

300 714 89 72 ler
416 700 97 94 for
536 719 221 76 meger,
806 719 147 58 men
990 711 87 66 da
1104 698 131 94 han
1266 696 81 94 fik
1370 694 389 97 Qvittering
1788 695 211 94 derfor

309 806 194 78 kunde
557 804 128 92 han
743 803 152 76 intet
943 803 122 92 sige
1131 808 258 78 derom,
1443 819 140 56 men
1617 811 82 64 da
1749 797 248 98 Bogen

303 926 120 56 var
461 906 120 90 hos
615 902 272 95 Fogden
933 901 142 78 blev
1121 898 306 84 Daleren
1471 900 206 91 borte,
1749 903 96 92 jeg
1893 913 106 67 lod

303 1004 126 92 som
461 1006 100 92 jeg
593 1024 70 75 ey
693 1001 206 80 kunde
933 999 276 94 forstaae
1241 1002 338 88 hvorledes
1615 1009 158 68 Dette
1799 1021 202 74 gaaer

299 1108 105 86 til,
463 1124 149 58 men
677 1099 270 80 lænkede
999 1123 132 70 paa
1193 1100 327 94 Historien
1577 1119 105 58 om
1729 1109 115 68 den
1887 1125 119 71 nye

300 1202 444 86 Skriverkarl
778 1201 132 94 som
944 1201 266 99 Fogden
1242 1200 266 96 spurgde
1544 1221 106 58 om
1688 1201 130 98 han
1856 1203 150 82 kun»

300 1312 78 72 De
422 1316 242 68 radere.

454 1542 329 99 Kongens
824 1541 283 95 Tiende,
1154 1540 161 94 hvor
1360 1560 243 60 meener
1636 1551 89 70 du
1754 1563 71 68 ey
1872 1543 133 94 han

307 1646 226 96 snyder
565 1656 78 68 os
673 1665 132 72 paa
829 1653 146 86 den,
1003 1653 102 69 der
1157 1642 224 96 hedder
1415 1662 68 56 ar
1507 1641 280 96 Kongen
1817 1647 84 74 vil
1935 1668 72 70 ry

307 1748 162 90 have
509 1758 162 66 uden
719 1743 148 92 efter
905 1752 342 87 gammelt,
1299 1764 140 54 men
1487 1743 262 92 hvorfor
1799 1755 210 84 legges

301 1856 118 68 den
449 1868 132 66 paa
615 1856 118 67 den
759 1845 206 96 Part,
999 1842 329 95 ligesaavel
1363 1842 122 90 som
1517 1863 130 70 paa
1667 1843 220 80 Kirke-
1925 1871 80 73 og

301 1944 612 99 Præste-Parren,
957 1941 182 96 faaer
1167 1942 280 94 Kongen
1489 1952 116 67 den
1652 1941 106 92 faa
1793 1945 118 80 kan
1945 1954 64 72 vi

301 2052 157 74 intet
491 2048 147 92 sige,
694 2065 144 56 men
884 2063 104 60 rar
1023 2043 265 97 Fogden
1330 2054 150 78 den,
1513 2043 105 90 saa
1656 2047 144 76 tabe
1849 2050 131 80 baa-

300 2147 165 94 debi
400 2148 66 74 vi
502 2168 80 72 og
614 2144 318 93 Kongen,
986 2165 66 58 er
1082 2152 102 70 det
1214 2142 120 78 ikke
1366 2142 642 100 Gudsjammerligr,

304 2264 70 58 at
404 2246 278 92 Kongen
710 2265 70 70 ey
824 2243 122 76 kan
984 2245 202 76 betale
1228 2246 90 88 sin
1350 2242 248 97 Gield;
1660 2267 142 54 men
1838 2249 144 95 Fog-

302 2352 120 70 den
458 2364 66 56 er
556 2346 218 76 bleven
804 2341 206 92 Eyere
1036 2340 76 92 af
1136 2364 232 70 mange
1402 2340 352 93 Gaarder,
1806 2367 204 75 meget

306 2444 247 90 Gods,
610 2442 215 93 Brug
856 2465 79 70 og
966 2441 275 98 Penge,
1284 2442 295 82 Bonden
1618 2465 157 54 maa
1822 2457 191 85 ploye

303 2566 82 72 og
423 2544 176 92 saae,
655 2543 170 78 klore
863 2541 324 88 Tømmer
1243 2566 78 70 og
1375 2554 198 65 andre
1613 2543 400 87 Materialer

305 2642 156 98 efter
495 2644 312 94 Fogdens
839 2643 250 89 Ordre,
1115 2662 134 72 paa
1291 2642 244 88 saadan
1577 2645 278 94 Maade,
1879 2650 106 92 tyk-

301 2744 112 78 kes
469 2746 134 92 mig
655 2753 102 70 der
813 2763 122 60 var
993 2745 184 79 bedre
1247 2762 70 60 at
1375 2763 164 59 være
1605 2743 222 98 Foged
1891 2764 122 68 end

303 2842 258 98 Konge-

450 3075 322 101 Justitien
824 3081 210 88 pleyer
1066 3072 130 92 han
1240 3072 158 80 altid
1432 3074 72 78 til
1540 3073 90 94 sin
1664 3091 146 76 egen
1846 3071 140 98 For-

300 3186 132 72 deel
560 3176 320 84 Erindrer
912 3187 88 66 du
1052 3187 118 65 den
1210 3182 210 86 gamle
1462 3172 384 79 Landbonde
1880 3173 132 88 som

300 3280 84 92 fik
416 3280 222 98 Prygl
668 3301 81 70 og
788 3281 170 92 siden
1006 3277 171 91 Hug
1222 3272 79 92 af
1326 3274 357 89 Kaarden,
1734 3273 128 90 han
1908 3281 74 69 be-

305 3380 206 98 holdte
557 3394 102 66 dec
721 3379 134 96 han
911 3381 210 96 havde
1159 3372 206 100 faaet,
1411 3395 146 60 men
1611 3375 266 96 Fogden
1925 3372 86 96 fik

1865 3485 152 83 ester
