2983 4513
1884 414 94 80 27

437 616 146 86 Der
617 614 128 85 som
777 615 146 84 Du
957 612 294 90 fortæller
1287 612 328 97 spargeres
1657 638 102 58 om
1795 616 190 82 Amt»

289 730 240 82 mænd,
561 715 316 98 Fogeder,
927 713 328 85 Skrivere
1289 738 78 71 og
1395 713 370 98 Officierer,
1809 736 66 62 ar
1905 728 76 68 de

291 824 170 90 stulle
507 816 322 99 forstyrres
877 817 70 76 til
993 824 200 70 andre
1241 816 396 95 Distrierer,
1715 840 164 56 naar
1909 828 78 72 de

289 924 155 90 have
490 937 200 78 meget
753 917 393 96 Jordegods
1166 966 20 42 ,
1244 937 230 76 mange
1529 917 316 83 Gaard-er
1906 942 80 72 og

286 1020 312 89 Skover,
642 1015 64 94 ja
766 1019 142 90 give
944 1016 174 82 Gud
1160 1026 102 68 der
1306 1037 122 58 var
1482 1015 218 93 sandt,
1746 1020 90 96 thi
1878 1018 114 94 saa

288 1120 80 94 fik
402 1120 66 78 vi
486 1136 70 77 ey
584 1117 220 96 daglig
838 1113 110 90 saa
976 1136 216 74 megen
1216 1116 222 96 Plage
1468 1139 80 72 og
1566 1117 238 93 Byrde
1848 1136 142 62 med

284 1220 295 93 Kiøring
610 1241 82 70 og
726 1217 292 93 Føring,
1056 1218 186 90 idelig
1288 1238 80 73 og
1404 1221 194 88 alrid,
1634 1219 108 84 saa
1788 1220 204 80 kunde

279 1318 304 84 Bonden
615 1315 148 94 faae
801 1313 136 90 Tid
981 1332 68 60 ar
1083 1316 186 92 dyrke
1301 1318 90 91 sin
1429 1337 148 74 egen
1621 1317 250 85 Gaard
1905 1344 82 72 og

281 1440 240 74 mange
559 1417 200 78 kunde
807 1423 122 70 leve
991 1422 98 72 vel
1131 1414 76 88 af
1259 1424 102 71 det
1411 1427 74 68 de
1533 1417 328 99 forpagter
1911 1442 82 74 og

289 1518 228 92 høkrer
545 1519 170 90 bort-;
755 1513 100 96 for
873 1517 126 92 stor
1033 1538 78 70 og
1145 1516 220 95 ubillig
1385 1515 230 96 Afgift,
1649 1539 140 57 men
1819 1520 170 94 kom,

286 1619 170 96 saae
491 1620 69 76 til
581 1617 187 92 Ved,
803 1637 103 56 om
941 1636 69 72 ey
1029 1614 425 96 Øvrigheden
1487 1621 233 92 bruger
1739 1620 251 96 Finter,

292 1728 92 72 du
402 1718 120 78 kan
552 1735 160 62 være
742 1717 110 76 vis
882 1737 154 71 paa,
1072 1736 104 58 om
1196 1716 280 97 Kongen
1506 1717 206 100 sagde,
1742 1732 70 66 de
1840 1722 124 88 stul-

286 1824 52 74 le
365 1823 191 72 enten
596 1817 174 94 sælge
800 1813 248 93 Godset
1080 1820 140 74 eller
1256 1821 174 92 miste
1474 1821 88 92 sin
1596 1817 396 99 Bcstilning,

284 1918 114 90 saa
442 1918 278 91 beholdte
752 1925 70 68 de
856 1915 204 79 baade
1090 1924 100 68 det
1222 1938 138 59 eene
1404 1941 80 72 og
1510 1929 98 68 der
1642 1932 214 80 andet,
1894 1922 98 94 thi

278 2022 77 74 de
388 2018 117 92 har
542 2016 145 95 flere
716 2013 273 84 Slaver
1024 2038 79 72 og
1128 2014 397 99 Tilhængere
1564 2025 113 72 end
1712 2024 65 76 vi
1814 2022 171 92 vide,

281 2124 110 74 der
423 2116 176 92 stulle
641 2137 72 72 ey
749 2120 254 88 mangle
1047 2124 144 70 dem
1239 2144 124 72 xrc,
1409 2117 224 74 formå
1677 2119 314 99 Kiobere,

287 2218 96 92 thi
423 2222 108 72 der
550 2220 314 88 ere-nogle
683 2221 182 88 nogle
893 2211 372 95 formuende
1285 2216 288 83 Bonder
1605 2241 78 75 og
1713 2222 252 80 Bonde-

289 2314 382 82 Lensmænd
701 2319 20 72 i
753 2313 182 96 hvert
963 2312 440 98 Præstegield,
1447 2317 132 88 som
1607 2320 216 78 trække
1857 2344 136 68 paa

287 2414 241 86 Traad
555 2425 137 68 med
721 2423 141 68 dem
878 2463 22 44 ,
957 2412 101 94 for
1089 2434 69 56 at
1201 2414 201 79 kunde
1453 2419 167 92 sidde
1669 2431 71 65 de
1793 2430 203 72 andre

288 2514 290 84 Bonder
620 2535 134 72 paa
796 2513 340 94 Hovedet,
1212 2534 142 61 men
1404 2515 182 96 hvem
1630 2517 216 96 holder
1878 2526 120 74 alle

282 2612 150 100 disse
464 2614 210 80 Karle
720 2615 20 76 i
770 2613 182 93 Ave,
996 2624 72 68 de
1114 2614 176 92 holde
1328 2615 306 96 sammen,
1668 2617 104 93 fra
1804 2620 164 80 Amt-

286 2724 284 72 manden
602 2711 84 96 af
712 2717 68 76 til
820 2712 728 99 Under-Lensmanden,
1590 2741 78 72 og
1712 2732 116 64 der,
1856 2742 140 56 eene

290 2816 231 92 Krage
554 2813 273 96 (Ravn)
872 2815 241 95 hugger
1155 2836 72 70 ey
1256 2814 277 97 Øynene
1565 2831 88 64 ud
1695 2842 132 70 paa
1873 2830 122 70 den

291 2926 254 82 anden,
599 2915 442 80 Amtmanden
1087 2914 120 86 seer
1249 2916 64 79 vi
1355 2919 212 90 aldrig
1603 2939 134 74 paa
1781 2920 214 94 Tinge

287 3022 144 72 eller
481 3010 338 91 Stævne,
851 3033 152 61 vore
1049 3014 430 83 Memorialer
1523 3017 208 90 sender
1763 3020 126 92 han
1923 3026 74 76 til

287 3116 274 96 Fogden
595 3121 142 74 eller
767 3113 376 83 Skriveren
1179 3136 77 74 og
1301 3119 66 76 vi
1405 3113 148 96 faae
1583 3117 236 90 saadan
1857 3120 111 82 Re-

284 3216 272 94 solution
598 3215 132 92 som
778 3225 76 68 de
896 3222 90 74 vil
1036 3224 168 72 unde
1250 3226 114 83 os,
1432 3217 174 82 Gud
1635 3221 198 88 hjelpe
1874 3232 120 70 ven

288 3316 134 92 som
480 3316 214 93 klager
738 3335 152 60 over
930 3324 178 88 dem,
1170 3314 296 100 Præsten
1512 3339 80 76 og
1638 3319 356 97 Qfficieren

290 3432 110 72 tør
440 3438 72 78 ey
558 3423 126 80 tale
720 3425 150 78 dem
920 3418 108 98 til,
1098 3438 142 62 men
1286 3432 264 71 tractere
1592 3429 144 74 dem
1780 3444 160 58 oven
1972 3426 24 78 i

1722 3520 269 102 Krøbet,
