2873 4470
81 586 24 78 i
129 600 150 66 rette
295 583 176 90 Tid?
521 580 178 84 Nei!
751 591 178 68 derer
949 578 250 96 forsilde
1235 589 190 85 taget.
1529 574 262 98 Mæng«

83 696 120 72 den
225 688 116 88 har
359 709 86 56 nu
467 688 256 74 allerede
743 689 186 86 ligger
949 686 106 82 saa
1074 689 193 83 længe
1291 700 132 70 paa
1443 674 345 94 Knæerne,

87 802 74 62 at
776 795 160 66 Dette
968 780 254 78 Middel
1250 779 122 78 kan
1394 778 158 92 iglen
1571 780 222 96 reiser-;

87 886 94 87 thi
200 898 68 66 de
288 887 156 90 fleste
464 904 92 60 ere
576 886 18 76 i
623 883 109 90 faa
752 883 126 92 stor
894 880 236 94 Skyld
1150 899 78 74 og
1250 879 200 81 Gield
1480 876 120 94 hos
1616 875 178 83 Leve«

91 994 446 80 randeurerne,
589 1002 74 60 ar
699 993 72 68 de
801 979 122 80 ikke
959 982 120 76 kan
1115 983 190 72 betale
1323 987 132 69 den.
1587 977 210 81 Naar

91 1082 102 92 for
249 1082 304 97 Exempel
629 1082 188 94 første
859 1081 350 77 Maaneds
1243 1074 280 97 Forstuv
1541 1085 258 85 lønnes,

87 1184 127 92 har
236 1198 74 66 de
328 1189 262 74 allerede
608 1181 314 95 opborger
938 1188 116 70 den
1078 1182 158 91 3die
1267 1177 309 93 Ligeledes
1594 1196 204 75 gaaer

86 1290 104 72 det
208 1291 142 72 med
366 1292 182 71 deres
566 1282 430 90 Efterlønner.
1068 1280 212 93 Hvad
1298 1279 120 77 kan
1434 1288 100 66 der
1548 1287 86 70 da
1652 1277 140 92 hiel«

87 1394 276 81 pedem,
417 1401 72 62 ar
516 1380 435 95 Lønningerne
990 1378 147 90 skeer
1172 1381 17 74 i
1223 1395 148 60 rette
1398 1376 171 93 Tid,
1623 1394 172 61 naar

85 1480 586 82 Leverandeurerne
687 1498 178 77 rager
883 1479 258 79 Lønnen
1157 1481 34 74 ?
1243 1499 152 56 mon
1417 1488 68 68 de
1507 1473 122 82 ikke
1657 1477 134 78 alli«

85 1588 175 90 gevel
279 1601 179 76 rager
487 1595 115 63 den
635 1580 373 92 sædvanlige
1039 1577 273 95 Profit,
1365 1596 169 58 naar
1567 1585 71 68 de
1671 1573 123 94 stal

88 1688 296 74 credirere
400 1681 478 95 Bergmanden
912 1680 90 88 sin
1032 1675 133 81 Løn
1200 1679 106 90 saa
1346 1684 152 86 lang
1518 1674 134 89 Tid
1668 1673 128 92 for«

88 1792 93 68 ud
196 1786 33 64 ?
284 1781 245 84 Bærer
544 1796 83 62 da
646 1779 125 77 ikke
786 1777 385 82 Arbeiderne
1190 1793 115 68 yen
1320 1775 233 89 samme
1592 1772 168 93 Bor-

86 1886 76 72 de
87 1886 76 72 de
197 1904 80 70 og
313 1887 196 88 ligger
537 1892 204 64 under
775 1893 98 60 der
907 1877 232 85 samme
1155 1873 204 96 Aag?
1415 1874 210 80 Naar
1655 1883 138 70 der«

85 1982 181 74 imod
307 1987 99 68 der
453 1977 443 92 forommelvre
933 1974 327 95 Magazin
1305 1973 139 79 blev
1475 1991 317 76 opretter,

84 2078 208 80 kunde
312 2075 500 97 Berg-Almuen
832 2075 120 76 ikke
970 2096 136 70 paa
1124 2087 204 64 anden
1350 2074 258 80 Maade
1650 2075 140 90 hiel«

82 2192 147 80 pes,
280 2191 119 64 end
418 2199 71 54 ar
504 2190 121 64 den
644 2176 221 91 Gieid,
910 2187 117 63 den
1042 2194 123 58 var
1188 2179 19 70 i
1226 2177 121 88 hos
1366 2172 427 80 Leverandeu«

83 2298 206 67 rerne,
309 2285 138 68 blev
465 2271 354 96 beralrefter
839 2273 332 93 Haanden
1191 2287 112 64 ved
1321 2294 70 54 en
1415 2274 166 91 billig
1609 2291 155 62 maa-

84 2380 215 89 nedlig
85 2380 215 89 uedlig
321 2377 365 91 Korming,
733 2397 81 68 og
841 2375 219 85 efterdi
1075 2370 381 83 Arbeideren
1475 2370 110 91 faa
1603 2371 83 90 fik
1719 2383 77 67 de

84 2474 318 98 fornødne
422 2473 548 84 Levnets-Midler
990 2494 134 72 paa
1144 2473 408 92 Magaziner,
1604 2471 159 92 beho-

79 2588 156 81 ivede
82 2588 154 76 vede
260 2578 134 89 han
410 2577 60 90 jo
490 2575 144 83 faae
656 2574 181 93 Ting
852 2591 68 59 ar
938 2574 176 78 kiobe
1132 2569 667 94 hosLeverandeuren,

83 2698 84 76 og
186 2674 107 92 faa
311 2677 194 76 burde
519 2688 118 64 den
651 2676 230 79 Orden
895 2693 186 73 være,
1137 2689 70 60 ar
1225 2672 246 93 hvilken
1489 2670 304 82 Leveran«

79 2784 182 80 deur,
315 2785 110 68 der
451 2780 372 71 credirerede
841 2794 200 72 nogen
1072 2767 544 99 Dag-Arbeider
1641 2790 152 60 over

88 2874 346 93 ivRdlr.,
486 2877 200 75 burde
708 2875 172 90 miste
902 2875 76 91 sir
996 2872 236 93 Krav,
1300 2890 82 76 og
1402 2872 162 94 have
1598 2869 202 82 Ska»

80 2982 78 76 Ve
194 2974 100 98 for
332 2975 388 94 Hiemgield.

284 3074 303 87 Dersom
621 3091 246 78 nogen,
930 3076 109 76 der
1066 3072 283 85 besidder
1378 3070 201 90 større
1608 3065 187 98 Ind«

85 3180 142 92 sigt,
283 3175 204 94 skulde
521 3176 204 78 kunde
753 3173 262 96 udfinde
1041 3176 184 76 bevre
1251 3169 272 100 Hielpe-
1541 3168 252 81 Midler

86 3280 70 78 til
173 3277 141 94 dise
332 3276 277 94 elendige
471 3276 139 94 dige
625 3273 415 92 Menneskers
1059 3272 227 96 Frelse,
1339 3270 179 92 (hvis
1532 3288 226 58 nærvæ-

83 3375 532 95 rendeETilsanm
84 3390 186 68 rende
288 3377 328 93 Tilstand,
668 3380 98 91 jeg
784 3387 154 66 veed
974 3372 124 80 ikke
1126 3374 278 89 hvorved
1426 3372 122 76 kan
1566 3373 226 88 lignes.

80 3474 173 90 Med
271 3501 76 62 en
366 3475 331 91 Slaves?
746 3475 167 100 Nei,
964 3496 73 66 en
1056 3472 235 91 Slave
1310 3476 289 94 mangler
1616 3471 151 98 hver-

1677 3569 118 84 ken
