3031 4505
965 707 343 96 retteligst,
1363 716 73 64 at
1465 704 105 78 der
1603 696 479 100 underjordiffe
2107 695 287 101 Vand,
2431 698 137 92 som
2597 698 147 81 kom-

966 859 146 62 mer
1158 833 108 96 fra
1322 840 104 72 det
1516 849 168 74 open
1726 827 104 96 for
1880 828 218 98 Byen
2156 831 350 98 hængende
2546 829 187 99 Fisk-I-

967 982 75 67 er
968 991 67 58 er
1086 968 275 93 egentlig
1418 970 123 74 den
1598 961 197 94 sande
1846 958 309 102 Aarsag;
2240 963 93 94 thi
2404 968 73 72 de
2550 960 222 90 smaae-

967 1097 238 85 Bekkex
967 1097 240 86 Bekke
1241 1098 170 92 hvor
1451 1097 326 92 igiennem
1809 1092 304 84 Vandet
2157 1093 202 96 ffulde
2397 1092 162 96 have
2595 1092 176 101 Løb,

973 1249 103 62 ere
1115 1251 97 60 nu
1251 1230 127 78 ikke
1411 1228 118 89 faa
1563 1229 165 92 store
1761 1230 147 74 eller
1957 1230 299 100 flydende
2307 1225 133 91 som
2495 1230 71 74 de
2609 1244 161 61 vårr

968 1363 28 80 i
1028 1367 216 92 gamle
1288 1360 262 98 Dage,
1608 1359 116 94 saa
1766 1359 302 83 Vandet
2106 1365 172 74 uden
2316 1355 208 91 Tvivl
2576 1377 190 60 maae

976 1497 189 96 giøre
1196 1498 207 78 andre
1442 1492 295 93 Gange,
1788 1484 223 96 efterdi
2040 1510 163 61 man
2239 1469 233 115 lette-sig
2506 1488 127 80 kan
2674 1487 67 84 be-

975 1625 184 102 gribe
1201 1640 74 66 at
1327 1621 440 96 underjordiff
1797 1618 280 97 Vand,
2153 1619 136 94 især
2341 1626 100 74 det
2477 1620 134 92 som
2655 1621 120 96 har

975 1759 184 104 Fald
1199 1755 106 98 fra
1341 1770 58 66 et
1435 1756 140 98 høit
1611 1755 223 96 Field,
1885 1754 94 78 vil
2019 1767 226 80 uagtet
2283 1757 122 73 alle
2435 1752 311 98 Forebyg-

986 1893 234 94 ninger
1256 1886 146 98 søge
1434 1883 168 98 Luft.
1728 1883 188 91 Mon
1950 1904 166 60 man
2158 1881 126 80 ikke
2334 1880 252 96 derfore
2624 1881 124 82 bur-

982 2027 76 78 de
1116 2041 168 60 være
1340 2017 272 83 betænkt
1654 2037 172 76 paa,
1876 2010 162 102 først
2084 2029 72 66 at
2208 2017 272 93 udfinde
2526 2004 220 101 Aarsa-

980 2142 175 109 geits
1199 2150 386 98 Rigtighed,
1621 2145 236 96 førend
1909 2168 168 60 man
2123 2149 20 76 i
2179 2149 162 78 uvis
2387 2144 394 98 Forsikring

983 2283 234 98 spilder
1263 2280 490 99 Bekostninger
1801 2286 144 72 med
2001 2292 72 70 at
2135 2283 326 84 indtømte
2525 2300 80 74 og
2669 2297 84 76 op-

986 2413 176 102 fylde
1200 2421 74 78 de
1308 2412 320 100 udfaldne
1666 2411 302 89 Tomter,

1197 2681 98 87 Et
1333 2681 294 96 naturlig
1671 2679 220 84 Saar
1925 2682 194 92 læges
2173 2679 64 94 jo
2281 2677 126 88 ikke
2467 2678 74 80 til
2571 2697 212 76 nogen

995 2815 550 98 Bestandighed,
1611 2811 114 96 saa
1773 2817 200 91 længe
2027 2816 104 80 det
2183 2811 348 81 indvortes
2575 2808 110 98 fra
2731 2811 56 80 ei

997 2969 67 60 er
1120 2949 226 80 bleven
1408 2946 200 98 heelt,
1716 2967 80 73 og
1838 2950 120 76 den
2010 2942 346 99 Bygning
2408 2964 164 62 man
2608 2940 180 99 fører

998 3100 89 77 op
1138 3101 136 74 paa
1310 3102 76 60 en
1420 3078 288 97 Grund,
1742 3075 138 96 som
1914 3076 128 80 kan
2078 3075 166 98 have
2288 3072 148 100 visse
2460 3076 294 98 Formod-

999 3215 232 92 ninger
1291 3228 74 64 at
1417 3232 172 61 være
1649 3230 244 76 mange
1960 3208 241 100 Favne
2255 3210 206 76 under
2510 3202 275 100 Jorden

1001 3345 216 80 aaben
1259 3366 80 74 og
1375 3344 202 100 huul,
1627 3363 70 66 er
1741 3343 66 96 jo
1845 3358 62 66 et
1945 3340 238 98 ligesaa
2225 3333 322 102 forgjeves
2581 3334 178 103 Fore-

1003 3481 301 90 tagende,

2548 3734 143 104 For
