2948 4529
1243 335 86 60 90

1243 527 214 78 nogen
1493 501 398 100 besynderlig
1931 494 456 112 Forbedring;
2449 496 132 93 De
2615 497 134 102 For-

1241 657 174 96 flage
1455 659 114 72 der
1603 669 98 60 ere
1735 647 174 82 klare
1939 646 132 94 som
2101 648 300 102 Dagen,
2463 673 82 74 og
2577 649 196 100 hvilke

1241 768 304 119 naturlig
1581 813 84 76 og
1697 793 256 93 rimelig
1991 792 314 96 medfører
2339 794 260 99 Nytte,
2665 801 108 76 lad

1239 945 111 74 det
1378 957 168 62 være
1581 939 21 80 i
1633 937 177 100 hvad
1843 934 189 86 Deel
2066 936 76 94 af
2163 936 317 98 Riigerne
2509 949 107 70 der
2646 943 130 94 vil,

1240 1081 226 102 holder
1502 1081 98 96 jeg
1636 1079 104 98 for
1774 1081 120 79 bør
1926 1090 142 70 med
2106 1088 120 72 den
2254 1086 264 89 mindste
2546 1079 200 88 Tiids-

1238 1227 200 96 spilde
1466 1225 212 92 sættes
1718 1229 24 78 i
1772 1223 262 85 Værk:
2104 1220 134 102 Thi
2278 1224 246 94 ligesom
2568 1221 200 86 Guld

1240 1393 84 74 og
1352 1371 208 84 Sølv
1602 1369 124 80 ikke
1758 1368 280 98 behøver
2076 1390 210 74 nogen
2324 1376 210 74 anden
2562 1369 206 96 Attest

1236 1535 114 62 om
1382 1523 188 72 deres
1604 1511 295 99 Værdi,
1930 1522 120 70 end
2078 1512 412 100 Juvelerens
2518 1509 138 94 Øje
2690 1533 81 74 og

1233 1657 460 102 Provesteen,
1773 1657 114 95 saa
1935 1656 242 96 behøve
2231 1658 124 80 ikke
2403 1655 150 98 disse
2605 1663 168 74 uden

1235 1801 470 98 Monarchens
1733 1800 410 99 ffionsomme
2173 1796 290 103 Bifald;
2501 1797 120 86 Vi
2653 1801 118 82 bor

1231 1951 258 76 overalt
1519 1945 122 82 ikke
1665 1965 170 64 være
1865 1944 348 98 fremmede
2245 1942 102 98 for
2381 1955 200 69 vores
2617 1967 154 74 egen

1231 2085 350 104 Tilstand,
1617 2111 82 76 og
1735 2091 176 100 hvad
1943 2088 134 94 som
2111 2096 302 90 mangler
2445 2099 116 86 os,
2595 2091 172 78 kand

1225 2235 131 82 ikke
1397 2257 173 60 være
1615 2245 83 70 vs
1745 2234 377 81 ubekiendt:
2201 2232 215 84 Naar
2459 2241 89 70 da
2583 2229 183 100 Ting

1234 2377 82 100 af
1340 2377 380 100 Vigtighed
1758 2377 182 94 fores
1970 2400 136 70 paa
2146 2377 620 96 Strækkebænken,

1220 2527 232 78 vidner
1482 2533 104 72 det
1620 2545 110 60 om
1758 2521 264 85 Dubia
2052 2528 142 76 eller
2228 2520 324 100 Partier,
2600 2521 138 98 hvil-

1222 2669 114 82 ked
1364 2671 180 94 sidste
1590 2689 162 58 man
1796 2675 104 73 læt
1936 2666 236 92 indseer
2210 2684 76 64 ar
2332 2684 170 64 være
2548 2677 216 70 endnu

1222 2819 78 76 de
1366 2811 254 98 Norffe
1658 2807 326 107 Forflags
2030 2810 352 84 Skiæbne.
2510 2809 252 86 Skulle

1221 2965 110 76 det
1357 2963 188 76 ellers
1577 2965 382 92 paalægges
1979 2960 132 94 mig
2141 2974 72 64 at
2241 2954 372 100 frembær-,
2649 2975 110 60 om

1219 3109 112 76 det
1389 3121 128 62 var
1579 3107 74 80 til
1705 3101 324 101 Thronen
2081 3100 164 102 selv,
2317 3094 312 105 Forflage
2685 3101 78 82 til

1223 3247 286 104 Norges
1573 3247 374 106 Opkomst,
2025 3248 226 86 vidner
2301 3244 100 98 jeg
2459 3241 136 92 som
2649 3239 106 100 for

2345 3380 290 122 .Gud,
