2933 4470
1211 456 185 97 ms,
1463 442 477 111 Schøllers,
2009 451 189 94 nogle
2249 449 121 80 alle
2427 463 81 79 og
2553 450 181 92 nogle

1213 601 111 98 for
1355 599 293 97 Endeel,
1709 597 139 93 som
1903 593 367 94 tilsammen
2311 593 125 97 har
2477 591 259 96 udgiort

1217 752 149 77 eller
1415 748 95 79 vil
1557 747 277 94 udgiore
1885 760 203 64 meere
2133 748 123 73 end
2295 753 131 66 otte
2472 731 262 91 Tønder

1217 893 223 85 Guld.
1543 888 81 98 4)
1680 887 184 87 Den
1902 888 356 95 Apenage,
2318 881 131 91 som
2498 876 211 87 Græv-

1216 1041 230 99 flabed
1464 1036 380 101 Jarlsberg
1875 1054 81 78 og
1974 1032 363 88 Baronied
2366 1024 375 96 Rosendahl

1219 1186 276 98 afgiver.
1600 1180 151 103 Her
1787 1201 162 61 maa
1976 1177 335 101 jeg,-som
2178 1175 135 95 som
2355 1194 56 62 et
2452 1173 287 95 beqvemt

1226 1333 225 85 Stæd
1483 1335 288 91 erindre,
1804 1345 73 62 at
1906 1347 163 60 man
2102 1324 201 99 haver
2322 1315 421 96 Grævssaber

1220 1503 87 73 og
1358 1477 325 87 Baronie
1740 1476 21 78 i
1806 1474 283 94 Norge,
2168 1489 151 59 men
2366 1458 375 91 Danmark

1216 1633 245 88 drager
1512 1631 77 73 de
1632 1620 405 96 betydeligste
2068 1610 439 101 Indkomster
2550 1600 199 99 deraf.

1226 1771 343 98 Spørger
1638 1786 163 61 man
1864 1765 327 97 herimod:
2282 1753 219 99 Hvad
2554 1752 197 99 haver

1218 1915 247 97 Norge
1504 1913 79 97 af
1614 1909 591 88 Danmark—?
2296 1901 191 83 Vær
2526 1898 67 97 I
2638 1895 115 91 saa

1218 2066 221 92 artig,
1500 2061 173 78 mine
1722 2053 257 101 Herrer
2022 2048 313 96 Danffe!
2402 2065 83 76 og
2530 2042 223 94 svarer
2905 2007 8 114 !

1220 2207 127 94 selv
1386 2205 193 80 dertil
1634 2200 351 99 (publiqve
2034 2214 109 60 om
2187 2191 68 99 I
2305 2190 326 98 behager)
2689 2184 68 97 I

1224 2355 171 100 have
1452 2349 127 81 nok
1632 2343 79 96 af
1756 2352 77 74 de
1885 2341 135 93 som
2075 2338 173 80 kand
2299 2335 232 95 ffrive,
2610 2350 148 60 men

1223 2497 201 82 indtil
1473 2502 109 73 det
1633 2490 192 97 sseer,
1885 2487 221 95 svarer
2151 2481 137 97 jeg:
2361 2478 97 84 At
2517 2474 243 98 Norge

1223 2641 205 102 haver
1463 2648 123 72 den
1619 2634 189 99 Lykke
1859 2634 107 89 (vi
1997 2649 193 75 regne
2233 2634 107 72 det
2379 2646 83 73 og
2489 2616 265 99 derfor)

1223 2803 75 64 at
1324 2786 179 97 saae
1533 2790 143 70 med
1697 2777 181 85 Eder
1907 2774 201 98 fælles
2143 2778 207 75 under
2375 2768 379 94 Sceptered

1223 2953 89 75 og
1345 2925 195 98 deraf
1579 2923 323 100 forhaabe
1943 2916 213 101 Freed
2203 2936 83 75 og
2323 2906 431 103 Beskyttelse,

1227 3096 151 62 men
1429 3080 99 75 alt
1581 3090 65 62 er
1695 3089 83 77 og
1819 3067 141 97 sagt
2001 3068 295 79 dermed:
2371 3056 167 87 Der
2579 3054 169 79 kand

1227 3226 105 84 vel
1359 3221 127 86 ikke
1519 3221 73 85 til
1621 3222 205 80 denne
1857 3207 161 97 Tud
2051 3216 237 93 lægges
2315 3207 217 96 meged
2559 3196 195 84 dertil
