3075 4571
1207 705 440 98 Billigheden
1679 704 120 91 selv
1837 702 232 96 tilsiger
2107 701 156 91 hver
2305 697 134 94 som
2457 698 130 82 kan
2619 698 194 82 tænke

1004 849 198 92 rigtig
1258 862 82 74 og
1390 839 124 96 har
1574 858 78 58 en
1700 833 330 96 pcuriotiff
2074 831 290 98 Hensigt
2410 832 74 78 til
2532 830 280 81 Landets

1009 1000 82 72 og
1125 975 336 91 Kongens
1502 967 197 96 Vel,
1749 981 74 64 ar
1869 985 174 61 naar
2096 965 505 98 Landsherrens
2644 965 139 83 Ret-

1008 1107 284 94 tigheder
1325 1106 23 74 i
1375 1106 123 77 den
1533 1101 179 95 Fald
1759 1099 179 80 bleve
1971 1097 437 97 ubeffaarne,
2483 1096 209 81 kunde
2741 1102 73 76 de

1002 1236 233 96 fattige
1292 1231 505 93 Undersaattere
1848 1245 193 65 vente
2124 1232 89 94 sig
2286 1250 211 76 nogen
2572 1227 245 93 Lettelse

1009 1371 119 78 udi
1161 1374 209 74 andre
1423 1364 517 99 extraordinaire
1989 1363 419 100 Paalægge,
2461 1360 133 92 som
2625 1365 185 76 ellers

1006 1523 197 61 maae
1284 1518 173 63 være
1518 1495 369 99 fornødne;
1998 1495 193 82 Mon
2290 1503 103 74 det
2448 1512 127 60 var
2650 1508 165 62 mere

1011 1634 337 94 urimeligt
1379 1631 227 96 rigtigt
1645 1645 75 62 ar
1767 1632 265 91 erlægge
2071 1625 341 97 Tienden,
2465 1632 125 75 end
2639 1625 149 81 Con-

1006 1767 336 95 fumption
1380 1759 79 96 af
1482 1761 531 94 Levnesmidler,
2062 1761 94 97 thi
2192 1758 148 97 disse
2372 1757 308 96 fortæres
2740 1778 77 74 og

1019 1900 204 80 bliver
1263 1912 58 66 et
1363 1895 292 95 virkeligt
1689 1891 158 90 Tab
1887 1890 104 94 for
2031 1891 314 94 Aderen,
2401 1895 88 75 da
2527 1889 290 80 derimod

1010 2032 300 88 Tienden
1360 2028 226 91 svares
1640 2023 78 96 af
1770 2031 72 74 de
1902 2022 390 99 Produkter
2340 2021 136 94 som
2522 2021 294 96 udffibes

1017 2161 364 95 afLanbet,
1415 2179 80 74 og
1527 2157 302 97 hvorpaa
1865 2156 276 98 siurrelig
2177 2154 206 96 ffulde
2419 2150 206 92 haves
2645 2149 138 99 For-

1014 2295 288 95 tjeneste;
1370 2288 68 97 I
1483 2277 125 104 ’faa
1662 2288 180 97 Fald
1904 2288 248 79 betales
2208 2290 120 74 den
2376 2278 78 94 af
2482 2286 72 74 de
2600 2283 184 80 Uden-

1015 2427 292 94 landffes
1350 2420 279 101 Penge,
1741 2439 82 78 og
1870 2416 129 82 ikke
2051 2413 80 97 af
2172 2411 645 95 Undersaatternes;

1015 2560 123 98 Ja
1167 2551 379 98 Besvigelse
1591 2549 117 83 udi
1739 2557 123 76 den
1891 2547 349 82 indkomne
2275 2543 179 90 Told
2511 2564 81 75 og
2631 2541 185 84 Con«

1010 2691 337 95 fumption
1386 2686 215 78 kunde
1634 2682 222 92 saaat
1784 2698 73 63 at
1892 2684 125 94 sige
2052 2699 171 61 være
2238 2699 169 60 mere
2422 2674 364 108 undskylde-

1012 2825 129 93 lig-,
1189 2815 223 99 efterdi
1445 2817 179 98 hvad
1675 2818 235 77 derved
1971 2814 301 94 Kongen
2323 2809 233 97 taber,
2615 2807 203 80 bliver

1026 2956 129 96 hos
1192 2953 181 98 hans
1426 2946 509 98 Undersaatter,
2002 2967 151 60 men
2206 2960 75 66 at
2332 2939 291 100 forringe
2680 2939 109 85 Re-

1011 3094 279 92 gentens
1325 3080 439 99 Indkomster
1797 3098 140 78 paa
1987 3081 74 76 de
2103 3076 260 99 Vahre
2417 3072 134 96 som
2587 3071 198 100 Frem-

1012 3223 186 75 mede
1236 3216 289 98 behøve,
1578 3214 222 98 holder
1842 3212 103 98 jeg
1984 3209 147 101 for,
2182 3232 66 58 er
2290 3223 58 66 et
2390 3206 260 80 dobbelt
2664 3199 122 87 Be-

1011 3352 338 91 dragerie,
1401 3353 86 76 da
1525 3351 262 77 derved
1823 3349 206 93 stieles
2083 3341 284 85 Landets
2409 3339 276 99 Penge,
2735 3354 82 76 og

1014 3484 188 94 gives
1236 3479 150 81 bort
1426 3481 72 78 til
1532 3485 74 73 de
1640 3479 466 96 Udenlandffe.
