2809 4527
867 396 59 86 6
1353 398 6 6 '

868 614 216 82 Latin.
1204 614 52 68 A
1268 608 126 74 rift«
1424 613 152 66 «'les
1642 607 280 94 handler
1972 623 99 76 sn
2128 606 226 96 herom
2418 606 20 76 i
2498 606 82 90 sir

866 708 250 94 Skrift
1165 728 109 56 om
1328 706 512 87 Oecvnomien,
1914 705 258 85 hvoraf
2212 706 68 76 vi
2334 716 132 82 dog
2520 704 56 78 ei

872 812 166 86 have
1084 826 170 60 meer
1300 808 282 82 tilovers
1628 813 120 68 end
1790 807 42 64 6
1872 799 310 91 Enpttlec
2238 800 82 94 af
2364 810 122 68 Den
2536 826 32 48 i

860 900 224 100 Bog,
1138 906 92 90 thi
1262 914 74 66 de
1378 907 270 90 øvrige,
1702 899 136 92 som
1880 919 166 70 gaae
2080 910 210 68 under
2328 896 214 74 Atiilo-

870 1010 137 66 relis
1046 1004 261 88 Navn,
1368 1023 85 76 og
1486 1013 123 66 den
1654 999 129 92 hele
1820 1009 215 66 anden
2070 998 215 94 Bog,
2346 1002 197 90 tillæg-

865 1116 118 72 ges
1021 1106 156 88 ham
1213 1100 380 92 falikeligen.
1699 1095 160 84 Det
1899 1115 64 60 er
1997 1102 52 72 ei
2085 1112 76 62 at
2199 1098 152 82 rvile
2387 1118 182 74 paa,

865 1212 76 60 ar
983 1200 66 82 jo
1095 1210 168 62 verre
1299 1194 228 82 Værk
1577 1195 122 88 har
1741 1211 200 60 været
1983 1198 376 92 ypperligt,
2417 1194 154 96 lige*

865 1294 138 92 som
1043 1298 124 72 alle
1201 1300 208 71 andre
1447 1293 386 72 Arittoreljs.

1025 1484 182 88 Den
1241 1484 314 97 publique
1587 1487 456 93 Oeconvmie,
2103 1488 136 90 som
2279 1488 124 90 har
2443 1490 100 80 ale-

867 1606 75 58 ne
979 1598 145 66 med
1169 1596 71 66 de
1275 1591 415 90 almindelige
1723 1587 251 92 Regler
2013 1602 75 62 at
2125 1590 273 88 bestille,
2457 1590 89 80 hø-

864 1706 108 58 rer
1022 1686 20 76 i
1090 1684 148 96 visse
1286 1686 306 78 Maader
1658 1689 74 74 til
1792 1685 440 98 Pvlitiquen,
2294 1708 80 70 og
2442 1688 128 78 bor

864 1786 226 90 ansees
1128 1784 134 86 som
1310 1806 74 54 en
1420 1785 80 92 af
1524 1785 392 82 Staternes
1954 1783 348 94 fornemste
2338 1784 202 84 Støt-

864 1898 116 62 ter.
1066 1882 176 78 Men
1278 1892 120 68 den
1432 1905 66 56 er
1534 1891 192 88 langt
1758 1889 18 72 i
1812 1883 108 90 fra
1960 1890 220 72 endnu
2216 1888 52 74 ei
2306 1886 112 88 saa
2448 1896 90 66 ud-

862 1982 314 94 arbeyder
1228 2000 82 72 og
1364 1982 200 93 bragt
1616 1987 72 74 til
1728 1995 122 66 den
1894 1981 332 93 Vished,
2286 1986 134 90 som
2460 1994 108 68 det

860 2098 132 60 var
1034 2098 72 58 ar
1156 2080 232 98 onffe;
1446 2085 326 90 hvorover
1830 2103 164 56 man
2044 2086 52 74 ei
2140 2104 160 56 maa
2350 2092 214 74 undre

862 2182 137 90 sig;
1060 2180 252 90 saasom
1362 2182 334 86 saadanne
1738 2181 295 96 Regler,
2092 2182 352 80 Marimer
2484 2188 52 70 el-

855 2284 94 70 ler
979 2274 444 94 Aphorismi,
1473 2287 112 70 der
1627 2293 256 80 grunde
1935 2281 90 93 sig
2061 2302 138 70 paa
2235 2278 300 92 Erfaren-

855 2374 160 92 hed,
1073 2378 52 72 ei
1177 2374 132 80 kan
1361 2376 382 95 fastsættes,
1811 2379 238 94 førend
2107 2390 74 68 de
2233 2380 326 94 adskillige

836 2469 482 92 Videnskaber
1449 2475 80 88 af
1577 2477 204 92 hvilke
1839 2487 74 68 de
1983 2477 124 91 ffal
2165 2488 392 86 uddrages,

851 2570 166 94 ferst
1063 2594 96 54 ere
1211 2574 234 94 bragte
1487 2577 72 74 ril
1601 2585 68 68 al
1717 2581 246 90 muelig
2009 2577 306 89 Vished.
2423 2576 134 88 De

849 2668 260 82 Gamle
1165 2672 162 90 have
1389 2679 52 70 ei
1497 2673 346 94 afhandler
1907 2687 204 67 denne
2146 2676 405 98 Videnskab

851 2766 106 88 for
993 2772 132 90 sig;
1181 2782 128 82 dog
1351 2770 218 92 findes
1616 2773 596 97 forenes-ligeTing-—
2011 2774 187 98 Ting
2241 2778 108 90 hid
2403 2782 118 86 hen-

845 2864 281 92 horende
1174 2874 16 72 i
1234 2868 360 71 Ariftotelis
1640 2873 364 94 Politicis,
2058 2895 83 72 og
2178 2880 190 88 synes
2410 2882 138 88 mig

844 2982 72 60 at
948 2976 72 66 de
1054 2988 190 64 nyere
1280 2972 50 72 ei
1378 2968 164 87 have
1584 2969 230 92 fastsat
1842 2977 152 84 flere
2028 2974 346 94 Maximer
2424 2990 122 64 end

838 3064 176 92 han,
1074 3068 110 80 saa
1232 3084 70 58 at
1352 3076 72 68 de
1464 3071 18 72 i
1524 3067 342 86 Grunden
1900 3075 48 74 ei
1986 3093 100 57 ere
2122 3076 228 78 komne
2392 3088 122 66 læn-

840 3180 144 72 gere
1014 3172 120 66 end
1172 3164 132 88 han
1342 3170 20 70 i
1394 3176 212 67 denne
1636 3166 452 94 Videnskab
2058 3226 20 36 ,
2136 3196 80 72 og
2256 3184 120 72 den
2418 3180 130 80 hele

838 3258 306 90 Forffiæl
1188 3266 290 86 bestaaer
1518 3271 134 74 deri
1716 3293 70 54 ar
1830 3281 76 66 de
1956 3271 206 95 bruge
2204 3296 72 54 en
2324 3290 220 64 anden

834 3356 288 94 Orden,
1178 3384 82 68 vg
1304 3372 268 83 længere
1608 3367 368 96 Omsvøb,
2032 3382 122 68 end
2202 3374 170 90 han,
2438 3376 104 92 for

834 3476 71 54 ar
958 3456 253 80 komme
1263 3464 70 72 ril
1386 3464 293 79 Maaler.
1796 3465 161 86 Der
2013 3492 66 54 er
2133 3476 54 76 ei
2241 3496 72 56 ar
2383 3480 154 74 rvile

2397 3598 136 66 paa
