2965 4497
1134 672 104 98 Af
1264 680 74 73 de
1376 669 226 94 øvrige
1631 664 419 84 Kiøbmænd
2088 687 98 60 ere
2220 673 72 74 de
2334 668 234 94 ældste,
2605 664 133 92 fom

938 814 124 98 har
1096 822 200 66 været
1330 803 70 78 til
1434 801 22 76 i
1484 805 122 74 den
1642 800 256 92 kgyldne
1948 796 134 90 Tid
2134 797 238 96 førend
2424 794 284 98 Toldfor-

938 942 410 98 pagtningen
1388 931 184 94 blev,
1624 930 156 90 mest
1820 924 424 105 formuende;
2292 931 94 82 At
2424 937 72 72 de
2538 950 200 74 yngre

941 1069 418 85 Kiøbmænd
1401 1083 94 58 nu
1534 1059 129 80 ikke
1686 1058 131 80 kan
1856 1060 257 80 komme
2150 1061 115 92 saa
2305 1067 74 76 til
2408 1060 289 96 Kræfter
2711 1114 22 42 ,

945 1204 136 92 som
1145 1196 274 99 forhen,
1513 1213 62 60 er
1645 1199 128 87 dog
1843 1192 126 80 ikke
2043 1192 688 101 Toldforpagtningen

941 1332 246 96 Skyld
1239 1332 22 76 i
1323 1331 218 92 alene,
1621 1344 150 60 men
1827 1328 122 76 den
2009 1331 306 92 egentlige
2363 1326 258 98 Aarsag
2671 1348 62 58 er

942 1468 190 94 viift,
1210 1482 80 73 og
1338 1461 20 76 i
1416 1459 220 94 øvrigt
1683 1456 131 78 kan
1865 1447 311 119 tilskrives
2226 1459 382 98 Vahrenes
2656 1480 76 74 og

952 1598 442 96 Handlernes
1428 1589 322 96 Mængde
1778 1608 80 74 og
1892 1592 120 74 den
2046 1591 254 80 mindre
2330 1591 252 94 Aftræk
2616 1596 118 76 end

942 1732 22 76 i
1000 1724 240 98 forrige
1274 1722 242 105 Tider;
1572 1721 92 98 thi
1698 1718 294 98 ihvorvel
2028 1720 308 83 Bonden
2396 1747 92 55 nu
2540 1724 164 96 behø-

943 1880 110 60 ver
1105 1864 148 92 flere
1301 1851 378 98 ufornødne
1726 1850 185 96 Ting
1969 1860 120 73 end
2141 1855 18 76 i
2213 1859 214 88 gamle
2477 1852 256 98 Dage,

939 1992 118 96 saa
1090 1987 224 91 kjøbes
1359 1991 72 74 de
1467 1989 126 92 dog
1627 1985 48 78 ei
1711 1984 162 78 altid
1911 1988 224 78 directe
2171 1985 122 96 hos
2330 1982 370 106 Kjøbmæn-

937 2130 198 87 dene,
1189 2142 80 74 og
1331 2115 414 97 Kongsberg
1781 2112 134 94 som
1953 2112 270 94 fordum
2273 2133 108 78 tog
2433 2120 124 74 alle
2595 2118 132 92 sine

948 2252 262 100 Wahre
1244 2250 22 78 i
1299 2245 443 97 Drammen,
1805 2242 339 100 forskriver
2194 2269 94 58 nu
2351 2245 127 96 selv
2530 2252 170 76 uden-

950 2390 202 80 lands
1190 2378 110 100 fra
1342 2383 122 78 ved
1496 2383 182 76 deres
1708 2374 542 87 Leverandeurer.

1147 2646 134 88 De
1309 2645 258 80 mindre
1598 2641 457 101 Kiøbmænd,
2111 2643 134 94 som
2311 2645 226 82 kaldes
2575 2644 134 100 Hø-

945 2786 160 98 kere,
1147 2782 124 100 har
1307 2773 228 98 tilforn
1565 2781 162 76 levet
1765 2780 142 94 vel,
1979 2796 94 62 nu
2125 2781 86 76 da
2253 2775 306 88 Bonden
2607 2778 124 92 selv

947 2920 224 100 holder
1193 2912 280 100 Handel
1495 2929 78 76 og
1591 2907 532 98 Næringsbrug,
2143 2909 112 92 saa
2287 2907 186 96 faaer
2493 2914 74 76 de
2585 2912 144 96 flide

942 3056 94 96 sig
1070 3050 324 96 igiennem
1434 3041 134 96 som
1606 3047 74 76 de
1714 3042 154 96 kan,
1906 3046 122 76 den
2072 3042 160 95 beste
2250 3043 272 98 Fordeel
2564 3042 166 96 have

952 3190 78 76 de
1060 3200 136 76 paa
1226 3184 104 76 det
1378 3173 450 86 Brændeviin
1878 3172 306 88 Bonden
2228 3173 124 100 selv
2396 3175 330 95 brænder,

954 3334 84 78 og
1070 3316 166 94 iglen
1270 3308 216 97 sælger
1518 3307 76 80 til
1626 3311 162 78 dem.

2315 3705 310 106 Haand-
