2814 4487
1591 260 84 68 39

172 459 216 98 nøjere
444 451 646 101 Overeenstemmelse
1150 453 22 80 i
1224 447 464 88 Nationernes

170 603 510 97 Tænkemaade,
742 602 76 82 til
848 594 280 99 Fordeel
1172 595 106 98 for
1308 603 106 76 det
1442 592 244 102 Heele,

170 771 150 62 men
344 759 100 73 det
468 768 64 62 er
568 750 194 92 tillige
788 746 124 80 mit
936 737 648 104 Hoved-Øjemærke
1616 756 74 66 at

168 893 287 100 forestille
496 908 77 68 ve
618 888 183 102 Fejl/
864 890 367 97 Ragernes
1280 891 165 94 store
1472 882 223 102 Hiul,

165 1053 196 68 vores
391 1036 314 102 Handel,
759 1038 126 98 har
917 1039 24 78 i
969 1041 188 90 nogle
1185 1031 512 102 Hovedstykker,

161 1181 108 100 for
297 1182 196 98 deraf
517 1200 72 64 at
615 1182 268 96 udfinde
911 1189 76 74 de
1015 1175 510 102 Forbedringer,
1557 1174 140 98 som

165 1331 24 80 i
233 1327 374 93 Eftertiden
655 1326 170 82 kand
871 1325 174 84 virke
1093 1325 112 94 saa
1249 1324 320 97 betydelig
1619 1324 80 82 til

164 1481 128 72 den
334 1474 410 92 almindelige
780 1467 362 100 Velfærd;
1202 1467 216 88 Naar
1458 1466 102 98 jeg
1600 1470 92 82 da

166 1615 346 98 forbigaar
548 1624 74 72 de
648 1618 226 92 øvrige
906 1611 366 100 Collegier,
1338 1611 360 101 Ministre,

166 1767 146 76 eller
368 1768 102 74 det
526 1758 454 100 Ministerium
1038 1759 22 80 i
1112 1759 94 96 sin
1266 1751 246 102 forrige
1552 1748 120 94 Til-

166 1909 229 93 stand,
456 1902 137 96 som
641 1903 181 97 skulle
868 1910 169 77 læne
1070 1901 295 98 Kongen
1402 1901 23 79 i
1450 1898 217 100 Regie-

165 2046 554 100 ringsbyrderne,
813 2066 152 63 men
1035 2045 166 102 have
1275 2046 270 96 udgiort
1615 2064 82 64 en

165 2189 344 88 Barriere
541 2192 274 80 imellem
841 2188 322 101 Thronen
1191 2211 84 76 og
1297 2190 374 94 Undersaat-

171 2344 222 73 ternes
457 2332 600 102 Angelegenheder,
1151 2333 206 82 bliver
1421 2340 110 74 der
1583 2332 116 100 her

167 2475 1155 88 General-Landets-Qeconomie-
1367 2498 83 78 og
1489 2474 181 86 Com-

170 2641 206 62 merce
392 2652 22 40 -
434 2620 410 100 Collegium,
908 2621 134 96 som
1070 2621 308 102 Hoveder
1406 2619 104 99 for
1540 2619 128 87 Mii-

172 2775 234 86 gernes
440 2764 422 104 Commerce,
902 2775 146 74 dets
1076 2763 624 102 Foranstaltninger

168 2909 26 78 i
238 2916 188 88 nogle
462 2908 152 102 visse
656 2908 258 99 Deele,
988 2911 136 94 som
1170 2913 122 82 bør
1344 2911 356 93 betragtes.

171 3049 224 88 Dette
425 3052 412 106 Collegium,
871 3054 136 93 som
1043 3053 120 100 har
1191 3057 208 94 kosted
1425 3052 276 86 Staten

175 3191 306 107 anseelig,
545 3198 126 102 har
710 3202 354 94 alermees
1107 3201 214 96 ligned
1368 3193 304 123 General-

236 3325 2 2 v
1349 3335 228 103 Forst-
