<?xml version="1.0" encoding="utf-8"?>
<alto xmlns="http://www.loc.gov/standards/alto/ns-v3#" xmlns:xs="http://www.w3.org/2001/XMLSchema-instance" xmlns:xlink="http://www.w3.org/1999/xlink">
	<Description>
		<MeasurementUnit>pixel</MeasurementUnit>
		<sourceImageInformation>
			<fileName>130017168283_1_011_003_029.tif</fileName>
		</sourceImageInformation>
		<OCRProcessing ID="OCR1">
			<ocrProcessingStep>
				<processingDateTime>2018-09-13</processingDateTime>
				<processingAgency>Zissor AS</processingAgency>
				<processingStepSettings>Combined OCR</processingStepSettings>
				<processingSoftware>
					<softwareCreator>Zissor AS</softwareCreator>
					<softwareName>ContentOCR-11; ContentOCR-Tesseract</softwareName>
					<softwareVersion>2.0.2; 2.0.0</softwareVersion>
					<applicationDescription>OCR Component for Zissor Content System</applicationDescription>
				</processingSoftware>
			</ocrProcessingStep>
		</OCRProcessing>
	</Description>
	<Styles>
		<TextStyle ID="STYLE1" FONTFAMILY="Times New Roman" FONTSIZE="15" FONTSTYLE=""/>
		<TextStyle ID="STYLE2" FONTFAMILY="Arial" FONTSIZE="13" FONTSTYLE=""/>
		<TextStyle ID="STYLE3" FONTFAMILY="Arial" FONTSIZE="12" FONTSTYLE=""/>
	</Styles>
	<Layout>
		<Page ID="PAGE237" HEIGHT="4571" WIDTH="2923" PHYSICAL_IMG_NR="237" PROCESSING="OCR1" PC="0.8">
			<TopMargin HEIGHT="550" WIDTH="2923" HPOS="0" VPOS="0"/>
			<LeftMargin HEIGHT="2866" WIDTH="200" HPOS="0" VPOS="550"/>
			<RightMargin HEIGHT="2866" WIDTH="1175" HPOS="1748" VPOS="550"/>
			<BottomMargin HEIGHT="1153" WIDTH="2923" HPOS="0" VPOS="3418"/>
			<PrintSpace ID="PRINTSPACE1" HEIGHT="2866" WIDTH="1546" HPOS="201" VPOS="551">
				<ComposedBlock xs:type="ComposedBlockType" ID="ARTICLE110314" HEIGHT="2866" WIDTH="1546" HPOS="201" VPOS="551" xlink:type="simple">
					<TextBlock xs:type="TextBlockType" ID="ZONE1145647" HEIGHT="980" WIDTH="1544" HPOS="201" VPOS="551" xlink:type="simple">
						<TextLine ID="LINE1" HEIGHT="108" WIDTH="1496" HPOS="209" VPOS="551">
							<String ID="STRING1" STYLEREFS="STYLE1" HEIGHT="98" WIDTH="144" HPOS="209" VPOS="561" CONTENT="del," WC="0.82" LANG="dan"/>
							<SP ID="SP1" WIDTH="48" HPOS="353" VPOS="561"/>
							<String ID="STRING2" STYLEREFS="STYLE1" HEIGHT="78" WIDTH="80" HPOS="401" VPOS="579" CONTENT="og" WC="0.37" LANG="dan"/>
							<SP ID="SP2" WIDTH="32" HPOS="481" VPOS="579"/>
							<String ID="STRING3" STYLEREFS="STYLE1" HEIGHT="80" WIDTH="108" HPOS="513" VPOS="559" CONTENT="der" WC="0.62" LANG="dan"/>
							<SP ID="SP3" WIDTH="28" HPOS="621" VPOS="559"/>
							<String ID="STRING4" STYLEREFS="STYLE1" HEIGHT="84" WIDTH="96" HPOS="649" VPOS="555" CONTENT="vil" WC="0.59" LANG="dan"/>
							<SP ID="SP4" WIDTH="38" HPOS="745" VPOS="555"/>
							<String ID="STRING5" STYLEREFS="STYLE1" HEIGHT="80" WIDTH="166" HPOS="783" VPOS="559" CONTENT="altid" WC="0.59" LANG="dan"/>
							<SP ID="SP5" WIDTH="30" HPOS="949" VPOS="559"/>
							<String ID="STRING6" STYLEREFS="STYLE1" HEIGHT="98" WIDTH="220" HPOS="979" VPOS="555" CONTENT="findes" WC="0.83" LANG="dan"/>
							<SP ID="SP6" WIDTH="32" HPOS="1199" VPOS="555"/>
							<String ID="STRING7" STYLEREFS="STYLE1" HEIGHT="96" WIDTH="112" HPOS="1231" VPOS="557" CONTENT="de," WC="0.78" LANG="dan"/>
							<SP ID="SP7" WIDTH="42" HPOS="1343" VPOS="557"/>
							<String ID="STRING8" STYLEREFS="STYLE1" HEIGHT="100" WIDTH="136" HPOS="1385" VPOS="551" CONTENT="som" WC="0.59" LANG="dan"/>
							<SP ID="SP8" WIDTH="32" HPOS="1521" VPOS="551"/>
							<String ID="STRING9" STYLEREFS="STYLE1" HEIGHT="100" WIDTH="152" HPOS="1553" VPOS="551" CONTENT="four" SUBS_TYPE="HypPart1" SUBS_CONTENT="fournere" WC="0.64" LANG="dan"/>
							<HYP CONTENT="-"/>
						</TextLine>
						<TextLine ID="LINE2" HEIGHT="104" WIDTH="1528" HPOS="209" VPOS="701">
							<String ID="STRING10" STYLEREFS="STYLE1" HEIGHT="62" WIDTH="152" HPOS="209" VPOS="729" CONTENT="nere" SUBS_TYPE="HypPart2" SUBS_CONTENT="fournere" WC="0.92" LANG="dan"/>
							<SP ID="SP9" WIDTH="30" HPOS="361" VPOS="729"/>
							<String ID="STRING11" STYLEREFS="STYLE1" HEIGHT="104" WIDTH="242" HPOS="391" VPOS="701" CONTENT="Hoffed" WC="0.47" LANG="dan"/>
							<SP ID="SP10" WIDTH="46" HPOS="633" VPOS="701"/>
							<String ID="STRING12" STYLEREFS="STYLE1" HEIGHT="100" WIDTH="168" HPOS="679" VPOS="703" CONTENT="hvor" WC="0.43" LANG="dan"/>
							<SP ID="SP11" WIDTH="50" HPOS="847" VPOS="703"/>
							<String ID="STRING13" STYLEREFS="STYLE1" HEIGHT="74" WIDTH="108" HPOS="897" VPOS="711" CONTENT="det" WC="0.61" LANG="dan"/>
							<SP ID="SP12" WIDTH="44" HPOS="1005" VPOS="711"/>
							<String ID="STRING14" STYLEREFS="STYLE1" HEIGHT="98" WIDTH="388" HPOS="1049" VPOS="703" CONTENT="residerede," WC="0.71" LANG="dan"/>
							<SP ID="SP13" WIDTH="60" HPOS="1437" VPOS="703"/>
							<String ID="STRING15" STYLEREFS="STYLE1" HEIGHT="100" WIDTH="240" HPOS="1497" VPOS="701" CONTENT="ligesaa" WC="0.74" LANG="dan"/>
						</TextLine>
						<TextLine ID="LINE3" HEIGHT="106" WIDTH="1528" HPOS="211" VPOS="843">
							<String ID="STRING16" STYLEREFS="STYLE1" HEIGHT="74" WIDTH="78" HPOS="211" VPOS="861" CONTENT="de" WC="0.7" LANG="dan"/>
							<SP ID="SP14" WIDTH="38" HPOS="289" VPOS="861"/>
							<String ID="STRING17" STYLEREFS="STYLE1" HEIGHT="74" WIDTH="110" HPOS="327" VPOS="859" CONTENT="der" WC="0.7" LANG="dan"/>
							<SP ID="SP15" WIDTH="38" HPOS="437" VPOS="859"/>
							<String ID="STRING18" STYLEREFS="STYLE1" HEIGHT="100" WIDTH="206" HPOS="475" VPOS="849" CONTENT="fylder" WC="0.72" LANG="dan"/>
							<SP ID="SP16" WIDTH="28" HPOS="681" VPOS="849"/>
							<String ID="STRING19" STYLEREFS="STYLE1" HEIGHT="98" WIDTH="598" HPOS="709" VPOS="849" CONTENT="Kramboederne;" WC="0.64" LANG="dan"/>
							<SP ID="SP17" WIDTH="76" HPOS="1307" VPOS="849"/>
							<String ID="STRING20" STYLEREFS="STYLE1" HEIGHT="90" WIDTH="356" HPOS="1383" VPOS="843" CONTENT="Derimod" WC="0.6" LANG="dan"/>
						</TextLine>
						<TextLine ID="LINE4" HEIGHT="102" WIDTH="1504" HPOS="209" VPOS="989">
							<String ID="STRING21" STYLEREFS="STYLE1" HEIGHT="78" WIDTH="140" HPOS="209" VPOS="1003" CONTENT="ville" WC="0.97" LANG="dan"/>
							<SP ID="SP18" WIDTH="28" HPOS="349" VPOS="1003"/>
							<String ID="STRING22" STYLEREFS="STYLE2" HEIGHT="81" WIDTH="124" HPOS="377" VPOS="997" CONTENT="nok" WC="0.83" LANG="dan"/>
							<SP ID="SP19" WIDTH="314" HPOS="501" VPOS="997"/>
							<String ID="STRING23" STYLEREFS="STYLE1" HEIGHT="66" WIDTH="74" HPOS="815" VPOS="1011" CONTENT="at" WC="0.74" LANG="dan"/>
							<SP ID="SP20" WIDTH="38" HPOS="889" VPOS="1011"/>
							<String ID="STRING24" STYLEREFS="STYLE1" HEIGHT="76" WIDTH="112" HPOS="927" VPOS="1001" CONTENT="der" WC="0.62" LANG="dan"/>
							<SP ID="SP21" WIDTH="36" HPOS="1039" VPOS="1001"/>
							<String ID="STRING25" STYLEREFS="STYLE1" HEIGHT="102" WIDTH="156" HPOS="1075" VPOS="989" CONTENT="efter" WC="0.86" LANG="dan"/>
							<SP ID="SP22" WIDTH="28" HPOS="1231" VPOS="989"/>
							<String ID="STRING26" STYLEREFS="STYLE1" HEIGHT="76" WIDTH="124" HPOS="1259" VPOS="999" CONTENT="den" WC="0.77" LANG="dan"/>
							<SP ID="SP23" WIDTH="32" HPOS="1383" VPOS="999"/>
							<String ID="STRING27" STYLEREFS="STYLE1" HEIGHT="102" WIDTH="298" HPOS="1415" VPOS="989" CONTENT="Belejlig" SUBS_TYPE="HypPart1" SUBS_CONTENT="Belejlighed" WC="0.85" LANG="dan"/>
							<HYP CONTENT="-"/>
						</TextLine>
						<TextLine ID="LINE5" HEIGHT="108" WIDTH="1542" HPOS="203" VPOS="1135">
							<String ID="STRING28" STYLEREFS="STYLE1" HEIGHT="100" WIDTH="116" HPOS="203" VPOS="1143" CONTENT="hed" SUBS_TYPE="HypPart2" SUBS_CONTENT="Belejlighed" WC="0.57" LANG="dan"/>
							<SP ID="SP24" WIDTH="46" HPOS="319" VPOS="1143"/>
							<String ID="STRING29" STYLEREFS="STYLE1" HEIGHT="86" WIDTH="330" HPOS="365" VPOS="1143" CONTENT="Naturen" WC="0.61" LANG="dan"/>
							<SP ID="SP25" WIDTH="42" HPOS="695" VPOS="1143"/>
							<String ID="STRING30" STYLEREFS="STYLE1" HEIGHT="100" WIDTH="228" HPOS="737" VPOS="1141" CONTENT="vitser," WC="0.57" LANG="dan"/>
							<SP ID="SP26" WIDTH="76" HPOS="965" VPOS="1141"/>
							<String ID="STRING31" STYLEREFS="STYLE2" HEIGHT="99" WIDTH="182" HPOS="1041" VPOS="1138" CONTENT="skule" WC="0.82" LANG="dan"/>
							<SP ID="SP27" WIDTH="46" HPOS="1223" VPOS="1138"/>
							<String ID="STRING32" STYLEREFS="STYLE1" HEIGHT="100" WIDTH="120" HPOS="1269" VPOS="1139" CONTENT="flee" WC="0.61" LANG="dan"/>
							<SP ID="SP28" WIDTH="42" HPOS="1389" VPOS="1139"/>
							<String ID="STRING33" STYLEREFS="STYLE1" HEIGHT="102" WIDTH="236" HPOS="1431" VPOS="1135" CONTENT="Tillæg" WC="0.87" LANG="dan"/>
							<SP ID="SP29" WIDTH="52" HPOS="1667" VPOS="1135"/>
							<String ID="STRING34" STYLEREFS="STYLE1" HEIGHT="76" WIDTH="26" HPOS="1719" VPOS="1145" CONTENT="i" WC="0.54" LANG="dan"/>
						</TextLine>
						<TextLine ID="LINE6" HEIGHT="106" WIDTH="1540" HPOS="203" VPOS="1283">
							<String ID="STRING35" STYLEREFS="STYLE1" HEIGHT="98" WIDTH="372" HPOS="203" VPOS="1289" CONTENT="Riigernes" WC="0.79" LANG="dan"/>
							<SP ID="SP30" WIDTH="28" HPOS="575" VPOS="1289"/>
							<String ID="STRING36" STYLEREFS="STYLE1" HEIGHT="102" WIDTH="280" HPOS="603" VPOS="1285" CONTENT="Handel" WC="0.68" LANG="dan"/>
							<SP ID="SP31" WIDTH="28" HPOS="883" VPOS="1285"/>
							<String ID="STRING37" STYLEREFS="STYLE1" HEIGHT="82" WIDTH="138" HPOS="911" VPOS="1307" CONTENT="paa" WC="0.48" LANG="dan"/>
							<SP ID="SP32" WIDTH="34" HPOS="1049" VPOS="1307"/>
							<String ID="STRING38" STYLEREFS="STYLE1" HEIGHT="84" WIDTH="122" HPOS="1083" VPOS="1289" CONTENT="alle" WC="0.81" LANG="dan"/>
							<SP ID="SP33" WIDTH="34" HPOS="1205" VPOS="1289"/>
							<String ID="STRING39" STYLEREFS="STYLE1" HEIGHT="88" WIDTH="292" HPOS="1239" VPOS="1285" CONTENT="Stæder" WC="0.56" LANG="dan"/>
							<SP ID="SP34" WIDTH="44" HPOS="1531" VPOS="1285"/>
							<String ID="STRING40" STYLEREFS="STYLE1" HEIGHT="102" WIDTH="168" HPOS="1575" VPOS="1283" CONTENT="hvor" WC="0.4" LANG="dan"/>
						</TextLine>
						<TextLine ID="LINE7" HEIGHT="96" WIDTH="524" HPOS="201" VPOS="1435">
							<String ID="STRING41" STYLEREFS="STYLE1" HEIGHT="78" WIDTH="128" HPOS="201" VPOS="1441" CONTENT="den" WC="0.76" LANG="dan"/>
							<SP ID="SP35" WIDTH="32" HPOS="329" VPOS="1441"/>
							<String ID="STRING42" STYLEREFS="STYLE1" HEIGHT="64" WIDTH="68" HPOS="361" VPOS="1455" CONTENT="er" WC="0.63" LANG="dan"/>
							<SP ID="SP36" WIDTH="32" HPOS="429" VPOS="1455"/>
							<String ID="STRING43" STYLEREFS="STYLE1" HEIGHT="96" WIDTH="264" HPOS="461" VPOS="1435" CONTENT="muelig." WC="0.66" LANG="dan"/>
						</TextLine>
					</TextBlock>
					<TextBlock xs:type="TextBlockType" ID="ZONE1145648" HEIGHT="1704" WIDTH="1546" HPOS="201" VPOS="1713" xlink:type="simple">
						<TextLine ID="LINE8" HEIGHT="106" WIDTH="1346" HPOS="393" VPOS="1713">
							<String ID="STRING44" STYLEREFS="STYLE1" HEIGHT="100" WIDTH="404" HPOS="393" VPOS="1717" CONTENT="Undersøger" WC="0.76" LANG="dan"/>
							<SP ID="SP37" WIDTH="84" HPOS="797" VPOS="1717"/>
							<String ID="STRING45" STYLEREFS="STYLE1" HEIGHT="90" WIDTH="224" HPOS="881" VPOS="1713" CONTENT="Eders" WC="0.77" LANG="dan"/>
							<SP ID="SP38" WIDTH="76" HPOS="1105" VPOS="1713"/>
							<String ID="STRING46" STYLEREFS="STYLE1" HEIGHT="104" WIDTH="298" HPOS="1181" VPOS="1715" CONTENT="kostbare" WC="0.57" LANG="dan"/>
							<SP ID="SP39" WIDTH="80" HPOS="1479" VPOS="1715"/>
							<String ID="STRING47" STYLEREFS="STYLE1" HEIGHT="90" WIDTH="180" HPOS="1559" VPOS="1715" CONTENT="Leve»" WC="0.84" LANG="dan"/>
						</TextLine>
						<TextLine ID="LINE9" HEIGHT="100" WIDTH="1536" HPOS="205" VPOS="1865">
							<String ID="STRING48" STYLEREFS="STYLE1" HEIGHT="90" WIDTH="278" HPOS="205" VPOS="1875" CONTENT="maade," WC="0.54" LANG="dan"/>
							<SP ID="SP40" WIDTH="78" HPOS="483" VPOS="1875"/>
							<String ID="STRING49" STYLEREFS="STYLE1" HEIGHT="60" WIDTH="110" HPOS="561" VPOS="1887" CONTENT="om" WC="0.73" LANG="dan"/>
							<SP ID="SP41" WIDTH="42" HPOS="671" VPOS="1887"/>
							<String ID="STRING50" STYLEREFS="STYLE1" HEIGHT="76" WIDTH="122" HPOS="713" VPOS="1871" CONTENT="den" WC="0.78" LANG="dan"/>
							<SP ID="SP42" WIDTH="50" HPOS="835" VPOS="1871"/>
							<String ID="STRING51" STYLEREFS="STYLE1" HEIGHT="82" WIDTH="126" HPOS="885" VPOS="1867" CONTENT="ikke" WC="0.89" LANG="dan"/>
							<SP ID="SP43" WIDTH="58" HPOS="1011" VPOS="1867"/>
							<String ID="STRING52" STYLEREFS="STYLE1" HEIGHT="100" WIDTH="398" HPOS="1069" VPOS="1865" CONTENT="imodstaaer" WC="0.57" LANG="dan"/>
							<SP ID="SP44" WIDTH="57" HPOS="1467" VPOS="1865"/>
							<String ID="STRING53" STYLEREFS="STYLE3" HEIGHT="89" WIDTH="217" HPOS="1524" VPOS="1866" CONTENT="baade" WC="0.9" LANG="dan"/>
						</TextLine>
						<TextLine ID="LINE10" HEIGHT="108" WIDTH="1538" HPOS="201" VPOS="2005">
							<String ID="STRING54" STYLEREFS="STYLE1" HEIGHT="102" WIDTH="280" HPOS="201" VPOS="2011" CONTENT="Handel" WC="0.7" LANG="dan"/>
							<SP ID="SP45" WIDTH="44" HPOS="481" VPOS="2011"/>
							<String ID="STRING55" STYLEREFS="STYLE1" HEIGHT="76" WIDTH="82" HPOS="525" VPOS="2033" CONTENT="og" WC="0.75" LANG="dan"/>
							<SP ID="SP46" WIDTH="44" HPOS="607" VPOS="2033"/>
							<String ID="STRING56" STYLEREFS="STYLE1" HEIGHT="104" WIDTH="414" HPOS="651" VPOS="2005" CONTENT="Fabriqver," WC="0.64" LANG="dan"/>
							<SP ID="SP47" WIDTH="66" HPOS="1065" VPOS="2005"/>
							<String ID="STRING57" STYLEREFS="STYLE1" HEIGHT="76" WIDTH="84" HPOS="1131" VPOS="2033" CONTENT="og" WC="0.45" LANG="dan"/>
							<SP ID="SP48" WIDTH="44" HPOS="1215" VPOS="2033"/>
							<String ID="STRING58" STYLEREFS="STYLE1" HEIGHT="90" WIDTH="314" HPOS="1259" VPOS="2017" CONTENT="glemmer" WC="0.86" LANG="dan"/>
							<SP ID="SP49" WIDTH="36" HPOS="1573" VPOS="2017"/>
							<String ID="STRING59" STYLEREFS="STYLE1" HEIGHT="82" WIDTH="130" HPOS="1609" VPOS="2013" CONTENT="ikke" WC="0.88" LANG="dan"/>
						</TextLine>
						<TextLine ID="LINE11" HEIGHT="104" WIDTH="1544" HPOS="203" VPOS="2153">
							<String ID="STRING60" STYLEREFS="STYLE1" HEIGHT="64" WIDTH="76" HPOS="203" VPOS="2177" CONTENT="at" WC="0.28" LANG="dan"/>
							<SP ID="SP50" WIDTH="32" HPOS="279" VPOS="2177"/>
							<String ID="STRING61" STYLEREFS="STYLE1" HEIGHT="94" WIDTH="86" HPOS="311" VPOS="2159" CONTENT="see" WC="0.79" LANG="dan"/>
							<SP ID="SP51" WIDTH="36" HPOS="397" VPOS="2159"/>
							<String ID="STRING62" STYLEREFS="STYLE1" HEIGHT="100" WIDTH="120" HPOS="433" VPOS="2155" CONTENT="hen" WC="0.89" LANG="dan"/>
							<SP ID="SP52" WIDTH="36" HPOS="553" VPOS="2155"/>
							<String ID="STRING63" STYLEREFS="STYLE1" HEIGHT="80" WIDTH="74" HPOS="589" VPOS="2157" CONTENT="til" WC="0.59" LANG="dan"/>
							<SP ID="SP53" WIDTH="32" HPOS="663" VPOS="2157"/>
							<String ID="STRING64" STYLEREFS="STYLE1" HEIGHT="88" WIDTH="222" HPOS="695" VPOS="2153" CONTENT="Eders" WC="0.83" LANG="dan"/>
							<SP ID="SP54" WIDTH="30" HPOS="917" VPOS="2153"/>
							<String ID="STRING65" STYLEREFS="STYLE1" HEIGHT="76" WIDTH="172" HPOS="947" VPOS="2177" CONTENT="unge" WC="0.73" LANG="dan"/>
							<SP ID="SP55" WIDTH="26" HPOS="1119" VPOS="2177"/>
							<String ID="STRING66" STYLEREFS="STYLE1" HEIGHT="102" WIDTH="414" HPOS="1145" VPOS="2155" CONTENT="Mennifler," WC="0.69" LANG="dan"/>
							<SP ID="SP56" WIDTH="68" HPOS="1559" VPOS="2155"/>
							<String ID="STRING67" STYLEREFS="STYLE1" HEIGHT="66" WIDTH="120" HPOS="1627" VPOS="2177" CONTENT="om" WC="0.27" LANG="dan"/>
						</TextLine>
						<TextLine ID="LINE12" HEIGHT="104" WIDTH="1540" HPOS="205" VPOS="2297">
							<String ID="STRING68" STYLEREFS="STYLE1" HEIGHT="76" WIDTH="80" HPOS="205" VPOS="2309" CONTENT="de" WC="0.67" LANG="dan"/>
							<SP ID="SP57" WIDTH="46" HPOS="285" VPOS="2309"/>
							<String ID="STRING69" STYLEREFS="STYLE1" HEIGHT="82" WIDTH="124" HPOS="331" VPOS="2301" CONTENT="ikke" WC="0.95" LANG="dan"/>
							<SP ID="SP58" WIDTH="44" HPOS="455" VPOS="2301"/>
							<String ID="STRING70" STYLEREFS="STYLE1" HEIGHT="102" WIDTH="232" HPOS="499" VPOS="2297" CONTENT="spilder" WC="0.8" LANG="dan"/>
							<SP ID="SP59" WIDTH="44" HPOS="731" VPOS="2297"/>
							<String ID="STRING71" STYLEREFS="STYLE1" HEIGHT="100" WIDTH="106" HPOS="775" VPOS="2297" CONTENT="for" WC="0.74" LANG="dan"/>
							<SP ID="SP60" WIDTH="46" HPOS="881" VPOS="2297"/>
							<String ID="STRING72" STYLEREFS="STYLE1" HEIGHT="78" WIDTH="224" HPOS="927" VPOS="2321" CONTENT="megen" WC="0.8" LANG="dan"/>
							<SP ID="SP61" WIDTH="34" HPOS="1151" VPOS="2321"/>
							<String ID="STRING73" STYLEREFS="STYLE1" HEIGHT="92" WIDTH="160" HPOS="1185" VPOS="2297" CONTENT="Tiid" WC="0.45" LANG="dan"/>
							<SP ID="SP62" WIDTH="38" HPOS="1345" VPOS="2297"/>
							<String ID="STRING74" STYLEREFS="STYLE1" HEIGHT="76" WIDTH="84" HPOS="1383" VPOS="2323" CONTENT="og" WC="0.59" LANG="dan"/>
							<SP ID="SP63" WIDTH="34" HPOS="1467" VPOS="2323"/>
							<String ID="STRING75" STYLEREFS="STYLE1" HEIGHT="100" WIDTH="244" HPOS="1501" VPOS="2301" CONTENT="Penge" WC="0.72" LANG="dan"/>
						</TextLine>
						<TextLine ID="LINE13" HEIGHT="106" WIDTH="1510" HPOS="207" VPOS="2441">
							<String ID="STRING76" STYLEREFS="STYLE1" HEIGHT="76" WIDTH="122" HPOS="207" VPOS="2455" CONTENT="ved" WC="0.69" LANG="dan"/>
							<SP ID="SP64" WIDTH="32" HPOS="329" VPOS="2455"/>
							<String ID="STRING77" STYLEREFS="STYLE1" HEIGHT="74" WIDTH="76" HPOS="361" VPOS="2455" CONTENT="de" WC="0.67" LANG="dan"/>
							<SP ID="SP65" WIDTH="34" HPOS="437" VPOS="2455"/>
							<String ID="STRING78" STYLEREFS="STYLE1" HEIGHT="106" WIDTH="638" HPOS="471" VPOS="2441" CONTENT="Divertissements," WC="0.84" LANG="dan"/>
							<SP ID="SP66" WIDTH="62" HPOS="1109" VPOS="2441"/>
							<String ID="STRING79" STYLEREFS="STYLE1" HEIGHT="96" WIDTH="138" HPOS="1171" VPOS="2445" CONTENT="som" WC="0.58" LANG="dan"/>
							<SP ID="SP67" WIDTH="34" HPOS="1309" VPOS="2445"/>
							<String ID="STRING80" STYLEREFS="STYLE1" HEIGHT="64" WIDTH="62" HPOS="1343" VPOS="2463" CONTENT="et" WC="0.75" LANG="dan"/>
							<SP ID="SP68" WIDTH="26" HPOS="1405" VPOS="2463"/>
							<String ID="STRING81" STYLEREFS="STYLE1" HEIGHT="102" WIDTH="164" HPOS="1431" VPOS="2443" CONTENT="Hof" WC="0.52" LANG="dan"/>
							<SP ID="SP69" WIDTH="34" HPOS="1595" VPOS="2443"/>
							<String ID="STRING82" STYLEREFS="STYLE1" HEIGHT="60" WIDTH="88" HPOS="1629" VPOS="2467" CONTENT="an" SUBS_TYPE="HypPart1" SUBS_CONTENT="anstiller," WC="0.7" LANG="nob"/>
							<HYP CONTENT="-"/>
						</TextLine>
						<TextLine ID="LINE14" HEIGHT="106" WIDTH="1542" HPOS="205" VPOS="2587">
							<String ID="STRING83" STYLEREFS="STYLE1" HEIGHT="98" WIDTH="232" HPOS="205" VPOS="2595" CONTENT="stiller," SUBS_TYPE="HypPart2" SUBS_CONTENT="anstiller," WC="0.72" LANG="nob"/>
							<SP ID="SP70" WIDTH="82" HPOS="437" VPOS="2595"/>
							<String ID="STRING84" STYLEREFS="STYLE1" HEIGHT="78" WIDTH="82" HPOS="519" VPOS="2609" CONTENT="og" WC="0.54" LANG="dan"/>
							<SP ID="SP71" WIDTH="48" HPOS="601" VPOS="2609"/>
							<String ID="STRING85" STYLEREFS="STYLE1" HEIGHT="96" WIDTH="180" HPOS="649" VPOS="2591" CONTENT="giver" WC="0.84" LANG="dan"/>
							<SP ID="SP72" WIDTH="48" HPOS="829" VPOS="2591"/>
							<String ID="STRING86" STYLEREFS="STYLE1" HEIGHT="104" WIDTH="312" HPOS="877" VPOS="2589" CONTENT="Lejlighed" WC="0.59" LANG="dan"/>
							<SP ID="SP73" WIDTH="46" HPOS="1189" VPOS="2589"/>
							<String ID="STRING87" STYLEREFS="STYLE1" HEIGHT="66" WIDTH="74" HPOS="1235" VPOS="2607" CONTENT="at" WC="0.51" LANG="dan"/>
							<SP ID="SP74" WIDTH="46" HPOS="1309" VPOS="2607"/>
							<String ID="STRING88" STYLEREFS="STYLE1" HEIGHT="78" WIDTH="146" HPOS="1355" VPOS="2609" CONTENT="tage" WC="0.93" LANG="dan"/>
							<SP ID="SP75" WIDTH="48" HPOS="1501" VPOS="2609"/>
							<String ID="STRING89" STYLEREFS="STYLE1" HEIGHT="90" WIDTH="198" HPOS="1549" VPOS="2587" CONTENT="Deel" WC="0.9" LANG="dan"/>
						</TextLine>
						<TextLine ID="LINE15" HEIGHT="104" WIDTH="1504" HPOS="209" VPOS="2733">
							<String ID="STRING90" STYLEREFS="STYLE1" HEIGHT="94" WIDTH="158" HPOS="209" VPOS="2741" CONTENT="udi," WC="0.57" LANG="dan"/>
							<SP ID="SP76" WIDTH="82" HPOS="367" VPOS="2741"/>
							<String ID="STRING91" STYLEREFS="STYLE1" HEIGHT="90" WIDTH="222" HPOS="449" VPOS="2743" CONTENT="meged" WC="0.7" LANG="dan"/>
							<SP ID="SP77" WIDTH="56" HPOS="671" VPOS="2743"/>
							<String ID="STRING92" STYLEREFS="STYLE1" HEIGHT="100" WIDTH="80" HPOS="727" VPOS="2735" CONTENT="af" WC="1" LANG="dan"/>
							<SP ID="SP78" WIDTH="40" HPOS="807" VPOS="2735"/>
							<String ID="STRING93" STYLEREFS="STYLE1" HEIGHT="102" WIDTH="250" HPOS="847" VPOS="2735" CONTENT="hvilken" WC="0.67" LANG="dan"/>
							<SP ID="SP79" WIDTH="46" HPOS="1097" VPOS="2735"/>
							<String ID="STRING94" STYLEREFS="STYLE1" HEIGHT="92" WIDTH="156" HPOS="1143" VPOS="2733" CONTENT="Tiid" WC="0.6" LANG="dan"/>
							<SP ID="SP80" WIDTH="48" HPOS="1299" VPOS="2733"/>
							<String ID="STRING95" STYLEREFS="STYLE1" HEIGHT="82" WIDTH="208" HPOS="1347" VPOS="2737" CONTENT="kunde" WC="0.85" LANG="dan"/>
							<SP ID="SP81" WIDTH="50" HPOS="1555" VPOS="2737"/>
							<String ID="STRING96" STYLEREFS="STYLE1" HEIGHT="100" WIDTH="108" HPOS="1605" VPOS="2735" CONTENT="for" SUBS_TYPE="HypPart1" SUBS_CONTENT="formodentlig" WC="0.69" LANG="dan"/>
							<HYP CONTENT="-"/>
						</TextLine>
						<TextLine ID="LINE16" HEIGHT="100" WIDTH="1538" HPOS="207" VPOS="2881">
							<String ID="STRING97" STYLEREFS="STYLE1" HEIGHT="92" WIDTH="364" HPOS="207" VPOS="2885" CONTENT="modentlig" SUBS_TYPE="HypPart2" SUBS_CONTENT="formodentlig" WC="0.74" LANG="dan"/>
							<SP ID="SP82" WIDTH="64" HPOS="571" VPOS="2885"/>
							<String ID="STRING98" STYLEREFS="STYLE1" HEIGHT="74" WIDTH="144" HPOS="635" VPOS="2889" CONTENT="med" WC="0.63" LANG="dan"/>
							<SP ID="SP83" WIDTH="76" HPOS="779" VPOS="2889"/>
							<String ID="STRING99" STYLEREFS="STYLE1" HEIGHT="94" WIDTH="204" HPOS="855" VPOS="2885" CONTENT="større" WC="0.71" LANG="dan"/>
							<SP ID="SP84" WIDTH="62" HPOS="1059" VPOS="2885"/>
							<String ID="STRING100" STYLEREFS="STYLE1" HEIGHT="100" WIDTH="220" HPOS="1121" VPOS="2881" CONTENT="Nytte" WC="0.52" LANG="dan"/>
							<SP ID="SP85" WIDTH="64" HPOS="1341" VPOS="2881"/>
							<String ID="STRING101" STYLEREFS="STYLE1" HEIGHT="74" WIDTH="340" HPOS="1405" VPOS="2889" CONTENT="anvendes" WC="0.83" LANG="dan"/>
						</TextLine>
						<TextLine ID="LINE17" HEIGHT="102" WIDTH="1536" HPOS="209" VPOS="3023">
							<String ID="STRING102" STYLEREFS="STYLE1" HEIGHT="76" WIDTH="212" HPOS="209" VPOS="3033" CONTENT="under" WC="0.73" LANG="dan"/>
							<SP ID="SP86" WIDTH="70" HPOS="421" VPOS="3033"/>
							<String ID="STRING103" STYLEREFS="STYLE1" HEIGHT="88" WIDTH="222" HPOS="491" VPOS="3023" CONTENT="Eders" WC="0.79" LANG="dan"/>
							<SP ID="SP87" WIDTH="66" HPOS="713" VPOS="3023"/>
							<String ID="STRING104" STYLEREFS="STYLE1" HEIGHT="74" WIDTH="270" HPOS="779" VPOS="3033" CONTENT="mvedne" WC="0.73" LANG="dan"/>
							<SP ID="SP88" WIDTH="60" HPOS="1049" VPOS="3033"/>
							<String ID="STRING105" STYLEREFS="STYLE1" HEIGHT="102" WIDTH="432" HPOS="1109" VPOS="3023" CONTENT="Anviisning," WC="0.86" LANG="dan"/>
							<SP ID="SP89" WIDTH="80" HPOS="1541" VPOS="3023"/>
							<String ID="STRING106" STYLEREFS="STYLE1" HEIGHT="72" WIDTH="124" HPOS="1621" VPOS="3033" CONTENT="ved" WC="0.78" LANG="dan"/>
						</TextLine>
						<TextLine ID="LINE18" HEIGHT="104" WIDTH="1540" HPOS="205" VPOS="3167">
							<String ID="STRING107" STYLEREFS="STYLE1" HEIGHT="96" WIDTH="370" HPOS="205" VPOS="3173" CONTENT="igientagne" WC="0.75" LANG="dan"/>
							<SP ID="SP90" WIDTH="40" HPOS="575" VPOS="3173"/>
							<String ID="STRING108" STYLEREFS="STYLE1" HEIGHT="96" WIDTH="466" HPOS="615" VPOS="3169" CONTENT="Repetitioner" WC="0.73" LANG="dan"/>
							<SP ID="SP91" WIDTH="42" HPOS="1081" VPOS="3169"/>
							<String ID="STRING109" STYLEREFS="STYLE1" HEIGHT="78" WIDTH="196" HPOS="1123" VPOS="3191" CONTENT="over," WC="0.87" LANG="dan"/>
							<SP ID="SP92" WIDTH="64" HPOS="1319" VPOS="3191"/>
							<String ID="STRING110" STYLEREFS="STYLE1" HEIGHT="100" WIDTH="178" HPOS="1383" VPOS="3171" CONTENT="hvad" WC="0.75" LANG="dan"/>
							<SP ID="SP93" WIDTH="46" HPOS="1561" VPOS="3171"/>
							<String ID="STRING111" STYLEREFS="STYLE1" HEIGHT="96" WIDTH="138" HPOS="1607" VPOS="3167" CONTENT="som" WC="0.57" LANG="dan"/>
						</TextLine>
						<TextLine ID="LINE19" HEIGHT="106" WIDTH="1532" HPOS="209" VPOS="3311">
							<String ID="STRING112" STYLEREFS="STYLE1" HEIGHT="70" WIDTH="182" HPOS="209" VPOS="3333" CONTENT="enten" WC="0.86" LANG="dan"/>
							<SP ID="SP94" WIDTH="68" HPOS="391" VPOS="3333"/>
							<String ID="STRING113" STYLEREFS="STYLE1" HEIGHT="66" WIDTH="68" HPOS="459" VPOS="3337" CONTENT="er" WC="0.79" LANG="dan"/>
							<SP ID="SP95" WIDTH="62" HPOS="527" VPOS="3337"/>
							<String ID="STRING114" STYLEREFS="STYLE1" HEIGHT="106" WIDTH="370" HPOS="589" VPOS="3311" CONTENT="forefalden" WC="0.74" LANG="dan"/>
							<SP ID="SP96" WIDTH="68" HPOS="959" VPOS="3311"/>
							<String ID="STRING115" STYLEREFS="STYLE1" HEIGHT="82" WIDTH="146" HPOS="1027" VPOS="3321" CONTENT="eller" WC="0.85" LANG="dan"/>
							<SP ID="SP97" WIDTH="60" HPOS="1173" VPOS="3321"/>
							<String ID="STRING116" STYLEREFS="STYLE1" HEIGHT="102" WIDTH="180" HPOS="1233" VPOS="3315" CONTENT="flulle" WC="0.62" LANG="dan"/>
							<SP ID="SP98" WIDTH="82" HPOS="1413" VPOS="3315"/>
							<String ID="STRING117" STYLEREFS="STYLE1" HEIGHT="102" WIDTH="246" HPOS="1495" VPOS="3315" CONTENT="passere" WC="0.87" LANG="dan"/>
						</TextLine>
					</TextBlock>
				</ComposedBlock>
			</PrintSpace>
		</Page>
	</Layout>
</alto>
