2976 4536
1247 341 90 68 54

1253 529 150 80 med
1459 521 200 98 sunde
1721 539 84 80 og
1855 520 272 96 vægtige
2189 518 444 99 Kornvahrer
2685 517 104 98 fra

1257 681 210 72 andre
1503 667 246 94 Rüger
1797 667 206 79 kunde
2045 676 214 70 væred
2305 664 342 100 forsyned,
2707 675 84 72 da

1263 813 70 100 Z
1379 813 298 80 derimod
1723 815 20 76 i
1785 817 76 73 de
1905 810 244 98 forrige
2187 806 274 102 Tuder,
2527 811 162 96 hvor
2731 809 62 100 I

1260 959 128 82 ikke
1436 957 146 82 blev
1630 955 170 100 fojed
1850 956 114 94 saa
2010 964 262 88 meged,
2354 978 200 75 neppe
2586 973 154 62 vare
2774 959 22 76 i

1266 1101 266 86 Stand
1568 1107 116 90 til,
1752 1118 184 66 enten
1986 1102 110 100 her
2136 1104 20 76 i
2190 1098 244 96 Riiged
2478 1107 138 74 eller
2643 1119 151 100 Rpaa

1264 1257 210 74 andre
1536 1247 336 99 Stæder,
1950 1264 74 66 at
2088 1248 284 80 obtinere
2430 1254 118 72 den
2606 1245 186 100 halve

1262 1391 212 102 Priis
1528 1389 82 98 af
1664 1393 178 98 hvad
1894 1390 240 98 Norge
2178 1414 94 60 nu
2316 1394 20 78 i
2382 1400 74 72 de
2502 1389 292 96 forløbne

1270 1561 97 52 i2
1402 1539 77 78 til
1516 1561 87 72 rz
1640 1535 151 86 Aar
1822 1540 235 94 næsten
2092 1538 337 96 bestandig
2458 1538 121 97 har
2614 1551 185 64 maat

1265 1681 212 84 betale
1557 1679 106 100 for
1721 1679 284 99 Danfle
2057 1682 492 99 Kornvahrer;
2629 1679 170 84 Men

1265 1847 112 60 om
1411 1825 108 100 I,
1581 1833 120 76 ved
1745 1843 74 64 at
1851 1824 314 102 behandle
2213 1834 184 74 eders
2431 1828 374 95 beqvemme

1267 1971 196 98 Jord
1497 1973 334 98 tilbørlig,
1875 1970 444 98 tilvejebragte
2349 1970 192 81 bedre
2567 1969 240 98 Korn,

1271 2113 140 98 som
1465 2117 146 82 blev
1657 2139 76 60 en
1771 2111 252 103 Folge,
2097 2134 174 62 naar
2313 2112 68 100 I
2425 2116 124 80 ikke
2597 2115 210 80 kunde

1270 2265 364 94 paatvinge
1675 2261 243 93 Norge
1958 2268 108 74 det
2099 2262 217 98 flette,
2396 2278 84 76 og
2515 2255 293 94 saaledes

1272 2421 150 82 toeg
1452 2413 126 76 den
1608 2401 280 100 Fordeel
1934 2402 80 98 af
2038 2402 368 86 Naturens
2440 2402 368 99 Riigdom,

1270 2551 138 96 som
1438 2549 106 100 J,
1606 2551 370 97 formedelst
2014 2566 60 66 er
2114 2548 534 103 Monopolium,
2710 2567 94 62 nu

1270 2695 298 100 udpresse
1616 2695 84 98 af
1724 2695 282 97 Norge,
2082 2702 92 74 da
2218 2710 130 64 var
2404 2702 126 73 den
2593 2693 213 82 baade

1274 2841 440 100 retfærdigere
1780 2865 89 75 og
1932 2838 534 102 fordeelagtigere
2522 2833 110 104 for
2684 2843 120 78 den

1273 2983 210 104 fælles
1517 2987 266 90 Staat.

1467 3277 180 108 Paa
1677 3275 456 111 Feedevahrer
2171 3276 168 106 have
2365 3274 72 106 I
2465 3272 186 105 heller
2683 3265 126 90 ikke

2551 3415 136 104 for-
