2923 4571
1617 362 82 70 31

176 538 110 100 fra
330 537 480 99 Kiøbenhavn,
906 539 262 99 ligesom
1224 536 304 104 Holland
1580 544 128 100 har

173 690 122 76 den
343 683 104 98 fra
485 682 382 89 Danmark
907 706 80 74 og
1023 685 244 99 Norge
1299 708 138 78 paa
1473 706 240 78 mange

172 826 250 99 Gange
462 848 134 62 nær
642 830 22 81 i
719 823 211 100 Force
974 827 78 98 af
1098 829 278 103 Penge,
1436 829 276 102 Handel

170 994 85 74 og
312 970 343 101 Soefart,
742 973 93 100 thi
886 972 467 100 Hollænderne
1416 977 123 100 har
1610 978 105 98 for

167 1134 203 65 meere
421 1126 121 72 end
589 1136 99 63 tre
731 1115 369 102 Hundrede
1151 1119 147 85 Aar
1353 1126 173 97 siden
1585 1122 103 98 for-

168 1264 220 94 staaed
436 1278 76 64 at
560 1262 220 81 tillade
830 1268 120 74 alle
1002 1260 336 103 Vahrers
1382 1267 198 98 Ind-
1630 1286 88 78 og

169 1400 298 101 Udførsel
517 1402 126 100 hos
695 1409 90 92 sig
833 1414 170 72 uden
1037 1403 180 90 Told
1259 1430 84 76 og
1379 1407 338 103 Paalæg,

166 1552 72 76 vi
285 1549 165 98 have
500 1550 292 79 derimod
838 1548 258 96 ligesom
1142 1555 140 93 lagt
1319 1552 273 89 Baand
1628 1574 90 78 og

170 1692 255 82 Lænker
462 1698 141 74 eller
634 1688 449 103 Monopolia,
1150 1693 135 92 som
1322 1714 65 63 er
1422 1712 289 68 omtrent

169 1844 107 72 Det
325 1835 271 95 samme,
663 1857 136 72 paa
853 1847 197 72 vores
1097 1833 323 106 Handel,
1481 1839 107 100 for
1641 1860 73 66 at

166 1980 180 94 giere
376 1988 196 70 vores
592 1974 258 103 Vahre
886 1980 112 94 saa
1026 1989 196 92 dyre,
1256 2002 76 64 at
1362 1987 68 80 vi
1458 2002 256 68 maatte

185 2121 366 94 consumere
599 2130 144 73 dem
789 2123 162 99 selv,
1015 2133 144 76 eller
1203 2144 270 85 rettere,
1537 2129 180 103 hvad

177 2272 123 72 Den
331 2263 395 99 Østersøeffe
759 2261 275 101 Handel
1066 2288 298 80 angaae-,
1429 2281 89 72 Da
1547 2273 169 95 have

172 2418 79 74 de
320 2407 277 97 Danste
648 2405 487 104 Herremand,
1224 2414 251 98 hvoraf
1511 2412 208 86 Gud

171 2559 154 76 veed
357 2561 110 72 der
521 2554 162 81 altid
733 2551 126 102 har
903 2571 200 65 været
1139 2551 526 111 Overstødighed
1691 2562 24 80 i

176 2695 456 99 Kiøbenhavn
696 2719 84 76 og
836 2694 442 104 Collégierne,
1356 2701 220 94 anseed
1632 2724 80 62 en

179 2840 298 98 Ladning
509 2836 366 103 Dantziger
901 2842 226 97 Ruug
1179 2843 134 95 som
1355 2852 124 75 den
1513 2848 174 80 virke-

171 2988 125 92 lige
327 2983 207 101 Pest,
597 3004 173 67 naar
817 2993 119 79 den
975 2986 183 101 stulle
1203 2994 327 96 oplægges
1575 3008 139 82 paa

168 3124 253 107 Danst
456 3124 277 93 Grund»
