<?xml version="1.0" encoding="utf-8"?>
<alto xmlns="http://www.loc.gov/standards/alto/ns-v3#" xmlns:xs="http://www.w3.org/2001/XMLSchema-instance" xmlns:xlink="http://www.w3.org/1999/xlink">
	<Description>
		<MeasurementUnit>pixel</MeasurementUnit>
		<sourceImageInformation>
			<fileName>130017168283_1_011_004_062.tif</fileName>
		</sourceImageInformation>
		<OCRProcessing ID="OCR1">
			<ocrProcessingStep>
				<processingDateTime>2018-09-13</processingDateTime>
				<processingAgency>Zissor AS</processingAgency>
				<processingStepSettings>Combined OCR</processingStepSettings>
				<processingSoftware>
					<softwareCreator>Zissor AS</softwareCreator>
					<softwareName>ContentOCR-11; ContentOCR-Tesseract</softwareName>
					<softwareVersion>2.0.2; 2.0.0</softwareVersion>
					<applicationDescription>OCR Component for Zissor Content System</applicationDescription>
				</processingSoftware>
			</ocrProcessingStep>
		</OCRProcessing>
	</Description>
	<Styles>
		<TextStyle ID="STYLE1" FONTFAMILY="Times New Roman" FONTSIZE="8.5" FONTSTYLE=""/>
		<TextStyle ID="STYLE2" FONTFAMILY="Times New Roman" FONTSIZE="14" FONTSTYLE=""/>
		<TextStyle ID="STYLE3" FONTFAMILY="Arial" FONTSIZE="12" FONTSTYLE=""/>
		<TextStyle ID="STYLE4" FONTFAMILY="Arial" FONTSIZE="14" FONTSTYLE=""/>
		<TextStyle ID="STYLE5" FONTFAMILY="Arial" FONTSIZE="13" FONTSTYLE=""/>
	</Styles>
	<Layout>
		<Page ID="PAGE366" HEIGHT="4497" WIDTH="3025" PHYSICAL_IMG_NR="366" PROCESSING="OCR1" PC="0.69">
			<TopMargin HEIGHT="478" WIDTH="3025" HPOS="0" VPOS="0"/>
			<LeftMargin HEIGHT="3831" WIDTH="799" HPOS="0" VPOS="478"/>
			<RightMargin HEIGHT="3831" WIDTH="104" HPOS="2921" VPOS="478"/>
			<BottomMargin HEIGHT="186" WIDTH="3025" HPOS="0" VPOS="4311"/>
			<PrintSpace ID="PRINTSPACE1" HEIGHT="3831" WIDTH="2120" HPOS="800" VPOS="479">
				<ComposedBlock xs:type="ComposedBlockType" ID="ARTICLE110443" HEIGHT="3831" WIDTH="2120" HPOS="800" VPOS="479" xlink:type="simple">
					<TextBlock xs:type="TextBlockType" ID="ZONE1146662" HEIGHT="66" WIDTH="90" HPOS="1125" VPOS="479" xlink:type="simple">
						<TextLine ID="LINE1" HEIGHT="66" WIDTH="90" HPOS="1125" VPOS="479">
							<String ID="STRING1" STYLEREFS="STYLE1" HEIGHT="66" WIDTH="90" HPOS="1125" VPOS="479" CONTENT="62" WC="0.73" LANG="nob"/>
						</TextLine>
					</TextBlock>
					<TextBlock xs:type="TextBlockType" ID="ZONE1146663" HEIGHT="3139" WIDTH="1792" HPOS="1009" VPOS="663" xlink:type="simple">
						<TextLine ID="LINE2" HEIGHT="102" WIDTH="1778" HPOS="1023" VPOS="663">
							<String ID="STRING2" STYLEREFS="STYLE2" HEIGHT="96" WIDTH="124" HPOS="1023" VPOS="669" CONTENT="hos" WC="0.68" LANG="dan"/>
							<SP ID="SP1" WIDTH="36" HPOS="1147" VPOS="669"/>
							<String ID="STRING3" STYLEREFS="STYLE2" HEIGHT="76" WIDTH="74" HPOS="1183" VPOS="673" CONTENT="de" WC="0.65" LANG="dan"/>
							<SP ID="SP2" WIDTH="30" HPOS="1257" VPOS="673"/>
							<String ID="STRING4" STYLEREFS="STYLE2" HEIGHT="96" WIDTH="134" HPOS="1287" VPOS="667" CONTENT="rige" WC="0.72" LANG="dan"/>
							<SP ID="SP3" WIDTH="34" HPOS="1421" VPOS="667"/>
							<String ID="STRING5" STYLEREFS="STYLE2" HEIGHT="98" WIDTH="340" HPOS="1455" VPOS="665" CONTENT="Bonder'," WC="0.57" LANG="deu"/>
							<SP ID="SP4" WIDTH="40" HPOS="1795" VPOS="665"/>
							<String ID="STRING6" STYLEREFS="STYLE2" HEIGHT="94" WIDTH="134" HPOS="1835" VPOS="663" CONTENT="som" WC="0.49" LANG="dan"/>
							<SP ID="SP5" WIDTH="32" HPOS="1969" VPOS="663"/>
							<String ID="STRING7" STYLEREFS="STYLE2" HEIGHT="74" WIDTH="144" HPOS="2001" VPOS="671" CONTENT="med" WC="0.64" LANG="dan"/>
							<SP ID="SP6" WIDTH="31" HPOS="2145" VPOS="671"/>
							<String ID="STRING8" STYLEREFS="STYLE3" HEIGHT="93" WIDTH="345" HPOS="2176" VPOS="663" CONTENT="saadanne" WC="0.76" LANG="dan"/>
							<SP ID="SP7" WIDTH="30" HPOS="2521" VPOS="663"/>
							<String ID="STRING9" STYLEREFS="STYLE2" HEIGHT="98" WIDTH="250" HPOS="2551" VPOS="665" CONTENT="Vahre" WC="0.7" LANG="dan"/>
						</TextLine>
						<TextLine ID="LINE3" HEIGHT="104" WIDTH="1778" HPOS="1021" VPOS="793">
							<String ID="STRING10" STYLEREFS="STYLE2" HEIGHT="74" WIDTH="148" HPOS="1021" VPOS="821" CONTENT="gror" WC="0.35" LANG="dan"/>
							<SP ID="SP8" WIDTH="68" HPOS="1169" VPOS="821"/>
							<String ID="STRING11" STYLEREFS="STYLE2" HEIGHT="96" WIDTH="280" HPOS="1237" VPOS="799" CONTENT="Oplag;" WC="0.77" LANG="dan"/>
							<SP ID="SP9" WIDTH="80" HPOS="1517" VPOS="799"/>
							<String ID="STRING12" STYLEREFS="STYLE2" HEIGHT="88" WIDTH="178" HPOS="1597" VPOS="797" CONTENT="Den" WC="0.51" LANG="dan"/>
							<SP ID="SP10" WIDTH="58" HPOS="1775" VPOS="797"/>
							<String ID="STRING13" STYLEREFS="STYLE2" HEIGHT="98" WIDTH="388" HPOS="1833" VPOS="793" CONTENT="formuende" WC="0.55" LANG="nob"/>
							<SP ID="SP11" WIDTH="54" HPOS="2221" VPOS="793"/>
							<String ID="STRING14" STYLEREFS="STYLE2" HEIGHT="84" WIDTH="258" HPOS="2275" VPOS="797" CONTENT="Bonde" WC="0.61" LANG="dan"/>
							<SP ID="SP12" WIDTH="66" HPOS="2533" VPOS="797"/>
							<String ID="STRING15" STYLEREFS="STYLE2" HEIGHT="98" WIDTH="200" HPOS="2599" VPOS="799" CONTENT="høster" WC="0.63" LANG="dan"/>
						</TextLine>
						<TextLine ID="LINE4" HEIGHT="104" WIDTH="1776" HPOS="1021" VPOS="925">
							<String ID="STRING16" STYLEREFS="STYLE2" HEIGHT="94" WIDTH="214" HPOS="1021" VPOS="929" CONTENT="altsaa" WC="0.94" LANG="dan"/>
							<SP ID="SP13" WIDTH="54" HPOS="1235" VPOS="929"/>
							<String ID="STRING17" STYLEREFS="STYLE2" HEIGHT="56" WIDTH="78" HPOS="1289" VPOS="953" CONTENT="en" WC="0.99" LANG="dan"/>
							<SP ID="SP14" WIDTH="52" HPOS="1367" VPOS="953"/>
							<String ID="STRING18" STYLEREFS="STYLE2" HEIGHT="96" WIDTH="364" HPOS="1419" VPOS="931" CONTENT="utilladelig" WC="0.75" LANG="dan"/>
							<SP ID="SP15" WIDTH="48" HPOS="1783" VPOS="931"/>
							<String ID="STRING19" STYLEREFS="STYLE2" HEIGHT="104" WIDTH="222" HPOS="1831" VPOS="925" CONTENT="Frugt" WC="0.56" LANG="dan"/>
							<SP ID="SP16" WIDTH="48" HPOS="2053" VPOS="925"/>
							<String ID="STRING20" STYLEREFS="STYLE2" HEIGHT="102" WIDTH="220" HPOS="2101" VPOS="925" CONTENT="deraf," WC="0.71" LANG="dan"/>
							<SP ID="SP17" WIDTH="70" HPOS="2321" VPOS="925"/>
							<String ID="STRING21" STYLEREFS="STYLE2" HEIGHT="92" WIDTH="138" HPOS="2391" VPOS="927" CONTENT="især" WC="0.54" LANG="dan"/>
							<SP ID="SP18" WIDTH="56" HPOS="2529" VPOS="927"/>
							<String ID="STRING22" STYLEREFS="STYLE2" HEIGHT="98" WIDTH="212" HPOS="2585" VPOS="929" CONTENT="efterdi" WC="0.75" LANG="dan"/>
						</TextLine>
						<TextLine ID="LINE5" HEIGHT="102" WIDTH="1780" HPOS="1021" VPOS="1057">
							<String ID="STRING23" STYLEREFS="STYLE2" HEIGHT="74" WIDTH="104" HPOS="1021" VPOS="1067" CONTENT="det" WC="0.72" LANG="dan"/>
							<SP ID="SP19" WIDTH="36" HPOS="1125" VPOS="1067"/>
							<String ID="STRING24" STYLEREFS="STYLE2" HEIGHT="98" WIDTH="186" HPOS="1161" VPOS="1061" CONTENT="meste" WC="0.64" LANG="dan"/>
							<SP ID="SP20" WIDTH="18" HPOS="1347" VPOS="1061"/>
							<String ID="STRING25" STYLEREFS="STYLE2" HEIGHT="82" WIDTH="206" HPOS="1365" VPOS="1061" CONTENT="Korn" WC="0.69" LANG="dan"/>
							<SP ID="SP21" WIDTH="34" HPOS="1571" VPOS="1061"/>
							<String ID="STRING26" STYLEREFS="STYLE2" HEIGHT="76" WIDTH="122" HPOS="1605" VPOS="1067" CONTENT="ved" WC="0.6" LANG="dan"/>
							<SP ID="SP22" WIDTH="30" HPOS="1727" VPOS="1067"/>
							<String ID="STRING27" STYLEREFS="STYLE2" HEIGHT="74" WIDTH="144" HPOS="1757" VPOS="1069" CONTENT="dem" WC="0.66" LANG="dan"/>
							<SP ID="SP23" WIDTH="30" HPOS="1901" VPOS="1069"/>
							<String ID="STRING28" STYLEREFS="STYLE2" HEIGHT="96" WIDTH="412" HPOS="1931" VPOS="1057" CONTENT="forbrændes" WC="0.7" LANG="dan"/>
							<SP ID="SP24" WIDTH="36" HPOS="2343" VPOS="1057"/>
							<String ID="STRING29" STYLEREFS="STYLE2" HEIGHT="82" WIDTH="74" HPOS="2379" VPOS="1065" CONTENT="til" WC="0.58" LANG="dan"/>
							<SP ID="SP25" WIDTH="20" HPOS="2453" VPOS="1065"/>
							<String ID="STRING30" STYLEREFS="STYLE2" HEIGHT="88" WIDTH="328" HPOS="2473" VPOS="1061" CONTENT="Brænde»" WC="0.74" LANG="dan"/>
						</TextLine>
						<TextLine ID="LINE6" HEIGHT="102" WIDTH="1774" HPOS="1021" VPOS="1191">
							<String ID="STRING31" STYLEREFS="STYLE2" HEIGHT="94" WIDTH="180" HPOS="1021" VPOS="1195" CONTENT="viin," WC="0.78" LANG="dan"/>
							<SP ID="SP26" WIDTH="58" HPOS="1201" VPOS="1195"/>
							<String ID="STRING32" STYLEREFS="STYLE2" HEIGHT="94" WIDTH="136" HPOS="1259" VPOS="1191" CONTENT="som" WC="0.65" LANG="dan"/>
							<SP ID="SP27" WIDTH="38" HPOS="1395" VPOS="1191"/>
							<String ID="STRING33" STYLEREFS="STYLE2" HEIGHT="60" WIDTH="92" HPOS="1433" VPOS="1215" CONTENT="nu" WC="0.71" LANG="dan"/>
							<SP ID="SP28" WIDTH="40" HPOS="1525" VPOS="1215"/>
							<String ID="STRING34" STYLEREFS="STYLE2" HEIGHT="74" WIDTH="254" HPOS="1565" VPOS="1201" CONTENT="overalt" WC="0.81" LANG="dan"/>
							<SP ID="SP29" WIDTH="32" HPOS="1819" VPOS="1201"/>
							<String ID="STRING35" STYLEREFS="STYLE2" HEIGHT="74" WIDTH="138" HPOS="1851" VPOS="1215" CONTENT="paa" WC="0.77" LANG="dan"/>
							<SP ID="SP30" WIDTH="18" HPOS="1989" VPOS="1215"/>
							<String ID="STRING36" STYLEREFS="STYLE2" HEIGHT="84" WIDTH="248" HPOS="2007" VPOS="1191" CONTENT="Landet" WC="0.68" LANG="dan"/>
							<SP ID="SP31" WIDTH="34" HPOS="2255" VPOS="1191"/>
							<String ID="STRING37" STYLEREFS="STYLE2" HEIGHT="76" WIDTH="200" HPOS="2289" VPOS="1215" CONTENT="gaaer" WC="0.8" LANG="dan"/>
							<SP ID="SP32" WIDTH="38" HPOS="2489" VPOS="1215"/>
							<String ID="STRING38" STYLEREFS="STYLE2" HEIGHT="78" WIDTH="20" HPOS="2527" VPOS="1197" CONTENT="i" WC="0.54" LANG="dan"/>
							<SP ID="SP33" WIDTH="28" HPOS="2547" VPOS="1197"/>
							<String ID="STRING39" STYLEREFS="STYLE2" HEIGHT="98" WIDTH="220" HPOS="2575" VPOS="1195" CONTENT="svang," WC="0.73" LANG="dan"/>
						</TextLine>
						<TextLine ID="LINE7" HEIGHT="100" WIDTH="1774" HPOS="1021" VPOS="1323">
							<String ID="STRING40" STYLEREFS="STYLE2" HEIGHT="76" WIDTH="88" HPOS="1021" VPOS="1331" CONTENT="da" WC="0.77" LANG="dan"/>
							<SP ID="SP34" WIDTH="20" HPOS="1109" VPOS="1331"/>
							<String ID="STRING41" STYLEREFS="STYLE2" HEIGHT="100" WIDTH="364" HPOS="1129" VPOS="1323" CONTENT="Borgerne" WC="0.73" LANG="dan"/>
							<SP ID="SP35" WIDTH="40" HPOS="1493" VPOS="1323"/>
							<String ID="STRING42" STYLEREFS="STYLE2" HEIGHT="92" WIDTH="316" HPOS="1533" VPOS="1331" CONTENT="derimod," WC="0.65" LANG="dan"/>
							<SP ID="SP36" WIDTH="40" HPOS="1849" VPOS="1331"/>
							<String ID="STRING43" STYLEREFS="STYLE2" HEIGHT="94" WIDTH="140" HPOS="1889" VPOS="1327" CONTENT="som" WC="0.59" LANG="dan"/>
							<SP ID="SP37" WIDTH="31" HPOS="2029" VPOS="1327"/>
							<String ID="STRING44" STYLEREFS="STYLE4" HEIGHT="58" WIDTH="97" HPOS="2060" VPOS="1348" CONTENT="ere" WC="0.77" LANG="dan"/>
							<SP ID="SP38" WIDTH="32" HPOS="2157" VPOS="1348"/>
							<String ID="STRING45" STYLEREFS="STYLE2" HEIGHT="100" WIDTH="376" HPOS="2189" VPOS="1323" CONTENT="forbundne" WC="0.64" LANG="dan"/>
							<SP ID="SP39" WIDTH="32" HPOS="2565" VPOS="1323"/>
							<String ID="STRING46" STYLEREFS="STYLE2" HEIGHT="64" WIDTH="70" HPOS="2597" VPOS="1345" CONTENT="ar" WC="0.62" LANG="dan"/>
							<SP ID="SP40" WIDTH="30" HPOS="2667" VPOS="1345"/>
							<String ID="STRING47" STYLEREFS="STYLE2" HEIGHT="82" WIDTH="98" HPOS="2697" VPOS="1327" CONTENT="be»" WC="0.27" LANG="nob"/>
						</TextLine>
						<TextLine ID="LINE8" HEIGHT="100" WIDTH="1774" HPOS="1021" VPOS="1457">
							<String ID="STRING48" STYLEREFS="STYLE2" HEIGHT="76" WIDTH="130" HPOS="1021" VPOS="1459" CONTENT="tale" WC="0.61" LANG="dan"/>
							<SP ID="SP41" WIDTH="72" HPOS="1151" VPOS="1459"/>
							<String ID="STRING49" STYLEREFS="STYLE2" HEIGHT="74" WIDTH="120" HPOS="1223" VPOS="1461" CONTENT="den" WC="0.89" LANG="dan"/>
							<SP ID="SP42" WIDTH="52" HPOS="1343" VPOS="1461"/>
							<String ID="STRING50" STYLEREFS="STYLE2" HEIGHT="78" WIDTH="74" HPOS="1395" VPOS="1459" CONTENT="til" WC="0.64" LANG="dan"/>
							<SP ID="SP43" WIDTH="50" HPOS="1469" VPOS="1459"/>
							<String ID="STRING51" STYLEREFS="STYLE2" HEIGHT="100" WIDTH="936" HPOS="1519" VPOS="1457" CONTENT="Brændevinsbrændingen" WC="0.76" LANG="dan"/>
							<SP ID="SP44" WIDTH="92" HPOS="2455" VPOS="1457"/>
							<String ID="STRING52" STYLEREFS="STYLE2" HEIGHT="96" WIDTH="248" HPOS="2547" VPOS="1459" CONTENT="ansatte" WC="0.82" LANG="dan"/>
						</TextLine>
						<TextLine ID="LINE9" HEIGHT="100" WIDTH="1772" HPOS="1021" VPOS="1587">
							<String ID="STRING53" STYLEREFS="STYLE2" HEIGHT="100" WIDTH="528" HPOS="1021" VPOS="1587" CONTENT="Consumption," WC="0.73" LANG="dan"/>
							<SP ID="SP45" WIDTH="86" HPOS="1549" VPOS="1587"/>
							<String ID="STRING54" STYLEREFS="STYLE2" HEIGHT="82" WIDTH="130" HPOS="1635" VPOS="1591" CONTENT="kan" WC="1" LANG="dan"/>
							<SP ID="SP46" WIDTH="52" HPOS="1765" VPOS="1591"/>
							<String ID="STRING55" STYLEREFS="STYLE2" HEIGHT="78" WIDTH="56" HPOS="1817" VPOS="1593" CONTENT="ei" WC="0.89" LANG="dan"/>
							<SP ID="SP47" WIDTH="44" HPOS="1873" VPOS="1593"/>
							<String ID="STRING56" STYLEREFS="STYLE2" HEIGHT="60" WIDTH="168" HPOS="1917" VPOS="1611" CONTENT="være" WC="0.86" LANG="dan"/>
							<SP ID="SP48" WIDTH="48" HPOS="2085" VPOS="1611"/>
							<String ID="STRING57" STYLEREFS="STYLE2" HEIGHT="74" WIDTH="16" HPOS="2133" VPOS="1595" CONTENT="i" WC="0.77" LANG="dan"/>
							<SP ID="SP49" WIDTH="40" HPOS="2149" VPOS="1595"/>
							<String ID="STRING58" STYLEREFS="STYLE2" HEIGHT="82" WIDTH="260" HPOS="2189" VPOS="1593" CONTENT="Stand" WC="0.63" LANG="dan"/>
							<SP ID="SP50" WIDTH="30" HPOS="2449" VPOS="1593"/>
							<String ID="STRING59" STYLEREFS="STYLE2" HEIGHT="72" WIDTH="144" HPOS="2479" VPOS="1601" CONTENT="med" WC="0.63" LANG="dan"/>
							<SP ID="SP51" WIDTH="32" HPOS="2623" VPOS="1601"/>
							<String ID="STRING60" STYLEREFS="STYLE2" HEIGHT="74" WIDTH="138" HPOS="2655" VPOS="1601" CONTENT="dem" WC="0.58" LANG="dan"/>
						</TextLine>
						<TextLine ID="LINE10" HEIGHT="102" WIDTH="1750" HPOS="1013" VPOS="1721">
							<String ID="STRING61" STYLEREFS="STYLE2" HEIGHT="64" WIDTH="74" HPOS="1013" VPOS="1737" CONTENT="at" WC="0.64" LANG="dan"/>
							<SP ID="SP52" WIDTH="22" HPOS="1087" VPOS="1737"/>
							<String ID="STRING62" STYLEREFS="STYLE2" HEIGHT="94" WIDTH="186" HPOS="1109" VPOS="1723" CONTENT="holde" WC="0.65" LANG="dan"/>
							<SP ID="SP53" WIDTH="16" HPOS="1295" VPOS="1723"/>
							<String ID="STRING63" STYLEREFS="STYLE2" HEIGHT="100" WIDTH="248" HPOS="1311" VPOS="1721" CONTENT="Priis," WC="0.58" LANG="dan"/>
							<SP ID="SP54" WIDTH="28" HPOS="1559" VPOS="1721"/>
							<String ID="STRING64" STYLEREFS="STYLE2" HEIGHT="96" WIDTH="70" HPOS="1587" VPOS="1721" CONTENT="ja" WC="0.67" LANG="dan"/>
							<SP ID="SP55" WIDTH="34" HPOS="1657" VPOS="1721"/>
							<String ID="STRING65" STYLEREFS="STYLE2" HEIGHT="102" WIDTH="448" HPOS="1691" VPOS="1721" CONTENT="Flensborger" WC="0.72" LANG="dan"/>
							<SP ID="SP56" WIDTH="22" HPOS="2139" VPOS="1721"/>
							<String ID="STRING66" STYLEREFS="STYLE2" HEIGHT="74" WIDTH="80" HPOS="2161" VPOS="1745" CONTENT="og" WC="0.43" LANG="dan"/>
							<SP ID="SP57" WIDTH="24" HPOS="2241" VPOS="1745"/>
							<String ID="STRING67" STYLEREFS="STYLE2" HEIGHT="98" WIDTH="498" HPOS="2265" VPOS="1723" CONTENT="DanffBræn" SUBS_TYPE="HypPart1" SUBS_CONTENT="DanffBrændeviin," WC="0.71" LANG="dan"/>
							<HYP CONTENT="-"/>
						</TextLine>
						<TextLine ID="LINE11" HEIGHT="104" WIDTH="1772" HPOS="1019" VPOS="1851">
							<String ID="STRING68" STYLEREFS="STYLE2" HEIGHT="96" WIDTH="240" HPOS="1019" VPOS="1855" CONTENT="deviin," SUBS_TYPE="HypPart2" SUBS_CONTENT="DanffBrændeviin," WC="0.65" LANG="dan"/>
							<SP ID="SP58" WIDTH="38" HPOS="1259" VPOS="1855"/>
							<String ID="STRING69" STYLEREFS="STYLE2" HEIGHT="94" WIDTH="136" HPOS="1297" VPOS="1853" CONTENT="som" WC="0.7" LANG="dan"/>
							<SP ID="SP59" WIDTH="22" HPOS="1433" VPOS="1853"/>
							<String ID="STRING70" STYLEREFS="STYLE2" HEIGHT="98" WIDTH="226" HPOS="1455" VPOS="1851" CONTENT="tilforn" WC="0.6" LANG="dan"/>
							<SP ID="SP60" WIDTH="34" HPOS="1681" VPOS="1851"/>
							<String ID="STRING71" STYLEREFS="STYLE2" HEIGHT="98" WIDTH="164" HPOS="1715" VPOS="1855" CONTENT="have" WC="0.9" LANG="dan"/>
							<SP ID="SP61" WIDTH="22" HPOS="1879" VPOS="1855"/>
							<String ID="STRING72" STYLEREFS="STYLE2" HEIGHT="62" WIDTH="196" HPOS="1901" VPOS="1873" CONTENT="været" WC="0.77" LANG="dan"/>
							<SP ID="SP62" WIDTH="34" HPOS="2097" VPOS="1873"/>
							<String ID="STRING73" STYLEREFS="STYLE2" HEIGHT="98" WIDTH="278" HPOS="2131" VPOS="1855" CONTENT="indfort," WC="0.47" LANG="dan"/>
							<SP ID="SP63" WIDTH="30" HPOS="2409" VPOS="1855"/>
							<String ID="STRING74" STYLEREFS="STYLE2" HEIGHT="80" WIDTH="132" HPOS="2439" VPOS="1857" CONTENT="kan" WC="1" LANG="dan"/>
							<SP ID="SP64" WIDTH="28" HPOS="2571" VPOS="1857"/>
							<String ID="STRING75" STYLEREFS="STYLE2" HEIGHT="56" WIDTH="92" HPOS="2599" VPOS="1881" CONTENT="nu" WC="1" LANG="dan"/>
							<SP ID="SP65" WIDTH="20" HPOS="2691" VPOS="1881"/>
							<String ID="STRING76" STYLEREFS="STYLE2" HEIGHT="74" WIDTH="80" HPOS="2711" VPOS="1881" CONTENT="og" WC="0.35" LANG="dan"/>
						</TextLine>
						<TextLine ID="LINE12" HEIGHT="102" WIDTH="1778" HPOS="1015" VPOS="1983">
							<String ID="STRING77" STYLEREFS="STYLE2" HEIGHT="98" WIDTH="366" HPOS="1015" VPOS="1983" CONTENT="formedelst" WC="0.67" LANG="dan"/>
							<SP ID="SP66" WIDTH="30" HPOS="1381" VPOS="1983"/>
							<String ID="STRING78" STYLEREFS="STYLE2" HEIGHT="80" WIDTH="122" HPOS="1411" VPOS="1991" CONTENT="den" WC="0.75" LANG="dan"/>
							<SP ID="SP67" WIDTH="38" HPOS="1533" VPOS="1991"/>
							<String ID="STRING79" STYLEREFS="STYLE2" HEIGHT="96" WIDTH="260" HPOS="1571" VPOS="1987" CONTENT="Aarsag" WC="0.61" LANG="dan"/>
							<SP ID="SP68" WIDTH="34" HPOS="1831" VPOS="1987"/>
							<String ID="STRING80" STYLEREFS="STYLE2" HEIGHT="80" WIDTH="128" HPOS="1865" VPOS="1987" CONTENT="ikke" WC="0.94" LANG="dan"/>
							<SP ID="SP69" WIDTH="34" HPOS="1993" VPOS="1987"/>
							<String ID="STRING81" STYLEREFS="STYLE2" HEIGHT="98" WIDTH="364" HPOS="2027" VPOS="1985" CONTENT="afhændes." WC="0.85" LANG="dan"/>
							<SP ID="SP70" WIDTH="108" HPOS="2391" VPOS="1985"/>
							<String ID="STRING82" STYLEREFS="STYLE2" HEIGHT="96" WIDTH="124" HPOS="2499" VPOS="1989" CONTENT="Og" WC="0.62" LANG="dan"/>
							<SP ID="SP71" WIDTH="34" HPOS="2623" VPOS="1989"/>
							<String ID="STRING83" STYLEREFS="STYLE2" HEIGHT="90" WIDTH="136" HPOS="2657" VPOS="1991" CONTENT="som" WC="0.49" LANG="dan"/>
						</TextLine>
						<TextLine ID="LINE13" HEIGHT="108" WIDTH="1772" HPOS="1019" VPOS="2113">
							<String ID="STRING84" STYLEREFS="STYLE2" HEIGHT="76" WIDTH="210" HPOS="1019" VPOS="2123" CONTENT="denne" WC="0.85" LANG="dan"/>
							<SP ID="SP72" WIDTH="34" HPOS="1229" VPOS="2123"/>
							<String ID="STRING85" STYLEREFS="STYLE2" HEIGHT="94" WIDTH="498" HPOS="1263" VPOS="2121" CONTENT="allernaadigste" WC="0.83" LANG="dan"/>
							<SP ID="SP73" WIDTH="34" HPOS="1761" VPOS="2121"/>
							<String ID="STRING86" STYLEREFS="STYLE2" HEIGHT="100" WIDTH="308" HPOS="1795" VPOS="2113" CONTENT="forundte" WC="0.69" LANG="dan"/>
							<SP ID="SP74" WIDTH="48" HPOS="2103" VPOS="2113"/>
							<String ID="STRING87" STYLEREFS="STYLE2" HEIGHT="102" WIDTH="640" HPOS="2151" VPOS="2119" CONTENT="Jndkisbs'Frihed" WC="0.69" LANG="dan"/>
						</TextLine>
						<TextLine ID="LINE14" HEIGHT="100" WIDTH="1780" HPOS="1013" VPOS="2247">
							<String ID="STRING88" STYLEREFS="STYLE2" HEIGHT="78" WIDTH="22" HPOS="1013" VPOS="2249" CONTENT="i" WC="0.49" LANG="dan"/>
							<SP ID="SP75" WIDTH="36" HPOS="1035" VPOS="2249"/>
							<String ID="STRING89" STYLEREFS="STYLE2" HEIGHT="56" WIDTH="76" HPOS="1071" VPOS="2271" CONTENT="en" WC="0.63" LANG="dan"/>
							<SP ID="SP76" WIDTH="34" HPOS="1147" VPOS="2271"/>
							<String ID="STRING90" STYLEREFS="STYLE2" HEIGHT="94" WIDTH="116" HPOS="1181" VPOS="2247" CONTENT="saa" WC="0.83" LANG="dan"/>
							<SP ID="SP77" WIDTH="32" HPOS="1297" VPOS="2247"/>
							<String ID="STRING91" STYLEREFS="STYLE2" HEIGHT="98" WIDTH="112" HPOS="1329" VPOS="2249" CONTENT="hsi" WC="0.65" LANG="dan"/>
							<SP ID="SP78" WIDTH="54" HPOS="1441" VPOS="2249"/>
							<String ID="STRING92" STYLEREFS="STYLE2" HEIGHT="84" WIDTH="210" HPOS="1495" VPOS="2247" CONTENT="Grad" WC="0.62" LANG="dan"/>
							<SP ID="SP79" WIDTH="54" HPOS="1705" VPOS="2247"/>
							<String ID="STRING93" STYLEREFS="STYLE2" HEIGHT="74" WIDTH="168" HPOS="1759" VPOS="2255" CONTENT="uden" WC="0.68" LANG="dan"/>
							<SP ID="SP80" WIDTH="50" HPOS="1927" VPOS="2255"/>
							<String ID="STRING94" STYLEREFS="STYLE5" HEIGHT="96" WIDTH="204" HPOS="1977" VPOS="2248" CONTENT="Skoe" WC="0.7" LANG="dan"/>
							<SP ID="SP81" WIDTH="38" HPOS="2181" VPOS="2248"/>
							<String ID="STRING95" STYLEREFS="STYLE2" HEIGHT="96" WIDTH="406" HPOS="2219" VPOS="2251" CONTENT="misbruges," WC="0.67" LANG="dan"/>
							<SP ID="SP82" WIDTH="40" HPOS="2625" VPOS="2251"/>
							<String ID="STRING96" STYLEREFS="STYLE2" HEIGHT="76" WIDTH="20" HPOS="2665" VPOS="2255" CONTENT="i" WC="0.61" LANG="dan"/>
							<SP ID="SP83" WIDTH="32" HPOS="2685" VPOS="2255"/>
							<String ID="STRING97" STYLEREFS="STYLE2" HEIGHT="62" WIDTH="76" HPOS="2717" VPOS="2269" CONTENT="ar" WC="0.63" LANG="dan"/>
						</TextLine>
						<TextLine ID="LINE15" HEIGHT="104" WIDTH="1774" HPOS="1017" VPOS="2375">
							<String ID="STRING98" STYLEREFS="STYLE2" HEIGHT="98" WIDTH="370" HPOS="1017" VPOS="2375" CONTENT="forbrænde" WC="0.7" LANG="dan"/>
							<SP ID="SP84" WIDTH="48" HPOS="1387" VPOS="2375"/>
							<String ID="STRING99" STYLEREFS="STYLE2" HEIGHT="82" WIDTH="268" HPOS="1435" VPOS="2379" CONTENT="Kornet" WC="0.65" LANG="dan"/>
							<SP ID="SP85" WIDTH="72" HPOS="1703" VPOS="2379"/>
							<String ID="STRING100" STYLEREFS="STYLE2" HEIGHT="78" WIDTH="74" HPOS="1775" VPOS="2383" CONTENT="til" WC="0.79" LANG="dan"/>
							<SP ID="SP86" WIDTH="44" HPOS="1849" VPOS="2383"/>
							<String ID="STRING101" STYLEREFS="STYLE2" HEIGHT="102" WIDTH="496" HPOS="1893" VPOS="2377" CONTENT="Brændeviin," WC="0.81" LANG="dan"/>
							<SP ID="SP87" WIDTH="88" HPOS="2389" VPOS="2377"/>
							<String ID="STRING102" STYLEREFS="STYLE2" HEIGHT="96" WIDTH="314" HPOS="2477" VPOS="2383" CONTENT="hvormed" WC="0.68" LANG="dan"/>
						</TextLine>
						<TextLine ID="LINE16" HEIGHT="102" WIDTH="1772" HPOS="1019" VPOS="2511">
							<String ID="STRING103" STYLEREFS="STYLE2" HEIGHT="84" WIDTH="308" HPOS="1019" VPOS="2511" CONTENT="Bonden" WC="0.74" LANG="dan"/>
							<SP ID="SP88" WIDTH="34" HPOS="1327" VPOS="2511"/>
							<String ID="STRING104" STYLEREFS="STYLE2" HEIGHT="82" WIDTH="296" HPOS="1361" VPOS="2511" CONTENT="omløber" WC="0.76" LANG="dan"/>
							<SP ID="SP89" WIDTH="38" HPOS="1657" VPOS="2511"/>
							<String ID="STRING105" STYLEREFS="STYLE2" HEIGHT="98" WIDTH="168" HPOS="1695" VPOS="2511" CONTENT="Bye" WC="0.67" LANG="dan"/>
							<SP ID="SP90" WIDTH="24" HPOS="1863" VPOS="2511"/>
							<String ID="STRING106" STYLEREFS="STYLE2" HEIGHT="76" WIDTH="90" HPOS="1887" VPOS="2533" CONTENT="og" WC="0.7" LANG="dan"/>
							<SP ID="SP91" WIDTH="40" HPOS="1977" VPOS="2533"/>
							<String ID="STRING107" STYLEREFS="STYLE2" HEIGHT="102" WIDTH="220" HPOS="2017" VPOS="2511" CONTENT="Land," WC="0.72" LANG="dan"/>
							<SP ID="SP92" WIDTH="52" HPOS="2237" VPOS="2511"/>
							<String ID="STRING108" STYLEREFS="STYLE2" HEIGHT="74" WIDTH="80" HPOS="2289" VPOS="2537" CONTENT="og" WC="0.56" LANG="dan"/>
							<SP ID="SP93" WIDTH="36" HPOS="2369" VPOS="2537"/>
							<String ID="STRING109" STYLEREFS="STYLE2" HEIGHT="94" WIDTH="138" HPOS="2405" VPOS="2515" CONTENT="især" WC="0.51" LANG="dan"/>
							<SP ID="SP94" WIDTH="22" HPOS="2543" VPOS="2515"/>
							<String ID="STRING110" STYLEREFS="STYLE2" HEIGHT="98" WIDTH="226" HPOS="2565" VPOS="2515" CONTENT="Berg»" WC="0.82" LANG="deu"/>
						</TextLine>
						<TextLine ID="LINE17" HEIGHT="98" WIDTH="1746" HPOS="1015" VPOS="2645">
							<String ID="STRING111" STYLEREFS="STYLE2" HEIGHT="98" WIDTH="638" HPOS="1015" VPOS="2645" CONTENT="stadenKongsberg" WC="0.66" LANG="dan"/>
							<SP ID="SP95" WIDTH="24" HPOS="1653" VPOS="2645"/>
							<String ID="STRING112" STYLEREFS="STYLE2" HEIGHT="76" WIDTH="144" HPOS="1677" VPOS="2651" CONTENT="med" WC="0.85" LANG="dan"/>
							<SP ID="SP96" WIDTH="22" HPOS="1821" VPOS="2651"/>
							<String ID="STRING113" STYLEREFS="STYLE2" HEIGHT="90" WIDTH="238" HPOS="1843" VPOS="2649" CONTENT="deslige" WC="0.75" LANG="dan"/>
							<SP ID="SP97" WIDTH="30" HPOS="2081" VPOS="2649"/>
							<String ID="STRING114" STYLEREFS="STYLE2" HEIGHT="98" WIDTH="650" HPOS="2111" VPOS="2645" CONTENT="hiembrænteBræn" SUBS_TYPE="HypPart1" SUBS_CONTENT="hiembrænteBrændeviin" WC="0.71" LANG="dan"/>
							<HYP CONTENT="-"/>
						</TextLine>
						<TextLine ID="LINE18" HEIGHT="104" WIDTH="1746" HPOS="1017" VPOS="2775">
							<String ID="STRING115" STYLEREFS="STYLE2" HEIGHT="78" WIDTH="216" HPOS="1017" VPOS="2777" CONTENT="deviin" SUBS_TYPE="HypPart2" SUBS_CONTENT="hiembrænteBrændeviin" WC="0.68" LANG="dan"/>
							<SP ID="SP98" WIDTH="22" HPOS="1233" VPOS="2777"/>
							<String ID="STRING116" STYLEREFS="STYLE2" HEIGHT="76" WIDTH="118" HPOS="1255" VPOS="2781" CONTENT="ved" WC="0.74" LANG="dan"/>
							<SP ID="SP99" WIDTH="26" HPOS="1373" VPOS="2781"/>
							<String ID="STRING117" STYLEREFS="STYLE2" HEIGHT="74" WIDTH="144" HPOS="1399" VPOS="2783" CONTENT="dem" WC="0.67" LANG="dan"/>
							<SP ID="SP100" WIDTH="36" HPOS="1543" VPOS="2783"/>
							<String ID="STRING118" STYLEREFS="STYLE2" HEIGHT="100" WIDTH="336" HPOS="1579" VPOS="2775" CONTENT="forsynes;" WC="0.71" LANG="dan"/>
							<SP ID="SP101" WIDTH="48" HPOS="1915" VPOS="2775"/>
							<String ID="STRING119" STYLEREFS="STYLE2" HEIGHT="84" WIDTH="186" HPOS="1963" VPOS="2775" CONTENT="Saa" WC="0.8" LANG="dan"/>
							<SP ID="SP102" WIDTH="34" HPOS="2149" VPOS="2775"/>
							<String ID="STRING120" STYLEREFS="STYLE2" HEIGHT="94" WIDTH="314" HPOS="2183" VPOS="2779" CONTENT="indstilles" WC="0.89" LANG="dan"/>
							<SP ID="SP103" WIDTH="30" HPOS="2497" VPOS="2779"/>
							<String ID="STRING121" STYLEREFS="STYLE2" HEIGHT="76" WIDTH="72" HPOS="2527" VPOS="2783" CONTENT="til" WC="0.89" LANG="dan"/>
							<SP ID="SP104" WIDTH="26" HPOS="2599" VPOS="2783"/>
							<String ID="STRING122" STYLEREFS="STYLE2" HEIGHT="98" WIDTH="138" HPOS="2625" VPOS="2781" CONTENT="høie" SUBS_TYPE="HypPart1" SUBS_CONTENT="høiere" WC="0.8" LANG="dan"/>
							<HYP CONTENT="-"/>
						</TextLine>
						<TextLine ID="LINE19" HEIGHT="104" WIDTH="1778" HPOS="1015" VPOS="2905">
							<String ID="STRING123" STYLEREFS="STYLE2" HEIGHT="60" WIDTH="68" HPOS="1015" VPOS="2929" CONTENT="re" SUBS_TYPE="HypPart2" SUBS_CONTENT="høiere" WC="0.81" LANG="dan"/>
							<SP ID="SP105" WIDTH="44" HPOS="1083" VPOS="2929"/>
							<String ID="STRING124" STYLEREFS="STYLE2" HEIGHT="102" WIDTH="464" HPOS="1127" VPOS="2905" CONTENT="Overveielse," WC="0.8" LANG="nob"/>
							<SP ID="SP106" WIDTH="34" HPOS="1591" VPOS="2905"/>
							<String ID="STRING125" STYLEREFS="STYLE2" HEIGHT="58" WIDTH="108" HPOS="1625" VPOS="2931" CONTENT="om" WC="0.5" LANG="dan"/>
							<SP ID="SP107" WIDTH="60" HPOS="1733" VPOS="2931"/>
							<String ID="STRING126" STYLEREFS="STYLE2" HEIGHT="74" WIDTH="206" HPOS="1793" VPOS="2915" CONTENT="denne" WC="0.86" LANG="dan"/>
							<SP ID="SP108" WIDTH="56" HPOS="1999" VPOS="2915"/>
							<String ID="STRING127" STYLEREFS="STYLE2" HEIGHT="74" WIDTH="80" HPOS="2055" VPOS="2931" CONTENT="og" WC="0.75" LANG="dan"/>
							<SP ID="SP109" WIDTH="44" HPOS="2135" VPOS="2931"/>
							<String ID="STRING128" STYLEREFS="STYLE2" HEIGHT="96" WIDTH="224" HPOS="2179" VPOS="2913" CONTENT="øvrige" WC="0.72" LANG="dan"/>
							<SP ID="SP110" WIDTH="44" HPOS="2403" VPOS="2913"/>
							<String ID="STRING129" STYLEREFS="STYLE2" HEIGHT="88" WIDTH="346" HPOS="2447" VPOS="2909" CONTENT="Bondens" WC="0.8" LANG="dan"/>
						</TextLine>
						<TextLine ID="LINE20" HEIGHT="102" WIDTH="1732" HPOS="1025" VPOS="3039">
							<String ID="STRING130" STYLEREFS="STYLE2" HEIGHT="98" WIDTH="332" HPOS="1025" VPOS="3039" CONTENT="brugende" WC="0.64" LANG="dan"/>
							<SP ID="SP111" WIDTH="20" HPOS="1357" VPOS="3039"/>
							<String ID="STRING131" STYLEREFS="STYLE2" HEIGHT="100" WIDTH="620" HPOS="1377" VPOS="3039" CONTENT="Næringsmaade," WC="0.78" LANG="dan"/>
							<SP ID="SP112" WIDTH="32" HPOS="1997" VPOS="3039"/>
							<String ID="STRING132" STYLEREFS="STYLE2" HEIGHT="94" WIDTH="136" HPOS="2029" VPOS="3041" CONTENT="som" WC="0.57" LANG="dan"/>
							<SP ID="SP113" WIDTH="44" HPOS="2165" VPOS="3041"/>
							<String ID="STRING133" STYLEREFS="STYLE2" HEIGHT="76" WIDTH="72" HPOS="2209" VPOS="3049" CONTENT="de" WC="0.77" LANG="dan"/>
							<SP ID="SP114" WIDTH="58" HPOS="2281" VPOS="3049"/>
							<String ID="STRING134" STYLEREFS="STYLE2" HEIGHT="66" WIDTH="154" HPOS="2339" VPOS="3059" CONTENT="rette" WC="0.9" LANG="dan"/>
							<SP ID="SP115" WIDTH="46" HPOS="2493" VPOS="3059"/>
							<String ID="STRING135" STYLEREFS="STYLE2" HEIGHT="98" WIDTH="218" HPOS="2539" VPOS="3043" CONTENT="Hand" SUBS_TYPE="HypPart1" SUBS_CONTENT="Handlende" WC="0.67" LANG="dan"/>
							<HYP CONTENT="-"/>
						</TextLine>
						<TextLine ID="LINE21" HEIGHT="96" WIDTH="1770" HPOS="1021" VPOS="3175">
							<String ID="STRING136" STYLEREFS="STYLE2" HEIGHT="78" WIDTH="182" HPOS="1021" VPOS="3175" CONTENT="lende" SUBS_TYPE="HypPart2" SUBS_CONTENT="Handlende" WC="0.91" LANG="dan"/>
							<SP ID="SP116" WIDTH="32" HPOS="1203" VPOS="3175"/>
							<String ID="STRING137" STYLEREFS="STYLE2" HEIGHT="60" WIDTH="66" HPOS="1235" VPOS="3193" CONTENT="er" WC="0.63" LANG="dan"/>
							<SP ID="SP117" WIDTH="36" HPOS="1301" VPOS="3193"/>
							<String ID="STRING138" STYLEREFS="STYLE2" HEIGHT="96" WIDTH="308" HPOS="1337" VPOS="3175" CONTENT="betagen," WC="0.77" LANG="dan"/>
							<SP ID="SP118" WIDTH="66" HPOS="1645" VPOS="3175"/>
							<String ID="STRING139" STYLEREFS="STYLE2" HEIGHT="80" WIDTH="130" HPOS="1711" VPOS="3175" CONTENT="kan" WC="0.76" LANG="dan"/>
							<SP ID="SP119" WIDTH="50" HPOS="1841" VPOS="3175"/>
							<String ID="STRING140" STYLEREFS="STYLE2" HEIGHT="62" WIDTH="172" HPOS="1891" VPOS="3193" CONTENT="være" WC="0.82" LANG="dan"/>
							<SP ID="SP120" WIDTH="32" HPOS="2063" VPOS="3193"/>
							<String ID="STRING141" STYLEREFS="STYLE5" HEIGHT="94" WIDTH="696" HPOS="2095" VPOS="3177" CONTENT="overeenssemmende" WC="0.83" LANG="dan"/>
						</TextLine>
						<TextLine ID="LINE22" HEIGHT="110" WIDTH="1772" HPOS="1017" VPOS="3295">
							<String ID="STRING142" STYLEREFS="STYLE2" HEIGHT="76" WIDTH="146" HPOS="1017" VPOS="3307" CONTENT="med" WC="0.61" LANG="dan"/>
							<SP ID="SP121" WIDTH="60" HPOS="1163" VPOS="3307"/>
							<String ID="STRING143" STYLEREFS="STYLE2" HEIGHT="94" WIDTH="524" HPOS="1223" VPOS="3295" CONTENT="Landmandens" WC="0.79" LANG="dan"/>
							<SP ID="SP122" WIDTH="50" HPOS="1747" VPOS="3295"/>
							<String ID="STRING144" STYLEREFS="STYLE2" HEIGHT="96" WIDTH="446" HPOS="1797" VPOS="3305" CONTENT="Oeconomie," WC="0.75" LANG="dan"/>
							<SP ID="SP123" WIDTH="64" HPOS="2243" VPOS="3305"/>
							<String ID="STRING145" STYLEREFS="STYLE2" HEIGHT="98" WIDTH="162" HPOS="2307" VPOS="3305" CONTENT="hvor" WC="0.68" LANG="dan"/>
							<SP ID="SP124" WIDTH="30" HPOS="2469" VPOS="3305"/>
							<String ID="STRING146" STYLEREFS="STYLE2" HEIGHT="78" WIDTH="18" HPOS="2499" VPOS="3309" CONTENT="i" WC="0.5" LANG="dan"/>
							<SP ID="SP125" WIDTH="38" HPOS="2517" VPOS="3309"/>
							<String ID="STRING147" STYLEREFS="STYLE2" HEIGHT="96" WIDTH="234" HPOS="2555" VPOS="3309" CONTENT="stæden" WC="0.77" LANG="dan"/>
						</TextLine>
						<TextLine ID="LINE23" HEIGHT="108" WIDTH="1780" HPOS="1011" VPOS="3429">
							<String ID="STRING148" STYLEREFS="STYLE2" HEIGHT="98" WIDTH="106" HPOS="1011" VPOS="3429" CONTENT="for" WC="0.61" LANG="dan"/>
							<SP ID="SP126" WIDTH="34" HPOS="1117" VPOS="3429"/>
							<String ID="STRING149" STYLEREFS="STYLE2" HEIGHT="96" WIDTH="370" HPOS="1151" VPOS="3433" CONTENT="beqvemme" WC="0.85" LANG="dan"/>
							<SP ID="SP127" WIDTH="38" HPOS="1521" VPOS="3433"/>
							<String ID="STRING150" STYLEREFS="STYLE2" HEIGHT="74" WIDTH="78" HPOS="1559" VPOS="3461" CONTENT="og" WC="0.66" LANG="dan"/>
							<SP ID="SP128" WIDTH="54" HPOS="1637" VPOS="3461"/>
							<String ID="STRING151" STYLEREFS="STYLE2" HEIGHT="94" WIDTH="246" HPOS="1691" VPOS="3441" CONTENT="duelige" WC="0.7" LANG="dan"/>
							<SP ID="SP129" WIDTH="46" HPOS="1937" VPOS="3441"/>
							<String ID="STRING152" STYLEREFS="STYLE2" HEIGHT="98" WIDTH="488" HPOS="1983" VPOS="3439" CONTENT="Jorddyrkere," WC="0.71" LANG="dan"/>
							<SP ID="SP130" WIDTH="72" HPOS="2471" VPOS="3439"/>
							<String ID="STRING153" STYLEREFS="STYLE2" HEIGHT="82" WIDTH="248" HPOS="2543" VPOS="3439" CONTENT="Landet" WC="0.81" LANG="dan"/>
						</TextLine>
						<TextLine ID="LINE24" HEIGHT="100" WIDTH="1744" HPOS="1013" VPOS="3569">
							<String ID="STRING154" STYLEREFS="STYLE2" HEIGHT="94" WIDTH="272" HPOS="1013" VPOS="3569" CONTENT="omsider" WC="0.65" LANG="dan"/>
							<SP ID="SP131" WIDTH="32" HPOS="1285" VPOS="3569"/>
							<String ID="STRING155" STYLEREFS="STYLE2" HEIGHT="80" WIDTH="92" HPOS="1317" VPOS="3569" CONTENT="vil" WC="0.84" LANG="dan"/>
							<SP ID="SP132" WIDTH="36" HPOS="1409" VPOS="3569"/>
							<String ID="STRING156" STYLEREFS="STYLE2" HEIGHT="98" WIDTH="300" HPOS="1445" VPOS="3569" CONTENT="opfyldes" WC="0.78" LANG="dan"/>
							<SP ID="SP133" WIDTH="40" HPOS="1745" VPOS="3569"/>
							<String ID="STRING157" STYLEREFS="STYLE2" HEIGHT="76" WIDTH="144" HPOS="1785" VPOS="3577" CONTENT="med" WC="0.78" LANG="dan"/>
							<SP ID="SP134" WIDTH="36" HPOS="1929" VPOS="3577"/>
							<String ID="STRING158" STYLEREFS="STYLE2" HEIGHT="94" WIDTH="236" HPOS="1965" VPOS="3575" CONTENT="deslige" WC="0.74" LANG="dan"/>
							<SP ID="SP135" WIDTH="34" HPOS="2201" VPOS="3575"/>
							<String ID="STRING159" STYLEREFS="STYLE2" HEIGHT="100" WIDTH="360" HPOS="2235" VPOS="3569" CONTENT="orkeslose," WC="0.7" LANG="dan"/>
							<SP ID="SP136" WIDTH="60" HPOS="2595" VPOS="3569"/>
							<String ID="STRING160" STYLEREFS="STYLE2" HEIGHT="96" WIDTH="102" HPOS="2655" VPOS="3569" CONTENT="for" SUBS_TYPE="HypPart1" SUBS_CONTENT="fordrukne" WC="0.65" LANG="dan"/>
							<HYP CONTENT="-"/>
						</TextLine>
						<TextLine ID="LINE25" HEIGHT="105" WIDTH="1668" HPOS="1009" VPOS="3697">
							<String ID="STRING161" STYLEREFS="STYLE2" HEIGHT="86" WIDTH="250" HPOS="1009" VPOS="3697" CONTENT="drukne" SUBS_TYPE="HypPart2" SUBS_CONTENT="fordrukne" WC="0.63" LANG="dan"/>
							<SP ID="SP137" WIDTH="34" HPOS="1259" VPOS="3697"/>
							<String ID="STRING162" STYLEREFS="STYLE2" HEIGHT="78" WIDTH="84" HPOS="1293" VPOS="3719" CONTENT="og" WC="0.31" LANG="dan"/>
							<SP ID="SP138" WIDTH="32" HPOS="1377" VPOS="3719"/>
							<String ID="STRING163" STYLEREFS="STYLE2" HEIGHT="100" WIDTH="302" HPOS="1409" VPOS="3701" CONTENT="ffadelige" WC="0.76" LANG="dan"/>
							<SP ID="SP139" WIDTH="46" HPOS="1711" VPOS="3701"/>
							<String ID="STRING164" STYLEREFS="STYLE2" HEIGHT="101" WIDTH="526" HPOS="1757" VPOS="3701" CONTENT="Landprangere." WC="0.73" LANG="dan"/>
							<SP ID="SP140" WIDTH="184" HPOS="2283" VPOS="3701"/>
							<String ID="STRING165" STYLEREFS="STYLE2" HEIGHT="86" WIDTH="210" HPOS="2467" VPOS="3703" CONTENT="Saa-" WC="0.7" LANG="dan"/>
						</TextLine>
					</TextBlock>
					<Illustration xs:type="IllustrationType" ID="ZONE1146664" HEIGHT="508" WIDTH="2120" HPOS="800" VPOS="3802" xlink:type="simple"/>
				</ComposedBlock>
			</PrintSpace>
		</Page>
	</Layout>
</alto>
