2974 4501
1976 435 56 80 I

300 632 476 100 Ubændighed,
844 645 74 66 at
978 633 78 78 de
1112 627 122 98 har
1290 622 188 100 fattet
1542 628 102 76 det
1696 619 338 100 ugudelige

300 760 285 102 Forsæt,
650 772 73 66 at
764 759 315 92 ødelægge
1120 755 21 74 i
1182 749 253 87 Grund
1480 754 119 76 den
1650 746 153 98 heele
1844 743 191 98 Bye,

297 895 110 77 der
443 882 232 102 visselig
717 882 90 81 vil
847 899 162 76 gaae
1047 873 102 96 for
1191 877 118 97 sig,
1345 874 244 94 dersom
1625 878 102 78 det
1757 869 120 84 ikke
1901 889 132 78 paa

293 1030 206 76 nogen
551 1004 248 94 Slags
855 1001 258 84 Maade
1173 995 426 98 forekommes
1659 996 206 82 baade
1915 995 122 80 ved

293 1129 222 89 Guds
559 1150 84 78 og
685 1123 428 96 Menneffens
1151 1121 220 100 Hielp.
1495 1118 132 86 Ald
1667 1124 120 78 den
1833 1115 180 102 Vigi-

293 1259 179 75 lance
527 1274 83 76 og
663 1247 415 100 Bestræbelse
1141 1243 83 100 af
1275 1244 619 98 Stiftamtmanden
1957 1263 83 76 og

294 1371 374 99 Magistrat
718 1370 124 83 kan
892 1369 122 80 ikke
1072 1373 128 90 dog
1257 1363 272 99 forslaae
1592 1368 70 80 til
1722 1381 74 66 at
1856 1367 182 82 holde

286 1493 210 79 denne
536 1490 254 96 rasende
814 1491 224 100 Pøbel
1076 1493 20 76 i
1122 1485 318 99 Tømme;
1482 1490 170 80 deels
1686 1482 356 101 formedelst

296 1613 108 77 det
460 1614 246 96 daglige
764 1609 380 98 Masquepie
1200 1615 264 75 imellem
1518 1616 142 76 dem
1714 1630 82 77 og
1858 1615 184 74 deres

296 1732 321 94 gevorbne
658 1732 457 97 Landsmænd,
1162 1730 199 97 hvilke
1404 1732 123 80 nok
1568 1734 223 96 holdes
1838 1733 201 78 under

291 1850 134 90 god
465 1842 400 101 Discipline,
921 1867 146 60 men
1107 1849 122 80 kan
1273 1854 126 90 dog
1445 1848 126 80 ikke
1609 1846 430 98 forekommes

277 1970 132 74 alle
449 1964 410 99 Jnsolencer,
929 1971 148 94 helst
1119 1975 74 74 de
1247 1973 120 93 har
1403 1972 306 100 Pøbelen
1767 1995 132 74 paa
1941 1977 100 94 sin

289 2077 228 99 Side;
561 2084 170 78 deels
773 2104 80 75 og
879 2081 354 98 formedelst
1271 2094 102 72 det
1409 2090 400 95 almindelige
1835 2089 170 84 Med-

293 2195 155 99 hold
481 2248 21 44 ,
567 2198 133 90 som
755 2206 119 75 den
937 2207 157 92 heele
1149 2205 225 96 Pøbel
1427 2228 81 74 og
1567 2212 121 76 den
1749 2229 283 78 gemeene

294 2315 232 85 Mand
582 2318 88 96 fik
724 2327 152 74 mod
928 2323 394 96 Øvrigheds
1360 2326 324 100 Personer
1740 2337 118 74 ved
1916 2335 120 76 den

292 2434 294 96 opsendte
604 2436 470 101 Commission,
1116 2443 134 92 som
1294 2450 232 76 derved
1572 2446 182 92 heller
1792 2443 244 104 stiftede

288 2562 122 76 end
470 2560 228 92 stillede
760 2556 284 103 Oprør;
1112 2565 92 96 thi
1258 2580 70 66 at
1380 2566 142 96 give
1580 2570 118 78 den
1754 2591 286 74 gemrene

290 2681 231 81 Mand
568 2678 103 96 for
714 2701 203 80 meget
958 2685 287 96 Tøyelen
1286 2694 153 76 mod
1482 2686 379 103 Øvrighed,
1914 2693 123 84 blir

291 2821 78 59 en
409 2804 128 92 stor
579 2802 382 98 Feyltagelse
1019 2813 152 76 mod
1213 2807 330 103 Politien,
1603 2834 82 74 og
1729 2815 100 94 gir
1867 2817 170 88 flette

291 2915 256 85 Sviter
585 2918 82 96 as
701 2922 92 97 sig
833 2921 102 96 for
975 2943 58 64 et
1069 2927 200 97 Land,
1311 2926 134 94 som
1487 2930 204 96 haves
1721 2929 286 98 Erfaren-

287 3037 126 97 hed
451 3040 80 96 af
569 3040 208 82 baade
821 3043 228 86 blandt
1089 3057 192 73 vores
1327 3070 82 76 og
1447 3056 200 76 andre
1685 3050 350 89 Nationer.

287 3153 153 85 Vel
499 3158 121 80 kan
681 3178 159 63 man
903 3167 343 96 paastaae,
1303 3172 109 78 der
1473 3168 203 84 kunde
1729 3179 119 76 den
1899 3173 133 90 Tid

288 3291 194 67 været
522 3278 390 100 Feyltagelse
962 3285 20 78 i
1024 3281 648 103 Omgangsmaaden
1722 3293 78 98 af
1830 3319 74 58 en
1944 3323 84 72 og

286 3398 212 80 anden
548 3394 398 105 Øvrigheds
992 3399 292 105 Person,
1350 3426 144 64 men
1552 3414 112 80 der
1716 3412 138 87 blev
1904 3421 124 94 vist

1086 3519 70 92 A
1200 3545 40 74 5
1904 3537 126 86 nok
