2790 4447
1859 372 69 95 7

237 593 137 76 paa
425 584 73 70 at
549 569 65 96 jo
663 572 236 72 Cicero
949 574 205 92 haver
1203 572 221 96 herom
1479 572 269 98 handlet
1779 576 21 80 i
1833 576 95 94 sin

230 672 513 106 Republiu
762 674 258 96 hvoraf
1044 679 68 76 vi
1154 675 190 81 ikkun
1378 677 166 94 have
1564 685 190 86 nogle
1776 674 154 94 faae

232 774 357 93 Levninger
641 776 304 80 tilovers.
1050 772 221 101 Hans
1309 785 208 73 andre
1566 776 361 97 Skrifter,

226 879 121 88 eg-
393 884 121 68 den
603 873 277 94 gandffe
955 874 447 97 Antiquitæts
1485 880 445 97 eenstemmige

230 972 470 95 Vidnesbyrd
754 974 130 81 kan
930 980 52 76 ei
1028 987 199 72 andet
1266 985 119 74 end
1438 979 227 96 bringe
1714 990 83 70 os
1852 981 79 80 til

231 1072 312 98 hoyligen
591 1089 74 66 at
713 1074 262 104 beklage
1025 1084 168 75 dette
1239 1076 186 96 Tab.
1531 1082 180 73 Plato
1745 1082 22 80 i
1797 1082 134 92 fine

229 1176 239 94 herlige
517 1171 301 86 Værker
884 1198 124 60 om
1055 1176 535 99 Republiquen,
1668 1201 84 77 vg
1816 1198 116 63 om

228 1272 293 95 Lovene,
580 1277 205 90 haver
834 1286 97 72 vel
980 1300 81 75 og
1110 1296 195 80 noget
1338 1283 107 92 hid
1478 1279 451 99 henhørende,

231 1395 152 60 men
427 1382 127 87 dog
593 1375 268 94 hverken
899 1379 112 91 saa
1047 1396 255 86 meget,
1345 1385 54 80 ei
1439 1381 192 101 heller
1669 1383 116 96 saa
1821 1402 84 64 or-

226 1478 250 94 dentlig
520 1477 134 92 som
698 1475 400 94 Ariftoteles*

385 1704 173 90 Den
597 1710 263 89 private
889 1709 411 89 Oeconomie
1331 1717 21 78 i
1385 1737 73 58 en
1493 1718 113 82 vid
1631 1713 295 102 Mening

226 1806 123 97 har
402 1826 69 60 at
528 1807 231 95 bestille
812 1819 145 75 med
1012 1814 481 100 Cvmmercen,
1545 1815 353 93 Maria-fat-

221 1911 223 85 turer,
501 1906 730 104 Jord-Dyrkningen,
1291 1914 350 99 Fifferier,
1693 1915 208 98 Berg-

222 2009 242 78 værker
504 2031 80 60 rc.
685 2008 107 98 Jo
833 2015 149 92 flere
1002 2012 472 97 Videnskaber
1570 2018 132 91 som

526 2107 317 87 Natural
864 2145 21 36 -
908 2111 345 99 Historien
1291 2168 22 42 ,
1386 2119 539 95 Geographien,

221 2206 531 98 Metallurgien,
831 2211 551 106 Mineralogien,
1453 2217 335 96 Chymien
1839 2240 81 57 rc.

224 2316 78 67 en
352 2310 322 92 besidder,
724 2312 66 92 jo
848 2313 188 81 bedre
1082 2337 66 60 er
1200 2318 140 96 han
1372 2321 22 78 i
1428 2317 262 87 Stand
1730 2322 76 78 til
1852 2331 76 68 at

224 2409 183 78 drive
447 2418 426 77 ovenmældte
912 2409 215 106 Ting.

368 2644 175 86 Den
608 2650 317 97 publique
974 2650 415 85 Oeconomke
1446 2655 123 97 har
1626 2659 21 80 i
1686 2675 77 63 en
1806 2658 117 83 vid

221 2740 297 101 Mening
565 2760 142 68 med
755 2758 74 73 de
865 2755 244 90 samme
1159 2751 185 100 Ting
1391 2775 72 61 at
1509 2762 221 88 giore,
1791 2764 133 89 dog

220 2851 148 68 med
400 2856 118 69 den
544 2847 346 96 Forffiæl,
948 2870 72 62 at
1052 2863 88 72 da
1174 2865 122 67 den
1332 2861 260 86 private
1634 2861 120 86 seer
1792 2858 134 77 kun

218 2960 139 75 paa
414 2950 91 86 sin
562 2969 151 72 egen
764 2946 323 99 Fordeel,
1152 2955 111 90 saa
1330 2977 163 58 maa
1552 2966 119 68 den
1726 2959 17 77 i
1802 2964 125 71 den

217 3045 317 91 publique
593 3057 267 82 lampes
929 3056 73 74 til
1073 3061 109 72 det
1235 3059 463 90 almindeliges
1755 3054 141 98 For-

214 3146 172 88 deel,
446 3142 254 98 hvoraf
740 3149 296 92 udspirer
1092 3173 74 54 en
1205 3150 394 95 Videnskab
1648 3175 110 61 om
1804 3154 88 96 Fi-

213 3260 242 65 nanccr
499 3253 146 71 eller
698 3248 631 98 Cameral-Sager.
1445 3255 238 97 Heraf
1717 3275 64 61 er
1817 3264 108 71 det

213 3330 209 106 klart,
479 3365 73 60 ar
593 3357 101 69 det
737 3348 419 97 Collegium,
1217 3354 91 92 thi
1359 3375 105 58 een
1505 3356 237 81 Mand
1793 3356 129 78 kan

212 3446 289 95 umuelig
556 3445 319 101 forestaae
934 3458 97 74 alt
1090 3459 219 91 dette',
1392 3457 133 92 som
1590 3456 123 99 har
1772 3467 147 68 med

1001 3548 170 101 A4
1655 3555 266 98 Finan-
