2887 4571
1571 326 94 68 47

152 538 213 86 kiendt
412 533 177 97 Rige
628 528 137 97 fom
816 527 127 103 har
990 533 177 78 leved
1212 527 307 100 tarvelig,
1582 546 87 80 og

153 692 80 76 de
265 684 132 93 som
429 677 158 104 have
619 675 144 100 haft
791 674 152 102 visse
973 675 470 98 Indkomster,
1477 673 196 98 ffiønr

158 829 392 95 maadelige,
616 837 74 68 at
724 821 256 84 komme
1016 827 90 74 ud
1156 823 20 78 i
1208 828 158 88 dyre
1402 815 272 105 Tuder;

155 972 218 97 Dog,
413 981 104 72 det
549 990 64 62 er
643 969 126 82 ikke
805 967 294 97 Sagen!
1165 965 196 85 Skal
1395 963 282 84 Landets

155 1116 275 100 Handel
480 1136 84 76 og
605 1124 127 71 den
778 1113 410 94 almindelige
1229 1105 319 102 Velfærd
1589 1118 91 72 da

152 1260 189 104 heller
370 1263 167 94 ligge
566 1263 257 77 under?
864 1254 197 88 Skal
1080 1257 363 93 Mængden
1470 1256 185 80 ruine-

157 1418 153 87 res,
371 1403 108 98 for
529 1418 72 70 at
647 1401 324 97 soulagere
1015 1407 74 72 de
1135 1393 187 103 faae,
1381 1393 134 96 som
1559 1389 88 88 ud-

159 1527 598 120 gioresBetienrere
374 1547 384 88 Betientere
786 1566 80 74 og
902 1542 460 98 Capitalister,
1426 1559 110 62 om
1564 1548 114 72 der

171 1714 84 78 og
283 1712 126 61 var
437 1698 202 90 noged
669 1695 154 78 reelt
853 1692 20 78 i
903 1696 184 74 deres
1115 1685 412 101 Paastand?
1583 1682 98 88 At

173 1838 533 94 Bancosedlerne
729 1835 183 95 jager
941 1840 121 74 den
1081 1829 329 97 klingende
1427 1827 265 103 Myndt

170 1980 79 102 af
266 1982 273 96 Landet,
602 1978 195 100 høres
838 1998 95 60 nu
978 1977 125 81 ikke
1146 1979 21 78 i
1200 1974 277 97 Norge:
1548 1972 139 90 De

173 2150 69 60 er
273 2130 297 79 allereede
603 2143 137 79 paa
769 2129 107 75 det
909 2123 327 97 nærmeste
1263 2126 161 91 ude,
1475 2121 215 81 baade

180 2272 342 95 Myndten
552 2286 82 78 og
668 2265 374 98 Sedlerne,
1074 2261 116 96 saa
1216 2282 76 62 at
1320 2272 122 71 den
1476 2263 218 97 Sorg

187 2436 66 62 er
327 2413 292 99 flukked;
711 2411 174 82 Men
953 2401 179 105 skulle
1203 2404 110 100 her
1393 2407 166 82 blive
1617 2426 80 62 en

196 2558 304 97 Banqve
548 2558 22 80 i
612 2554 276 99 Norge,
962 2560 90 75 da
1100 2554 274 96 opstiger
1414 2551 120 99 vist
1578 2546 128 86 nok

184 2712 123 74 den
338 2701 421 97 Bekymring
800 2718 137 78 paa
980 2719 139 76 nye.
1183 2692 120 89 At
1332 2692 367 98 Mængden

187 2844 81 102 af
301 2844 371 100 Menniffer
703 2845 355 93 raisonerer
1103 2839 155 101 saa,
1319 2844 185 95 eller,
1561 2836 141 96 som

182 2998 130 76 den
354 2989 262 90 Blinde
660 3009 108 62 om
810 2983 379 103 Farverne,
1266 3004 66 64 er
1386 2981 126 86 ikke
1570 2980 104 98 for-

189 3137 340 99 underlig;
623 3132 176 83 Men
851 3150 74 66 ar
975 3152 274 76 mange,
1313 3128 136 96 som
1499 3127 206 83 burde

190 3296 166 72 være
392 3297 166 69 oven
600 3276 106 108 for
746 3285 124 80 den
916 3272 260 107 Classe,
1238 3292 68 66 er
1348 3269 78 98 af
1460 3271 244 94 samme

1392 3415 189 88 Mee-
