2800 4456
1791 347 115 93 23

195 569 154 86 der,
403 577 80 78 og
519 561 200 80 andet
777 557 336 94 saadanr,
1169 553 138 96 som
1357 551 192 98 hvert
1579 553 158 86 Aar
1779 553 102 94 fal-

199 671 114 72 der
367 661 122 90 for.
597 659 156 86 Vel
821 659 214 76 kunde
1095 655 228 82 Steen
1343 655 364 86 »Giærder
1759 675 140 74 paa

197 767 126 84 sine
361 761 292 88 Stæder
705 761 260 92 sættes,
1019 775 150 60 men
1219 767 104 70 det
1357 777 64 58 er
1463 754 405 103 baade-beko-

193 863 208 93 seligt

1717 755 152 82 beko-

193 865 210 90 steligt
435 881 82 74 og
551 861 406 94 besværligt,
1019 877 82 72 og
1137 877 136 74 paa
1309 877 240 74 mange
1583 855 320 92 Stæder,

193 961 168 96 hvor
411 971 112 68 der
571 981 100 58 ere
709 961 292 90 Myrer,
1059 957 130 80 kan
1237 969 76 66 de
1365 961 296 90 umuelig
1693 957 204 90 staae.

189 1061 244 82 Siden
497 1059 128 96 stal
685 1057 194 98 Høet
923 1057 386 90 indsamles.
1417 1055 324 88 Dermed
1796 1056 73 77 be-

185 1158 293 97 gyndte-3
511 1181 138 74 paa
681 1161 142 76 min
861 1157 260 84 Gaard
1161 1177 192 72 1757
1385 1163 122 72 den
1541 1181 86 48 21
1664 1152 238 96 Juni-,

189 1283 86 74 og
343 1263 144 76 blev
545 1263 78 74 til
685 1255 194 88 Ende
937 1257 204 92 bragt
1207 1265 124 68 den
1403 1271 84 68 18
1545 1253 356 98 Augusti;

197 1373 194 76 1758
447 1369 122 68 den
615 1383 88 64 19
741 1355 236 96 Julii,
1035 1375 82 72 og
1161 1357 72 76 til
1281 1353 192 84 Ende
1515 1363 122 70 den
1673 1377 44 66 9
1754 1352 113 79 Au-

195 1460 171 95 gusi
405 1477 20 76 ;
505 1479 186 70 1759
749 1465 120 68 den
925 1459 174 88 23de
1149 1451 240 98 Julii,
1445 1475 84 74 og
1581 1457 74 76 ril
1701 1449 198 88 Ende

191 1565 124 72 den
363 1581 84 64 17
487 1553 322 96 Augusti;
877 1561 190 84 1760
1115 1563 122 68 den
1273 1581 86 48 21
1401 1553 228 96 Julii,
1687 1575 84 70 og
1817 1555 82 78 til

189 1655 190 88 Ende
417 1667 120 66 den
579 1679 98 50 20
715 1653 336 98 Augusti;
1119 1661 182 86 1761
1353 1663 124 70 den
1527 1679 92 68 14
1657 1651 238 96 Julii,

187 1779 86 72 og
309 1761 70 74 til
399 1749 190 90 Ende
623 1765 122 66 den
783 1779 48 66 7
867 1751 314 96 Augusti.
1287 1755 246 94 Neppe
1565 1755 124 92 har
1727 1773 166 60 man

185 1857 194 94 Høer
441 1861 146 74 inde
647 1853 236 90 førend
947 1875 164 56 man
1173 1875 162 58 maa
1393 1875 150 76 tage
1597 1855 104 86 far
1751 1873 140 68 paa

185 1955 316 92 Kornet,
561 1957 132 90 som
757 1953 110 96 her
903 1959 50 72 ei
1013 1953 302 96 afmeyes
1361 1971 144 70 med
1541 1955 144 90 Lee,
1739 1973 152 58 men

185 2057 328 88 afffiæres
559 2065 144 70 med
757 2055 256 92 Segl,
1097 2051 372 102 formedelst
1519 2069 76 66 de
1643 2075 248 72 mange

187 2157 430 92 Ujævnheder
661 2157 134 88 som
843 2153 110 96 her
991 2153 438 96 forekomme,
1489 2179 82 72 og
1605 2177 140 72 paa
1781 2161 110 70 det

189 2259 164 76 intet
409 2255 124 90 stal
577 2255 276 92 spildes,
913 2275 148 56 men
1097 2259 290 90 hvorved
1429 2255 434 98 Jndhøftnin-

189 2375 124 76 gen
369 2375 208 74 gaaer
623 2355 478 94 langsommere
1145 2367 122 68 end
1313 2363 20 72 i
1387 2353 500 90 Dannemark.

185 2455 304 98 Hermed
557 2455 364 94 begyndres
981 2475 136 72 paa
1181 2461 142 74 min
1379 2459 260 82 Gaard
1697 2474 193 70 1757

187 2563 122 72 den
353 2571 80 70 18
475 2553 332 100 Augusti,
861 2575 82 80 og
993 2559 144 74 blev
1173 2559 76 78 til
1287 2555 192 86 Ende
1531 2559 200 90 bragt
1761 2563 128 70 den

189 2665 96 68 26
341 2659 460 94 September;
865 2669 182 76 1758
1089 2667 122 66 ven
1265 2683 90 52 21
1411 2657 334 94 Augusti,
1799 2671 88 78 og

189 2759 80 76 til
313 2755 190 84 Ende
561 2765 126 72 den
749 2781 84 48 12
881 2753 470 104 September;
1429 2779 186 70 1759
1663 2763 122 70 den
1845 2779 34 48 1

189 2855 420 90 September
635 2905 22 46 ,
715 2879 82 74 og
839 2859 70 74 til
949 2853 194 86 Ende
1181 2863 122 72 den
1339 2875 136 76 2;;
1541 2861 188 84 1760
1759 2863 128 70 dm

186 2979 91 49 21
323 2955 326 94 Augusti,
707 2975 84 76 og
827 2959 72 74 til
921 2953 194 86 Ende
1151 2967 124 68 den
1317 2983 82 46 12
1423 2953 466 98 September;

189 3063 180 84 1761
425 3067 122 68 den
605 3081 80 48 ii
727 3055 330 96 Augusti,
1113 3081 82 70 og
1235 3061 74 74 til
1357 3055 194 86 Ende
1601 3059 120 72 den
1765 3077 120 70 31.

181 3151 416 100 Imidlertid
647 3177 82 72 og
767 3157 172 90 siden
995 3157 232 92 holdes
1257 3177 136 74 paa
1432 3150 422 96 naar-Anlig-

182 3252 117 101 hed

1639 3151 216 96 Leylig-

183 3255 116 92 hed
335 3257 188 94 gives
575 3271 74 60 at
697 3263 156 72 løve
895 3255 362 98 Træerne,
1303 3267 106 68 ver
1445 3279 64 54 er
1543 3269 74 64 at
1653 3251 232 96 plukke

181 3353 220 84 Løven
459 3355 80 96 af
587 3355 150 96 visse
791 3353 274 96 Træer,
1125 3359 234 94 nemlig
1409 3355 236 92 Silje,
1701 3351 182 84 Røn

186 3475 82 79 Dig
307 3457 218 86 Older
569 3461 146 76 eller
753 3451 194 102 Elle,
1007 3455 158 90 hvis
1199 3457 238 86 Blade
1463 3457 420 84 Creamrene

1011 3555 88 86 B
1151 3583 52 72 4
1659 3559 224 92 gierne
