<?xml version="1.0" encoding="utf-8"?>
<alto xmlns="http://www.loc.gov/standards/alto/ns-v3#" xmlns:xs="http://www.w3.org/2001/XMLSchema-instance" xmlns:xlink="http://www.w3.org/1999/xlink">
	<Description>
		<MeasurementUnit>pixel</MeasurementUnit>
		<sourceImageInformation>
			<fileName>130017168283_1_011_001_017.tif</fileName>
		</sourceImageInformation>
		<OCRProcessing ID="OCR1">
			<ocrProcessingStep>
				<processingDateTime>2018-09-13</processingDateTime>
				<processingAgency>Zissor AS</processingAgency>
				<processingStepSettings>Combined OCR</processingStepSettings>
				<processingSoftware>
					<softwareCreator>Zissor AS</softwareCreator>
					<softwareName>ContentOCR-11; ContentOCR-Tesseract</softwareName>
					<softwareVersion>2.0.2; 2.0.0</softwareVersion>
					<applicationDescription>OCR Component for Zissor Content System</applicationDescription>
				</processingSoftware>
			</ocrProcessingStep>
		</OCRProcessing>
	</Description>
	<Styles>
		<TextStyle ID="STYLE1" FONTFAMILY="Times New Roman" FONTSIZE="13" FONTSTYLE="bold"/>
		<TextStyle ID="STYLE2" FONTFAMILY="Times New Roman" FONTSIZE="14" FONTSTYLE=""/>
		<TextStyle ID="STYLE3" FONTFAMILY="Arial" FONTSIZE="11" FONTSTYLE=""/>
		<TextStyle ID="STYLE4" FONTFAMILY="Arial" FONTSIZE="13" FONTSTYLE=""/>
		<TextStyle ID="STYLE5" FONTFAMILY="Arial" FONTSIZE="12" FONTSTYLE=""/>
	</Styles>
	<Layout>
		<Page ID="PAGE17" HEIGHT="4475" WIDTH="2790" PHYSICAL_IMG_NR="17" PROCESSING="OCR1" PC="0.73">
			<TopMargin HEIGHT="336" WIDTH="2790" HPOS="0" VPOS="0"/>
			<LeftMargin HEIGHT="3287" WIDTH="199" HPOS="0" VPOS="336"/>
			<RightMargin HEIGHT="3287" WIDTH="864" HPOS="1926" VPOS="336"/>
			<BottomMargin HEIGHT="850" WIDTH="2790" HPOS="0" VPOS="3625"/>
			<PrintSpace ID="PRINTSPACE1" HEIGHT="3287" WIDTH="1725" HPOS="200" VPOS="337">
				<ComposedBlock xs:type="ComposedBlockType" ID="ARTICLE110094" HEIGHT="3287" WIDTH="1725" HPOS="200" VPOS="337" xlink:type="simple">
					<TextBlock xs:type="TextBlockType" ID="ZONE1144287" HEIGHT="91" WIDTH="116" HPOS="1807" VPOS="337" xlink:type="simple">
						<TextLine ID="LINE1" HEIGHT="89" WIDTH="116" HPOS="1807" VPOS="338">
							<String ID="STRING1" STYLEREFS="STYLE1" HEIGHT="89" WIDTH="116" HPOS="1807" VPOS="338" CONTENT="i?" WC="0.19" LANG="dan"/>
						</TextLine>
					</TextBlock>
					<TextBlock xs:type="TextBlockType" ID="ZONE1144288" HEIGHT="1905" WIDTH="1725" HPOS="200" VPOS="535" xlink:type="simple">
						<TextLine ID="LINE2" HEIGHT="116" WIDTH="1708" HPOS="212" VPOS="536">
							<String ID="STRING2" STYLEREFS="STYLE2" HEIGHT="102" WIDTH="430" HPOS="212" VPOS="550" CONTENT="Pyreneerne" WC="0.79" LANG="nob"/>
							<SP ID="SP1" WIDTH="46" HPOS="642" VPOS="550"/>
							<String ID="STRING3" STYLEREFS="STYLE2" HEIGHT="78" WIDTH="82" HPOS="688" VPOS="569" CONTENT="og" WC="0.78" LANG="dan"/>
							<SP ID="SP2" WIDTH="36" HPOS="770" VPOS="569"/>
							<String ID="STRING4" STYLEREFS="STYLE2" HEIGHT="97" WIDTH="296" HPOS="806" VPOS="545" CONTENT="Alperne" WC="0.52" LANG="dan"/>
							<SP ID="SP3" WIDTH="48" HPOS="1102" VPOS="545"/>
							<String ID="STRING5" STYLEREFS="STYLE2" HEIGHT="78" WIDTH="166" HPOS="1150" VPOS="548" CONTENT="tiene" WC="0.78" LANG="nob"/>
							<SP ID="SP4" WIDTH="36" HPOS="1316" VPOS="548"/>
							<String ID="STRING6" STYLEREFS="STYLE2" HEIGHT="96" WIDTH="252" HPOS="1352" VPOS="543" CONTENT="herpaa" WC="0.73" LANG="dan"/>
							<SP ID="SP5" WIDTH="50" HPOS="1604" VPOS="543"/>
							<String ID="STRING7" STYLEREFS="STYLE2" HEIGHT="78" WIDTH="78" HPOS="1654" VPOS="544" CONTENT="til" WC="0.63" LANG="dan"/>
							<SP ID="SP6" WIDTH="34" HPOS="1732" VPOS="544"/>
							<String ID="STRING8" STYLEREFS="STYLE2" HEIGHT="90" WIDTH="154" HPOS="1766" VPOS="536" CONTENT="Be»" WC="0.91" LANG="nob"/>
						</TextLine>
						<TextLine ID="LINE3" HEIGHT="107" WIDTH="1708" HPOS="208" VPOS="642">
							<String ID="STRING9" STYLEREFS="STYLE2" HEIGHT="86" WIDTH="188" HPOS="208" VPOS="660" CONTENT="viis," WC="0.75" LANG="dan"/>
							<SP ID="SP7" WIDTH="62" HPOS="396" VPOS="660"/>
							<String ID="STRING10" STYLEREFS="STYLE2" HEIGHT="75" WIDTH="84" HPOS="458" VPOS="674" CONTENT="og" WC="0.8" LANG="dan"/>
							<SP ID="SP8" WIDTH="56" HPOS="542" VPOS="674"/>
							<String ID="STRING11" STYLEREFS="STYLE2" HEIGHT="70" WIDTH="124" HPOS="598" VPOS="661" CONTENT="end" WC="0.76" LANG="dan"/>
							<SP ID="SP9" WIDTH="50" HPOS="722" VPOS="661"/>
							<String ID="STRING12" STYLEREFS="STYLE2" HEIGHT="61" WIDTH="172" HPOS="772" VPOS="670" CONTENT="meer" WC="0.66" LANG="dan"/>
							<SP ID="SP10" WIDTH="48" HPOS="944" VPOS="670"/>
							<String ID="STRING13" STYLEREFS="STYLE2" HEIGHT="80" WIDTH="234" HPOS="992" VPOS="648" CONTENT="Åndes" WC="0.71" LANG="dan"/>
							<SP ID="SP11" WIDTH="52" HPOS="1226" VPOS="648"/>
							<String ID="STRING14" STYLEREFS="STYLE2" HEIGHT="74" WIDTH="18" HPOS="1278" VPOS="649" CONTENT="i" WC="1" LANG="dan"/>
							<SP ID="SP12" WIDTH="54" HPOS="1296" VPOS="649"/>
							<String ID="STRING15" STYLEREFS="STYLE2" HEIGHT="100" WIDTH="242" HPOS="1350" VPOS="643" CONTENT="Peru," WC="0.63" LANG="dan"/>
							<SP ID="SP13" WIDTH="72" HPOS="1592" VPOS="643"/>
							<String ID="STRING16" STYLEREFS="STYLE2" HEIGHT="100" WIDTH="252" HPOS="1664" VPOS="642" CONTENT="hvilke," WC="0.74" LANG="dan"/>
						</TextLine>
						<TextLine ID="LINE4" HEIGHT="104" WIDTH="1708" HPOS="208" VPOS="743">
							<String ID="STRING17" STYLEREFS="STYLE2" HEIGHT="92" WIDTH="330" HPOS="208" VPOS="754" CONTENT="endstiøm" WC="0.76" LANG="dan"/>
							<SP ID="SP14" WIDTH="46" HPOS="538" VPOS="754"/>
							<String ID="STRING18" STYLEREFS="STYLE2" HEIGHT="70" WIDTH="76" HPOS="584" VPOS="761" CONTENT="de" WC="0.63" LANG="dan"/>
							<SP ID="SP15" WIDTH="34" HPOS="660" VPOS="761"/>
							<String ID="STRING19" STYLEREFS="STYLE2" HEIGHT="92" WIDTH="170" HPOS="694" VPOS="755" CONTENT="ligge" WC="0.59" LANG="dan"/>
							<SP ID="SP16" WIDTH="38" HPOS="864" VPOS="755"/>
							<String ID="STRING20" STYLEREFS="STYLE2" HEIGHT="74" WIDTH="20" HPOS="902" VPOS="754" CONTENT="i" WC="0.67" LANG="dan"/>
							<SP ID="SP17" WIDTH="36" HPOS="922" VPOS="754"/>
							<String ID="STRING21" STYLEREFS="STYLE2" HEIGHT="76" WIDTH="208" HPOS="958" VPOS="766" CONTENT="meget" WC="0.58" LANG="dan"/>
							<SP ID="SP18" WIDTH="40" HPOS="1166" VPOS="766"/>
							<String ID="STRING22" STYLEREFS="STYLE2" HEIGHT="60" WIDTH="234" HPOS="1206" VPOS="765" CONTENT="varme" WC="0.81" LANG="dan"/>
							<SP ID="SP19" WIDTH="30" HPOS="1440" VPOS="765"/>
							<String ID="STRING23" STYLEREFS="STYLE2" HEIGHT="82" WIDTH="216" HPOS="1470" VPOS="743" CONTENT="Lande" WC="0.75" LANG="dan"/>
							<SP ID="SP20" WIDTH="20" HPOS="1686" VPOS="743"/>
							<String ID="STRING24" STYLEREFS="STYLE2" HEIGHT="38" WIDTH="20" HPOS="1706" VPOS="796" CONTENT="," WC="0.9" LANG="dan"/>
							<SP ID="SP21" WIDTH="60" HPOS="1726" VPOS="796"/>
							<String ID="STRING25" STYLEREFS="STYLE2" HEIGHT="85" WIDTH="130" HPOS="1786" VPOS="752" CONTENT="dog" WC="0.61" LANG="dan"/>
						</TextLine>
						<TextLine ID="LINE5" HEIGHT="102" WIDTH="1710" HPOS="209" VPOS="842">
							<String ID="STRING26" STYLEREFS="STYLE2" HEIGHT="58" WIDTH="98" HPOS="209" VPOS="874" CONTENT="ere" WC="0.92" LANG="dan"/>
							<SP ID="SP22" WIDTH="52" HPOS="307" VPOS="874"/>
							<String ID="STRING27" STYLEREFS="STYLE2" HEIGHT="76" WIDTH="170" HPOS="359" VPOS="856" CONTENT="rakte" WC="0.57" LANG="dan"/>
							<SP ID="SP23" WIDTH="52" HPOS="529" VPOS="856"/>
							<String ID="STRING28" STYLEREFS="STYLE2" HEIGHT="68" WIDTH="146" HPOS="581" VPOS="863" CONTENT="med" WC="0.61" LANG="dan"/>
							<SP ID="SP24" WIDTH="54" HPOS="727" VPOS="863"/>
							<String ID="STRING29" STYLEREFS="STYLE2" HEIGHT="54" WIDTH="74" HPOS="781" VPOS="875" CONTENT="en" WC="1" LANG="dan"/>
							<SP ID="SP25" WIDTH="46" HPOS="855" VPOS="875"/>
							<String ID="STRING30" STYLEREFS="STYLE2" HEIGHT="92" WIDTH="166" HPOS="901" VPOS="852" CONTENT="ævig" WC="0.86" LANG="dan"/>
							<SP ID="SP26" WIDTH="40" HPOS="1067" VPOS="852"/>
							<String ID="STRING31" STYLEREFS="STYLE2" HEIGHT="84" WIDTH="224" HPOS="1107" VPOS="846" CONTENT="Snee." WC="0.85" LANG="dan"/>
							<SP ID="SP27" WIDTH="104" HPOS="1331" VPOS="846"/>
							<String ID="STRING32" STYLEREFS="STYLE2" HEIGHT="100" WIDTH="238" HPOS="1435" VPOS="843" CONTENT="Heraf" WC="0.7" LANG="dan"/>
							<SP ID="SP28" WIDTH="32" HPOS="1673" VPOS="843"/>
							<String ID="STRING33" STYLEREFS="STYLE2" HEIGHT="98" WIDTH="214" HPOS="1705" VPOS="842" CONTENT="flyder" WC="0.48" LANG="dan"/>
						</TextLine>
						<TextLine ID="LINE6" HEIGHT="114" WIDTH="1712" HPOS="205" VPOS="944">
							<String ID="STRING34" STYLEREFS="STYLE2" HEIGHT="86" WIDTH="76" HPOS="205" VPOS="972" CONTENT="gr" WC="0.23" LANG="dan"/>
							<SP ID="SP29" WIDTH="34" HPOS="281" VPOS="972"/>
							<String ID="STRING35" STYLEREFS="STYLE2" HEIGHT="96" WIDTH="600" HPOS="315" VPOS="952" CONTENT="Agerdyrkningen" WC="0.68" LANG="dan"/>
							<SP ID="SP30" WIDTH="28" HPOS="915" VPOS="952"/>
							<String ID="STRING36" STYLEREFS="STYLE2" HEIGHT="56" WIDTH="74" HPOS="943" VPOS="972" CONTENT="-er" WC="0.75" LANG="dan"/>
							<SP ID="SP31" WIDTH="38" HPOS="1017" VPOS="972"/>
							<String ID="STRING37" STYLEREFS="STYLE2" HEIGHT="79" WIDTH="210" HPOS="1055" VPOS="965" CONTENT="meget" WC="0.62" LANG="dan"/>
							<SP ID="SP32" WIDTH="36" HPOS="1265" VPOS="965"/>
							<String ID="STRING38" STYLEREFS="STYLE2" HEIGHT="93" WIDTH="328" HPOS="1301" VPOS="945" CONTENT="besværlig" WC="0.57" LANG="dan"/>
							<SP ID="SP33" WIDTH="34" HPOS="1629" VPOS="945"/>
							<String ID="STRING39" STYLEREFS="STYLE2" HEIGHT="80" WIDTH="22" HPOS="1663" VPOS="946" CONTENT="i" WC="0.41" LANG="dan"/>
							<SP ID="SP34" WIDTH="38" HPOS="1685" VPOS="946"/>
							<String ID="STRING40" STYLEREFS="STYLE2" HEIGHT="82" WIDTH="194" HPOS="1723" VPOS="944" CONTENT="Nor»" WC="0.58" LANG="dan"/>
						</TextLine>
						<TextLine ID="LINE7" HEIGHT="117" WIDTH="1710" HPOS="205" VPOS="1031">
							<String ID="STRING41" STYLEREFS="STYLE2" HEIGHT="112" WIDTH="112" HPOS="205" VPOS="1036" CONTENT="Ze," WC="0.94" LANG="dan"/>
							<SP ID="SP35" WIDTH="60" HPOS="317" VPOS="1036"/>
							<String ID="STRING42" STYLEREFS="STYLE3" HEIGHT="94" WIDTH="94" HPOS="377" VPOS="1053" CONTENT="thi" WC="0.81" LANG="dan"/>
							<SP ID="SP36" WIDTH="36" HPOS="471" VPOS="1053"/>
							<String ID="STRING43" STYLEREFS="STYLE2" HEIGHT="87" WIDTH="250" HPOS="507" VPOS="1052" CONTENT="Sneen" WC="0.92" LANG="dan"/>
							<SP ID="SP37" WIDTH="34" HPOS="757" VPOS="1052"/>
							<String ID="STRING44" STYLEREFS="STYLE2" HEIGHT="113" WIDTH="212" HPOS="791" VPOS="1031" CONTENT="ligger" WC="0.4" LANG="dan"/>
							<SP ID="SP38" WIDTH="32" HPOS="1003" VPOS="1031"/>
							<String ID="STRING45" STYLEREFS="STYLE2" HEIGHT="72" WIDTH="136" HPOS="1035" VPOS="1070" CONTENT="paa" WC="0.88" LANG="dan"/>
							<SP ID="SP39" WIDTH="36" HPOS="1171" VPOS="1070"/>
							<String ID="STRING46" STYLEREFS="STYLE2" HEIGHT="76" WIDTH="242" HPOS="1207" VPOS="1065" CONTENT="mange" WC="0.74" LANG="dan"/>
							<SP ID="SP40" WIDTH="32" HPOS="1449" VPOS="1065"/>
							<String ID="STRING47" STYLEREFS="STYLE2" HEIGHT="83" WIDTH="286" HPOS="1481" VPOS="1043" CONTENT="Græder" WC="0.51" LANG="dan"/>
							<SP ID="SP41" WIDTH="34" HPOS="1767" VPOS="1043"/>
							<String ID="STRING48" STYLEREFS="STYLE2" HEIGHT="90" WIDTH="114" HPOS="1801" VPOS="1044" CONTENT="saa" WC="0.98" LANG="dan"/>
						</TextLine>
						<TextLine ID="LINE8" HEIGHT="108" WIDTH="1715" HPOS="205" VPOS="1141">
							<String ID="STRING49" STYLEREFS="STYLE2" HEIGHT="86" WIDTH="197" HPOS="205" VPOS="1162" CONTENT="langt" WC="0.75" LANG="dan"/>
							<SP ID="SP42" WIDTH="61" HPOS="402" VPOS="1162"/>
							<String ID="STRING50" STYLEREFS="STYLE2" HEIGHT="69" WIDTH="93" HPOS="463" VPOS="1162" CONTENT="ud" WC="0.34" LANG="dan"/>
							<SP ID="SP43" WIDTH="63" HPOS="556" VPOS="1162"/>
							<String ID="STRING51" STYLEREFS="STYLE2" HEIGHT="72" WIDTH="143" HPOS="619" VPOS="1173" CONTENT="paa" WC="0.9" LANG="dan"/>
							<SP ID="SP44" WIDTH="48" HPOS="762" VPOS="1173"/>
							<String ID="STRING52" STYLEREFS="STYLE4" HEIGHT="98" WIDTH="363" HPOS="810" VPOS="1151" CONTENT="Foraaret" WC="0.82" LANG="dan"/>
							<SP ID="SP45" WIDTH="122" HPOS="1173" VPOS="1151"/>
							<String ID="STRING53" STYLEREFS="STYLE2" HEIGHT="62" WIDTH="73" HPOS="1295" VPOS="1163" CONTENT="ar" WC="0.63" LANG="dan"/>
							<SP ID="SP46" WIDTH="45" HPOS="1368" VPOS="1163"/>
							<String ID="STRING54" STYLEREFS="STYLE2" HEIGHT="98" WIDTH="507" HPOS="1413" VPOS="1141" CONTENT="Jndvaanerne" WC="0.87" LANG="dan"/>
						</TextLine>
						<TextLine ID="LINE9" HEIGHT="92" WIDTH="1712" HPOS="204" VPOS="1250">
							<String ID="STRING55" STYLEREFS="STYLE2" HEIGHT="60" WIDTH="166" HPOS="204" VPOS="1274" CONTENT="maa" WC="0.83" LANG="dan"/>
							<SP ID="SP47" WIDTH="44" HPOS="370" VPOS="1274"/>
							<String ID="STRING56" STYLEREFS="STYLE2" HEIGHT="92" WIDTH="104" HPOS="414" VPOS="1250" CONTENT="for" WC="0.62" LANG="dan"/>
							<SP ID="SP48" WIDTH="36" HPOS="518" VPOS="1250"/>
							<String ID="STRING57" STYLEREFS="STYLE2" HEIGHT="60" WIDTH="74" HPOS="554" VPOS="1269" CONTENT="ar" WC="0.62" LANG="dan"/>
							<SP ID="SP49" WIDTH="36" HPOS="628" VPOS="1269"/>
							<String ID="STRING58" STYLEREFS="STYLE2" HEIGHT="76" WIDTH="254" HPOS="664" VPOS="1253" CONTENT="komme" WC="0.75" LANG="dan"/>
							<SP ID="SP50" WIDTH="40" HPOS="918" VPOS="1253"/>
							<String ID="STRING59" STYLEREFS="STYLE2" HEIGHT="78" WIDTH="74" HPOS="958" VPOS="1250" CONTENT="til" WC="0.69" LANG="dan"/>
							<SP ID="SP51" WIDTH="32" HPOS="1032" VPOS="1250"/>
							<String ID="STRING60" STYLEREFS="STYLE2" HEIGHT="62" WIDTH="72" HPOS="1064" VPOS="1266" CONTENT="ar" WC="0.63" LANG="dan"/>
							<SP ID="SP52" WIDTH="40" HPOS="1136" VPOS="1266"/>
							<String ID="STRING61" STYLEREFS="STYLE2" HEIGHT="88" WIDTH="238" HPOS="1176" VPOS="1251" CONTENT="pløye," WC="0.66" LANG="nob"/>
							<SP ID="SP53" WIDTH="62" HPOS="1414" VPOS="1251"/>
							<String ID="STRING62" STYLEREFS="STYLE2" HEIGHT="71" WIDTH="222" HPOS="1476" VPOS="1252" CONTENT="mulde" WC="0.62" LANG="dan"/>
							<SP ID="SP54" WIDTH="50" HPOS="1698" VPOS="1252"/>
							<String ID="STRING63" STYLEREFS="STYLE2" HEIGHT="87" WIDTH="168" HPOS="1748" VPOS="1252" CONTENT="den," WC="0.74" LANG="dan"/>
						</TextLine>
						<TextLine ID="LINE10" HEIGHT="103" WIDTH="1714" HPOS="206" VPOS="1341">
							<String ID="STRING64" STYLEREFS="STYLE2" HEIGHT="90" WIDTH="140" HPOS="206" VPOS="1354" CONTENT="som" WC="0.64" LANG="dan"/>
							<SP ID="SP55" WIDTH="52" HPOS="346" VPOS="1354"/>
							<String ID="STRING65" STYLEREFS="STYLE2" HEIGHT="68" WIDTH="80" HPOS="398" VPOS="1360" CONTENT="de" WC="0.63" LANG="dan"/>
							<SP ID="SP56" WIDTH="56" HPOS="478" VPOS="1360"/>
							<String ID="STRING66" STYLEREFS="STYLE2" HEIGHT="84" WIDTH="182" HPOS="534" VPOS="1345" CONTENT="kalde" WC="0.78" LANG="dan"/>
							<SP ID="SP57" WIDTH="46" HPOS="716" VPOS="1345"/>
							<String ID="STRING67" STYLEREFS="STYLE2" HEIGHT="83" WIDTH="140" HPOS="762" VPOS="1359" CONTENT="der," WC="0.52" LANG="dan"/>
							<SP ID="SP58" WIDTH="58" HPOS="902" VPOS="1359"/>
							<String ID="STRING68" STYLEREFS="STYLE2" HEIGHT="70" WIDTH="108" HPOS="960" VPOS="1354" CONTENT="der" WC="0.54" LANG="dan"/>
							<SP ID="SP59" WIDTH="54" HPOS="1068" VPOS="1354"/>
							<String ID="STRING69" STYLEREFS="STYLE2" HEIGHT="58" WIDTH="66" HPOS="1122" VPOS="1368" CONTENT="er" WC="0.63" LANG="dan"/>
							<SP ID="SP60" WIDTH="48" HPOS="1188" VPOS="1368"/>
							<String ID="STRING70" STYLEREFS="STYLE2" HEIGHT="80" WIDTH="260" HPOS="1236" VPOS="1345" CONTENT="komme" WC="0.8" LANG="dan"/>
							<SP ID="SP61" WIDTH="34" HPOS="1496" VPOS="1345"/>
							<String ID="STRING71" STYLEREFS="STYLE2" HEIGHT="95" WIDTH="192" HPOS="1530" VPOS="1341" CONTENT="Jord" WC="0.7" LANG="dan"/>
							<SP ID="SP62" WIDTH="46" HPOS="1722" VPOS="1341"/>
							<String ID="STRING72" STYLEREFS="STYLE2" HEIGHT="75" WIDTH="152" HPOS="1768" VPOS="1348" CONTENT="eller" WC="0.85" LANG="dan"/>
						</TextLine>
						<TextLine ID="LINE11" HEIGHT="104" WIDTH="1708" HPOS="206" VPOS="1438">
							<String ID="STRING73" STYLEREFS="STYLE2" HEIGHT="80" WIDTH="222" HPOS="206" VPOS="1452" CONTENT="Muld" WC="0.45" LANG="dan"/>
							<SP ID="SP63" WIDTH="44" HPOS="428" VPOS="1452"/>
							<String ID="STRING74" STYLEREFS="STYLE2" HEIGHT="72" WIDTH="138" HPOS="472" VPOS="1470" CONTENT="paa" WC="0.76" LANG="dan"/>
							<SP ID="SP64" WIDTH="32" HPOS="610" VPOS="1470"/>
							<String ID="STRING75" STYLEREFS="STYLE2" HEIGHT="82" WIDTH="160" HPOS="642" VPOS="1459" CONTENT="den," WC="0.71" LANG="dan"/>
							<SP ID="SP65" WIDTH="58" HPOS="802" VPOS="1459"/>
							<String ID="STRING76" STYLEREFS="STYLE2" HEIGHT="96" WIDTH="254" HPOS="860" VPOS="1444" CONTENT="hvilken" WC="0.84" LANG="dan"/>
							<SP ID="SP66" WIDTH="46" HPOS="1114" VPOS="1444"/>
							<String ID="STRING77" STYLEREFS="STYLE2" HEIGHT="65" WIDTH="188" HPOS="1160" VPOS="1460" CONTENT="tærer" WC="0.53" LANG="dan"/>
							<SP ID="SP67" WIDTH="42" HPOS="1348" VPOS="1460"/>
							<String ID="STRING78" STYLEREFS="STYLE2" HEIGHT="82" WIDTH="278" HPOS="1390" VPOS="1441" CONTENT="Sneen." WC="0.88" LANG="dan"/>
							<SP ID="SP68" WIDTH="72" HPOS="1668" VPOS="1441"/>
							<String ID="STRING79" STYLEREFS="STYLE2" HEIGHT="86" WIDTH="174" HPOS="1740" VPOS="1438" CONTENT="Ved" WC="0.51" LANG="dan"/>
						</TextLine>
						<TextLine ID="LINE12" HEIGHT="97" WIDTH="1706" HPOS="209" VPOS="1542">
							<String ID="STRING80" STYLEREFS="STYLE2" HEIGHT="72" WIDTH="106" HPOS="209" VPOS="1556" CONTENT="der" WC="0.6" LANG="dan"/>
							<SP ID="SP69" WIDTH="46" HPOS="315" VPOS="1556"/>
							<String ID="STRING81" STYLEREFS="STYLE2" HEIGHT="80" WIDTH="244" HPOS="361" VPOS="1548" CONTENT="Lander" WC="0.77" LANG="dan"/>
							<SP ID="SP70" WIDTH="46" HPOS="605" VPOS="1548"/>
							<String ID="STRING82" STYLEREFS="STYLE2" HEIGHT="58" WIDTH="64" HPOS="651" VPOS="1567" CONTENT="er" WC="0.62" LANG="dan"/>
							<SP ID="SP71" WIDTH="50" HPOS="715" VPOS="1567"/>
							<String ID="STRING83" STYLEREFS="STYLE2" HEIGHT="92" WIDTH="178" HPOS="765" VPOS="1547" CONTENT="fuldt" WC="0.51" LANG="dan"/>
							<SP ID="SP72" WIDTH="48" HPOS="943" VPOS="1547"/>
							<String ID="STRING84" STYLEREFS="STYLE2" HEIGHT="96" WIDTH="82" HPOS="991" VPOS="1542" CONTENT="af" WC="0.7" LANG="dan"/>
							<SP ID="SP73" WIDTH="44" HPOS="1073" VPOS="1542"/>
							<String ID="STRING85" STYLEREFS="STYLE2" HEIGHT="87" WIDTH="270" HPOS="1117" VPOS="1542" CONTENT="Steen," WC="0.78" LANG="dan"/>
							<SP ID="SP74" WIDTH="62" HPOS="1387" VPOS="1542"/>
							<String ID="STRING86" STYLEREFS="STYLE2" HEIGHT="92" WIDTH="114" HPOS="1449" VPOS="1543" CONTENT="saa" WC="0.95" LANG="dan"/>
							<SP ID="SP75" WIDTH="50" HPOS="1563" VPOS="1543"/>
							<String ID="STRING87" STYLEREFS="STYLE5" HEIGHT="85" WIDTH="301" HPOS="1613" VPOS="1549" CONTENT="ere-paa" WC="0.84" LANG="dan"/>
							<SP ID="SP76" WIDTH="-139" HPOS="1914" VPOS="1549"/>
							<String ID="STRING88" STYLEREFS="STYLE2" HEIGHT="76" WIDTH="140" HPOS="1775" VPOS="1558" CONTENT="paa" WC="0.82" LANG="dan"/>
						</TextLine>
						<TextLine ID="LINE13" HEIGHT="100" WIDTH="1710" HPOS="207" VPOS="1642">
							<String ID="STRING89" STYLEREFS="STYLE2" HEIGHT="74" WIDTH="240" HPOS="207" VPOS="1668" CONTENT="mange" WC="0.63" LANG="dan"/>
							<SP ID="SP77" WIDTH="32" HPOS="447" VPOS="1668"/>
							<String ID="STRING90" STYLEREFS="STYLE2" HEIGHT="81" WIDTH="290" HPOS="479" VPOS="1646" CONTENT="Skæver" WC="0.58" LANG="dan"/>
							<SP ID="SP78" WIDTH="32" HPOS="769" VPOS="1646"/>
							<String ID="STRING91" STYLEREFS="STYLE2" HEIGHT="95" WIDTH="264" HPOS="801" VPOS="1643" CONTENT="Agrene" WC="0.68" LANG="dan"/>
							<SP ID="SP79" WIDTH="52" HPOS="1065" VPOS="1643"/>
							<String ID="STRING92" STYLEREFS="STYLE2" HEIGHT="95" WIDTH="298" HPOS="1117" VPOS="1644" CONTENT="opfyldte" WC="0.56" LANG="dan"/>
							<SP ID="SP80" WIDTH="46" HPOS="1415" VPOS="1644"/>
							<String ID="STRING93" STYLEREFS="STYLE2" HEIGHT="70" WIDTH="144" HPOS="1461" VPOS="1651" CONTENT="med" WC="0.6" LANG="dan"/>
							<SP ID="SP81" WIDTH="50" HPOS="1605" VPOS="1651"/>
							<String ID="STRING94" STYLEREFS="STYLE2" HEIGHT="96" WIDTH="262" HPOS="1655" VPOS="1642" CONTENT="saadakr" WC="0.68" LANG="dan"/>
						</TextLine>
						<TextLine ID="LINE14" HEIGHT="104" WIDTH="1710" HPOS="205" VPOS="1738">
							<String ID="STRING95" STYLEREFS="STYLE2" HEIGHT="94" WIDTH="322" HPOS="205" VPOS="1748" CONTENT="Mængde" WC="0.73" LANG="dan"/>
							<SP ID="SP82" WIDTH="64" HPOS="527" VPOS="1748"/>
							<String ID="STRING96" STYLEREFS="STYLE2" HEIGHT="94" WIDTH="80" HPOS="591" VPOS="1743" CONTENT="af" WC="1" LANG="dan"/>
							<SP ID="SP83" WIDTH="40" HPOS="671" VPOS="1743"/>
							<String ID="STRING97" STYLEREFS="STYLE2" HEIGHT="92" WIDTH="330" HPOS="711" VPOS="1748" CONTENT="temmelig" WC="0.8" LANG="dan"/>
							<SP ID="SP84" WIDTH="56" HPOS="1041" VPOS="1748"/>
							<String ID="STRING98" STYLEREFS="STYLE2" HEIGHT="88" WIDTH="164" HPOS="1097" VPOS="1746" CONTENT="store" WC="0.63" LANG="dan"/>
							<SP ID="SP85" WIDTH="56" HPOS="1261" VPOS="1746"/>
							<String ID="STRING99" STYLEREFS="STYLE2" HEIGHT="95" WIDTH="318" HPOS="1317" VPOS="1741" CONTENT="Steene," WC="0.81" LANG="nob"/>
							<SP ID="SP86" WIDTH="60" HPOS="1635" VPOS="1741"/>
							<String ID="STRING100" STYLEREFS="STYLE5" HEIGHT="97" WIDTH="94" HPOS="1695" VPOS="1738" CONTENT="thi" WC="0.83" LANG="dan"/>
							<SP ID="SP87" WIDTH="48" HPOS="1789" VPOS="1738"/>
							<String ID="STRING101" STYLEREFS="STYLE2" HEIGHT="68" WIDTH="78" HPOS="1837" VPOS="1752" CONTENT="de" WC="0.62" LANG="dan"/>
						</TextLine>
						<TextLine ID="LINE15" HEIGHT="103" WIDTH="1715" HPOS="203" VPOS="1841">
							<String ID="STRING102" STYLEREFS="STYLE2" HEIGHT="94" WIDTH="223" HPOS="203" VPOS="1850" CONTENT="smaae" WC="0.82" LANG="dan"/>
							<SP ID="SP88" WIDTH="53" HPOS="426" VPOS="1850"/>
							<String ID="STRING103" STYLEREFS="STYLE2" HEIGHT="77" WIDTH="95" HPOS="479" VPOS="1849" CONTENT="vil" WC="0.82" LANG="dan"/>
							<SP ID="SP89" WIDTH="51" HPOS="574" VPOS="1849"/>
							<String ID="STRING104" STYLEREFS="STYLE2" HEIGHT="92" WIDTH="101" HPOS="625" VPOS="1847" CONTENT="jeg" WC="0.72" LANG="dan"/>
							<SP ID="SP90" WIDTH="41" HPOS="726" VPOS="1847"/>
							<String ID="STRING105" STYLEREFS="STYLE2" HEIGHT="78" WIDTH="55" HPOS="767" VPOS="1847" CONTENT="ei" WC="0.9" LANG="dan"/>
							<SP ID="SP91" WIDTH="53" HPOS="822" VPOS="1847"/>
							<String ID="STRING106" STYLEREFS="STYLE2" HEIGHT="78" WIDTH="131" HPOS="875" VPOS="1848" CONTENT="tale" WC="0.84" LANG="dan"/>
							<SP ID="SP92" WIDTH="35" HPOS="1006" VPOS="1848"/>
							<String ID="STRING107" STYLEREFS="STYLE2" HEIGHT="74" WIDTH="151" HPOS="1041" VPOS="1862" CONTENT="om," WC="0.55" LANG="dan"/>
							<SP ID="SP93" WIDTH="57" HPOS="1192" VPOS="1862"/>
							<String ID="STRING108" STYLEREFS="STYLE2" HEIGHT="96" WIDTH="255" HPOS="1249" VPOS="1841" CONTENT="saasom" WC="0.81" LANG="dan"/>
							<SP ID="SP94" WIDTH="43" HPOS="1504" VPOS="1841"/>
							<String ID="STRING109" STYLEREFS="STYLE2" HEIGHT="69" WIDTH="75" HPOS="1547" VPOS="1851" CONTENT="de" WC="0.62" LANG="dan"/>
							<SP ID="SP95" WIDTH="33" HPOS="1622" VPOS="1851"/>
							<String ID="STRING110" STYLEREFS="STYLE2" HEIGHT="90" WIDTH="263" HPOS="1655" VPOS="1842" CONTENT="snarere" WC="0.7" LANG="dan"/>
						</TextLine>
						<TextLine ID="LINE16" HEIGHT="102" WIDTH="1712" HPOS="208" VPOS="1940">
							<String ID="STRING111" STYLEREFS="STYLE2" HEIGHT="76" WIDTH="220" HPOS="208" VPOS="1966" CONTENT="gavne" WC="0.78" LANG="dan"/>
							<SP ID="SP96" WIDTH="40" HPOS="428" VPOS="1966"/>
							<String ID="STRING112" STYLEREFS="STYLE2" HEIGHT="71" WIDTH="122" HPOS="468" VPOS="1955" CONTENT="end" WC="1" LANG="dan"/>
							<SP ID="SP97" WIDTH="24" HPOS="590" VPOS="1955"/>
							<String ID="STRING113" STYLEREFS="STYLE2" HEIGHT="94" WIDTH="220" HPOS="614" VPOS="1947" CONTENT="stade," WC="0.6" LANG="dan"/>
							<SP ID="SP98" WIDTH="58" HPOS="834" VPOS="1947"/>
							<String ID="STRING114" STYLEREFS="STYLE2" HEIGHT="92" WIDTH="238" HPOS="892" VPOS="1944" CONTENT="hvilket" WC="0.59" LANG="dan"/>
							<SP ID="SP99" WIDTH="22" HPOS="1130" VPOS="1944"/>
							<String ID="STRING115" STYLEREFS="STYLE2" HEIGHT="94" WIDTH="460" HPOS="1152" VPOS="1942" CONTENT="fornemmelig" WC="0.68" LANG="dan"/>
							<SP ID="SP100" WIDTH="26" HPOS="1612" VPOS="1942"/>
							<String ID="STRING116" STYLEREFS="STYLE2" HEIGHT="78" WIDTH="130" HPOS="1638" VPOS="1942" CONTENT="kan" WC="1" LANG="dan"/>
							<SP ID="SP101" WIDTH="20" HPOS="1768" VPOS="1942"/>
							<String ID="STRING117" STYLEREFS="STYLE2" HEIGHT="94" WIDTH="132" HPOS="1788" VPOS="1940" CONTENT="sees" WC="0.82" LANG="dan"/>
						</TextLine>
						<TextLine ID="LINE17" HEIGHT="104" WIDTH="1678" HPOS="204" VPOS="2040">
							<String ID="STRING118" STYLEREFS="STYLE2" HEIGHT="74" WIDTH="140" HPOS="204" VPOS="2068" CONTENT="paa" WC="0.78" LANG="dan"/>
							<SP ID="SP102" WIDTH="30" HPOS="344" VPOS="2068"/>
							<String ID="STRING119" STYLEREFS="STYLE2" HEIGHT="100" WIDTH="492" HPOS="374" VPOS="2044" CONTENT="Hedemarken," WC="0.68" LANG="dan"/>
							<SP ID="SP103" WIDTH="38" HPOS="866" VPOS="2044"/>
							<String ID="STRING120" STYLEREFS="STYLE2" HEIGHT="62" WIDTH="76" HPOS="904" VPOS="2060" CONTENT="at" WC="0.73" LANG="dan"/>
							<SP ID="SP104" WIDTH="36" HPOS="980" VPOS="2060"/>
							<String ID="STRING121" STYLEREFS="STYLE2" HEIGHT="100" WIDTH="446" HPOS="1016" VPOS="2040" CONTENT="Pløyningen" WC="0.76" LANG="dan"/>
							<SP ID="SP105" WIDTH="36" HPOS="1462" VPOS="2040"/>
							<String ID="STRING122" STYLEREFS="STYLE2" HEIGHT="72" WIDTH="236" HPOS="1498" VPOS="2049" CONTENT="derved" WC="0.74" LANG="dan"/>
							<SP ID="SP106" WIDTH="32" HPOS="1734" VPOS="2049"/>
							<String ID="STRING123" STYLEREFS="STYLE2" HEIGHT="94" WIDTH="116" HPOS="1766" VPOS="2042" CONTENT="giø" SUBS_TYPE="HypPart1" SUBS_CONTENT="giøres" WC="0.77" LANG="dan"/>
							<HYP CONTENT="-"/>
						</TextLine>
						<TextLine ID="LINE18" HEIGHT="96" WIDTH="1708" HPOS="206" VPOS="2142">
							<String ID="STRING124" STYLEREFS="STYLE2" HEIGHT="68" WIDTH="112" HPOS="206" VPOS="2158" CONTENT="res" SUBS_TYPE="HypPart2" SUBS_CONTENT="giøres" WC="0.79" LANG="dan"/>
							<SP ID="SP107" WIDTH="36" HPOS="318" VPOS="2158"/>
							<String ID="STRING125" STYLEREFS="STYLE2" HEIGHT="90" WIDTH="330" HPOS="354" VPOS="2147" CONTENT="temmelig" WC="0.78" LANG="dan"/>
							<SP ID="SP108" WIDTH="44" HPOS="684" VPOS="2147"/>
							<String ID="STRING126" STYLEREFS="STYLE2" HEIGHT="95" WIDTH="381" HPOS="728" VPOS="2143" CONTENT="besværlig," WC="0.72" LANG="dan"/>
							<SP ID="SP109" WIDTH="59" HPOS="1109" VPOS="2143"/>
							<String ID="STRING127" STYLEREFS="STYLE2" HEIGHT="93" WIDTH="96" HPOS="1168" VPOS="2142" CONTENT="thi" WC="0.61" LANG="dan"/>
							<SP ID="SP110" WIDTH="34" HPOS="1264" VPOS="2142"/>
							<String ID="STRING128" STYLEREFS="STYLE2" HEIGHT="72" WIDTH="72" HPOS="1298" VPOS="2147" CONTENT="de" WC="0.77" LANG="dan"/>
							<SP ID="SP111" WIDTH="24" HPOS="1370" VPOS="2147"/>
							<String ID="STRING129" STYLEREFS="STYLE2" HEIGHT="58" WIDTH="160" HPOS="1394" VPOS="2163" CONTENT="maa" WC="0.96" LANG="dan"/>
							<SP ID="SP112" WIDTH="24" HPOS="1554" VPOS="2163"/>
							<String ID="STRING130" STYLEREFS="STYLE2" HEIGHT="64" WIDTH="186" HPOS="1578" VPOS="2156" CONTENT="enten" WC="0.88" LANG="dan"/>
							<SP ID="SP113" WIDTH="24" HPOS="1764" VPOS="2156"/>
							<String ID="STRING131" STYLEREFS="STYLE2" HEIGHT="72" WIDTH="126" HPOS="1788" VPOS="2150" CONTENT="ved" WC="0.75" LANG="dan"/>
						</TextLine>
						<TextLine ID="LINE19" HEIGHT="107" WIDTH="1706" HPOS="207" VPOS="2239">
							<String ID="STRING132" STYLEREFS="STYLE4" HEIGHT="105" WIDTH="548" HPOS="207" VPOS="2241" CONTENT="Maade-Magt" WC="0.79" LANG="dan"/>
							<SP ID="SP114" WIDTH="48" HPOS="755" VPOS="2241"/>
							<String ID="STRING133" STYLEREFS="STYLE2" HEIGHT="70" WIDTH="250" HPOS="803" VPOS="2254" CONTENT="røddes" WC="0.62" LANG="dan"/>
							<SP ID="SP115" WIDTH="46" HPOS="1053" VPOS="2254"/>
							<String ID="STRING134" STYLEREFS="STYLE2" HEIGHT="92" WIDTH="80" HPOS="1099" VPOS="2242" CONTENT="af" WC="0.65" LANG="dan"/>
							<SP ID="SP116" WIDTH="44" HPOS="1179" VPOS="2242"/>
							<String ID="STRING135" STYLEREFS="STYLE2" HEIGHT="98" WIDTH="308" HPOS="1223" VPOS="2239" CONTENT="Veyen," WC="0.79" LANG="dan"/>
							<SP ID="SP117" WIDTH="58" HPOS="1531" VPOS="2239"/>
							<String ID="STRING136" STYLEREFS="STYLE2" HEIGHT="74" WIDTH="146" HPOS="1589" VPOS="2246" CONTENT="eller" WC="0.91" LANG="dan"/>
							<SP ID="SP118" WIDTH="50" HPOS="1735" VPOS="2246"/>
							<String ID="STRING137" STYLEREFS="STYLE2" HEIGHT="76" WIDTH="128" HPOS="1785" VPOS="2260" CONTENT="og," WC="0.81" LANG="dan"/>
						</TextLine>
						<TextLine ID="LINE20" HEIGHT="103" WIDTH="1704" HPOS="209" VPOS="2335">
							<String ID="STRING138" STYLEREFS="STYLE2" HEIGHT="62" WIDTH="112" HPOS="209" VPOS="2364" CONTENT="om" WC="0.85" LANG="dan"/>
							<SP ID="SP119" WIDTH="34" HPOS="321" VPOS="2364"/>
							<String ID="STRING139" STYLEREFS="STYLE2" HEIGHT="70" WIDTH="74" HPOS="355" VPOS="2354" CONTENT="de" WC="0.63" LANG="dan"/>
							<SP ID="SP120" WIDTH="32" HPOS="429" VPOS="2354"/>
							<String ID="STRING140" STYLEREFS="STYLE2" HEIGHT="61" WIDTH="98" HPOS="461" VPOS="2365" CONTENT="ere" WC="0.85" LANG="dan"/>
							<SP ID="SP121" WIDTH="34" HPOS="559" VPOS="2365"/>
							<String ID="STRING141" STYLEREFS="STYLE2" HEIGHT="74" WIDTH="96" HPOS="593" VPOS="2349" CONTENT="alt" WC="0.61" LANG="dan"/>
							<SP ID="SP122" WIDTH="32" HPOS="689" VPOS="2349"/>
							<String ID="STRING142" STYLEREFS="STYLE2" HEIGHT="102" WIDTH="102" HPOS="721" VPOS="2335" CONTENT="for" WC="0.57" LANG="dan"/>
							<SP ID="SP123" WIDTH="36" HPOS="823" VPOS="2335"/>
							<String ID="STRING143" STYLEREFS="STYLE2" HEIGHT="91" WIDTH="212" HPOS="859" VPOS="2345" CONTENT="store," WC="0.53" LANG="dan"/>
							<SP ID="SP124" WIDTH="58" HPOS="1071" VPOS="2345"/>
							<String ID="STRING144" STYLEREFS="STYLE2" HEIGHT="96" WIDTH="332" HPOS="1129" VPOS="2342" CONTENT="sprænges" WC="0.74" LANG="dan"/>
							<SP ID="SP125" WIDTH="38" HPOS="1461" VPOS="2342"/>
							<String ID="STRING145" STYLEREFS="STYLE2" HEIGHT="73" WIDTH="144" HPOS="1499" VPOS="2348" CONTENT="med" WC="0.75" LANG="dan"/>
							<SP ID="SP126" WIDTH="42" HPOS="1643" VPOS="2348"/>
							<String ID="STRING146" STYLEREFS="STYLE2" HEIGHT="84" WIDTH="228" HPOS="1685" VPOS="2338" CONTENT="Krud." WC="0.47" LANG="dan"/>
						</TextLine>
					</TextBlock>
					<TextBlock xs:type="TextBlockType" ID="ZONE1144289" HEIGHT="1089" WIDTH="1719" HPOS="203" VPOS="2535" xlink:type="simple">
						<TextLine ID="LINE21" HEIGHT="103" WIDTH="1607" HPOS="311" VPOS="2537">
							<String ID="STRING147" STYLEREFS="STYLE2" HEIGHT="100" WIDTH="207" HPOS="311" VPOS="2540" CONTENT="Diste" WC="0.83" LANG="dan"/>
							<SP ID="SP127" WIDTH="31" HPOS="518" VPOS="2540"/>
							<String ID="STRING148" STYLEREFS="STYLE2" HEIGHT="98" WIDTH="579" HPOS="549" VPOS="2538" CONTENT="Besværligheder" WC="0.7" LANG="dan"/>
							<SP ID="SP128" WIDTH="33" HPOS="1128" VPOS="2538"/>
							<String ID="STRING149" STYLEREFS="STYLE2" HEIGHT="72" WIDTH="197" HPOS="1161" VPOS="2547" CONTENT="mode" WC="0.49" LANG="dan"/>
							<SP ID="SP129" WIDTH="33" HPOS="1358" VPOS="2547"/>
							<String ID="STRING150" STYLEREFS="STYLE2" HEIGHT="96" WIDTH="157" HPOS="1391" VPOS="2537" CONTENT="mest" WC="0.6" LANG="dan"/>
							<SP ID="SP130" WIDTH="29" HPOS="1548" VPOS="2537"/>
							<String ID="STRING151" STYLEREFS="STYLE2" HEIGHT="68" WIDTH="177" HPOS="1577" VPOS="2554" CONTENT="naar" WC="0.81" LANG="dan"/>
							<SP ID="SP131" WIDTH="35" HPOS="1754" VPOS="2554"/>
							<String ID="STRING152" STYLEREFS="STYLE2" HEIGHT="78" WIDTH="129" HPOS="1789" VPOS="2554" CONTENT="nye" WC="0.98" LANG="dan"/>
						</TextLine>
						<TextLine ID="LINE22" HEIGHT="98" WIDTH="1710" HPOS="208" VPOS="2639">
							<String ID="STRING153" STYLEREFS="STYLE2" HEIGHT="86" WIDTH="182" HPOS="208" VPOS="2640" CONTENT="Land" WC="0.66" LANG="dan"/>
							<SP ID="SP132" WIDTH="56" HPOS="390" VPOS="2640"/>
							<String ID="STRING154" STYLEREFS="STYLE2" HEIGHT="94" WIDTH="126" HPOS="446" VPOS="2642" CONTENT="stal" WC="0.83" LANG="dan"/>
							<SP ID="SP133" WIDTH="66" HPOS="572" VPOS="2642"/>
							<String ID="STRING155" STYLEREFS="STYLE2" HEIGHT="85" WIDTH="322" HPOS="638" VPOS="2652" CONTENT="optages," WC="0.75" LANG="dan"/>
							<SP ID="SP134" WIDTH="54" HPOS="960" VPOS="2652"/>
							<String ID="STRING156" STYLEREFS="STYLE2" HEIGHT="78" WIDTH="52" HPOS="1014" VPOS="2642" CONTENT="ei" WC="1" LANG="dan"/>
							<SP ID="SP135" WIDTH="50" HPOS="1066" VPOS="2642"/>
							<String ID="STRING157" STYLEREFS="STYLE2" HEIGHT="62" WIDTH="74" HPOS="1116" VPOS="2658" CONTENT="at" WC="0.72" LANG="dan"/>
							<SP ID="SP136" WIDTH="50" HPOS="1190" VPOS="2658"/>
							<String ID="STRING158" STYLEREFS="STYLE2" HEIGHT="70" WIDTH="104" HPOS="1240" VPOS="2649" CONTENT="det" WC="0.51" LANG="dan"/>
							<SP ID="SP137" WIDTH="36" HPOS="1344" VPOS="2649"/>
							<String ID="STRING159" STYLEREFS="STYLE2" HEIGHT="94" WIDTH="66" HPOS="1380" VPOS="2639" CONTENT="jo" WC="0.4" LANG="dan"/>
							<SP ID="SP138" WIDTH="32" HPOS="1446" VPOS="2639"/>
							<String ID="STRING160" STYLEREFS="STYLE2" HEIGHT="94" WIDTH="206" HPOS="1478" VPOS="2639" CONTENT="haver" WC="0.71" LANG="dan"/>
							<SP ID="SP139" WIDTH="32" HPOS="1684" VPOS="2639"/>
							<String ID="STRING161" STYLEREFS="STYLE2" HEIGHT="64" WIDTH="202" HPOS="1716" VPOS="2656" CONTENT="været" WC="0.84" LANG="dan"/>
						</TextLine>
						<TextLine ID="LINE23" HEIGHT="101" WIDTH="1706" HPOS="212" VPOS="2737">
							<String ID="STRING162" STYLEREFS="STYLE2" HEIGHT="92" WIDTH="238" HPOS="212" VPOS="2746" CONTENT="ligesaa" WC="0.75" LANG="dan"/>
							<SP ID="SP140" WIDTH="36" HPOS="450" VPOS="2746"/>
							<String ID="STRING163" STYLEREFS="STYLE2" HEIGHT="96" WIDTH="226" HPOS="486" VPOS="2737" CONTENT="tilforn" WC="0.68" LANG="dan"/>
							<SP ID="SP141" WIDTH="42" HPOS="712" VPOS="2737"/>
							<String ID="STRING164" STYLEREFS="STYLE2" HEIGHT="74" WIDTH="20" HPOS="754" VPOS="2747" CONTENT="i" WC="0.66" LANG="dan"/>
							<SP ID="SP142" WIDTH="36" HPOS="774" VPOS="2747"/>
							<String ID="STRING165" STYLEREFS="STYLE2" HEIGHT="70" WIDTH="74" HPOS="810" VPOS="2751" CONTENT="de" WC="0.69" LANG="dan"/>
							<SP ID="SP143" WIDTH="36" HPOS="884" VPOS="2751"/>
							<String ID="STRING166" STYLEREFS="STYLE2" HEIGHT="86" WIDTH="204" HPOS="920" VPOS="2748" CONTENT="længe" WC="0.87" LANG="dan"/>
							<SP ID="SP144" WIDTH="36" HPOS="1124" VPOS="2748"/>
							<String ID="STRING167" STYLEREFS="STYLE2" HEIGHT="94" WIDTH="272" HPOS="1160" VPOS="2739" CONTENT="dyrkede" WC="0.73" LANG="dan"/>
							<SP ID="SP145" WIDTH="54" HPOS="1432" VPOS="2739"/>
							<String ID="STRING168" STYLEREFS="STYLE2" HEIGHT="93" WIDTH="222" HPOS="1486" VPOS="2739" CONTENT="Agre," WC="0.61" LANG="dan"/>
							<SP ID="SP146" WIDTH="56" HPOS="1708" VPOS="2739"/>
							<String ID="STRING169" STYLEREFS="STYLE2" HEIGHT="60" WIDTH="154" HPOS="1764" VPOS="2760" CONTENT="men" WC="1" LANG="dan"/>
						</TextLine>
						<TextLine ID="LINE24" HEIGHT="101" WIDTH="1708" HPOS="212" VPOS="2836">
							<String ID="STRING170" STYLEREFS="STYLE2" HEIGHT="58" WIDTH="156" HPOS="212" VPOS="2862" CONTENT="vore" WC="0.7" LANG="dan"/>
							<SP ID="SP147" WIDTH="30" HPOS="368" VPOS="2862"/>
							<String ID="STRING171" STYLEREFS="STYLE2" HEIGHT="97" WIDTH="340" HPOS="398" VPOS="2837" CONTENT="Fvrfædre" WC="0.6" LANG="dan"/>
							<SP ID="SP148" WIDTH="38" HPOS="738" VPOS="2837"/>
							<String ID="STRING172" STYLEREFS="STYLE2" HEIGHT="94" WIDTH="168" HPOS="776" VPOS="2843" CONTENT="have" WC="0.73" LANG="dan"/>
							<SP ID="SP149" WIDTH="44" HPOS="944" VPOS="2843"/>
							<String ID="STRING173" STYLEREFS="STYLE2" HEIGHT="74" WIDTH="238" HPOS="988" VPOS="2846" CONTENT="rødder" WC="0.63" LANG="dan"/>
							<SP ID="SP150" WIDTH="31" HPOS="1226" VPOS="2846"/>
							<String ID="STRING174" STYLEREFS="STYLE4" HEIGHT="101" WIDTH="663" HPOS="1257" VPOS="2836" CONTENT="Vanskelighederne" WC="0.81" LANG="dan"/>
						</TextLine>
						<TextLine ID="LINE25" HEIGHT="101" WIDTH="1700" HPOS="217" VPOS="2936">
							<String ID="STRING175" STYLEREFS="STYLE2" HEIGHT="74" WIDTH="116" HPOS="217" VPOS="2946" CONTENT="der" WC="0.52" LANG="dan"/>
							<SP ID="SP151" WIDTH="34" HPOS="333" VPOS="2946"/>
							<String ID="STRING176" STYLEREFS="STYLE2" HEIGHT="96" WIDTH="82" HPOS="367" VPOS="2936" CONTENT="af" WC="0.69" LANG="dan"/>
							<SP ID="SP152" WIDTH="26" HPOS="449" VPOS="2936"/>
							<String ID="STRING177" STYLEREFS="STYLE2" HEIGHT="99" WIDTH="274" HPOS="475" VPOS="2938" CONTENT="Veyen." WC="0.9" LANG="dan"/>
							<SP ID="SP153" WIDTH="106" HPOS="749" VPOS="2938"/>
							<String ID="STRING178" STYLEREFS="STYLE2" HEIGHT="95" WIDTH="232" HPOS="855" VPOS="2941" CONTENT="Hertil" WC="0.68" LANG="dan"/>
							<SP ID="SP154" WIDTH="34" HPOS="1087" VPOS="2941"/>
							<String ID="STRING179" STYLEREFS="STYLE2" HEIGHT="91" WIDTH="330" HPOS="1121" VPOS="2940" CONTENT="kommer," WC="0.77" LANG="dan"/>
							<SP ID="SP155" WIDTH="30" HPOS="1451" VPOS="2940"/>
							<String ID="STRING180" STYLEREFS="STYLE2" HEIGHT="66" WIDTH="72" HPOS="1481" VPOS="2951" CONTENT="at" WC="0.86" LANG="dan"/>
							<SP ID="SP156" WIDTH="34" HPOS="1553" VPOS="2951"/>
							<String ID="STRING181" STYLEREFS="STYLE2" HEIGHT="60" WIDTH="174" HPOS="1587" VPOS="2956" CONTENT="naar" WC="0.91" LANG="dan"/>
							<SP ID="SP157" WIDTH="34" HPOS="1761" VPOS="2956"/>
							<String ID="STRING182" STYLEREFS="STYLE2" HEIGHT="72" WIDTH="122" HPOS="1795" VPOS="2944" CONTENT="den" WC="0.75" LANG="dan"/>
						</TextLine>
						<TextLine ID="LINE26" HEIGHT="98" WIDTH="1714" HPOS="205" VPOS="3037">
							<String ID="STRING183" STYLEREFS="STYLE2" HEIGHT="92" WIDTH="254" HPOS="205" VPOS="3042" CONTENT="øverste" WC="0.71" LANG="dan"/>
							<SP ID="SP158" WIDTH="40" HPOS="459" VPOS="3042"/>
							<String ID="STRING184" STYLEREFS="STYLE2" HEIGHT="97" WIDTH="194" HPOS="499" VPOS="3038" CONTENT="Jord" WC="0.6" LANG="dan"/>
							<SP ID="SP159" WIDTH="36" HPOS="693" VPOS="3038"/>
							<String ID="STRING185" STYLEREFS="STYLE2" HEIGHT="62" WIDTH="62" HPOS="729" VPOS="3057" CONTENT="er" WC="0.93" LANG="dan"/>
							<SP ID="SP160" WIDTH="24" HPOS="791" VPOS="3057"/>
							<String ID="STRING186" STYLEREFS="STYLE2" HEIGHT="77" WIDTH="230" HPOS="815" VPOS="3041" CONTENT="bleven" WC="0.88" LANG="dan"/>
							<SP ID="SP161" WIDTH="30" HPOS="1045" VPOS="3041"/>
							<String ID="STRING187" STYLEREFS="STYLE2" HEIGHT="72" WIDTH="120" HPOS="1075" VPOS="3046" CONTENT="ved" WC="0.69" LANG="dan"/>
							<SP ID="SP162" WIDTH="32" HPOS="1195" VPOS="3046"/>
							<String ID="STRING188" STYLEREFS="STYLE2" HEIGHT="94" WIDTH="322" HPOS="1227" VPOS="3037" CONTENT="Plougen" WC="0.81" LANG="dan"/>
							<SP ID="SP163" WIDTH="30" HPOS="1549" VPOS="3037"/>
							<String ID="STRING189" STYLEREFS="STYLE2" HEIGHT="90" WIDTH="340" HPOS="1579" VPOS="3044" CONTENT="omvendt," WC="0.75" LANG="dan"/>
						</TextLine>
						<TextLine ID="LINE27" HEIGHT="98" WIDTH="1708" HPOS="209" VPOS="3135">
							<String ID="STRING190" STYLEREFS="STYLE2" HEIGHT="94" WIDTH="116" HPOS="209" VPOS="3138" CONTENT="faa" WC="0.93" LANG="dan"/>
							<SP ID="SP164" WIDTH="60" HPOS="325" VPOS="3138"/>
							<String ID="STRING191" STYLEREFS="STYLE2" HEIGHT="66" WIDTH="234" HPOS="385" VPOS="3154" CONTENT="møder" WC="0.96" LANG="dan"/>
							<SP ID="SP165" WIDTH="50" HPOS="619" VPOS="3154"/>
							<String ID="STRING192" STYLEREFS="STYLE2" HEIGHT="94" WIDTH="128" HPOS="669" VPOS="3139" CONTENT="ofre" WC="0.62" LANG="dan"/>
							<SP ID="SP166" WIDTH="36" HPOS="797" VPOS="3139"/>
							<String ID="STRING193" STYLEREFS="STYLE2" HEIGHT="95" WIDTH="272" HPOS="833" VPOS="3135" CONTENT="Bierg," WC="0.66" LANG="dan"/>
							<SP ID="SP167" WIDTH="60" HPOS="1105" VPOS="3135"/>
							<String ID="STRING194" STYLEREFS="STYLE2" HEIGHT="95" WIDTH="254" HPOS="1165" VPOS="3137" CONTENT="hvilken" WC="0.82" LANG="dan"/>
							<SP ID="SP168" WIDTH="52" HPOS="1419" VPOS="3137"/>
							<String ID="STRING195" STYLEREFS="STYLE2" HEIGHT="62" WIDTH="174" HPOS="1471" VPOS="3153" CONTENT="naar" WC="1" LANG="dan"/>
							<SP ID="SP169" WIDTH="52" HPOS="1645" VPOS="3153"/>
							<String ID="STRING196" STYLEREFS="STYLE2" HEIGHT="72" WIDTH="104" HPOS="1697" VPOS="3142" CONTENT="det" WC="0.65" LANG="dan"/>
							<SP ID="SP170" WIDTH="48" HPOS="1801" VPOS="3142"/>
							<String ID="STRING197" STYLEREFS="STYLE2" HEIGHT="64" WIDTH="68" HPOS="1849" VPOS="3156" CONTENT="er" WC="0.62" LANG="dan"/>
						</TextLine>
						<TextLine ID="LINE28" HEIGHT="99" WIDTH="1711" HPOS="207" VPOS="3236">
							<String ID="STRING198" STYLEREFS="STYLE2" HEIGHT="99" WIDTH="561" HPOS="207" VPOS="3236" CONTENT="Skalle-Bierg," WC="0.73" LANG="dan"/>
							<SP ID="SP171" WIDTH="55" HPOS="768" VPOS="3236"/>
							<String ID="STRING199" STYLEREFS="STYLE2" HEIGHT="92" WIDTH="135" HPOS="823" VPOS="3241" CONTENT="som" WC="0.52" LANG="dan"/>
							<SP ID="SP172" WIDTH="47" HPOS="958" VPOS="3241"/>
							<String ID="STRING200" STYLEREFS="STYLE2" HEIGHT="70" WIDTH="105" HPOS="1005" VPOS="3244" CONTENT="der" WC="0.5" LANG="dan"/>
							<SP ID="SP173" WIDTH="35" HPOS="1110" VPOS="3244"/>
							<String ID="STRING201" STYLEREFS="STYLE2" HEIGHT="98" WIDTH="109" HPOS="1145" VPOS="3236" CONTENT="her" WC="0.53" LANG="dan"/>
							<SP ID="SP174" WIDTH="29" HPOS="1254" VPOS="3236"/>
							<String ID="STRING202" STYLEREFS="STYLE2" HEIGHT="92" WIDTH="263" HPOS="1283" VPOS="3237" CONTENT="kaldes," WC="0.83" LANG="dan"/>
							<SP ID="SP175" WIDTH="59" HPOS="1546" VPOS="3237"/>
							<String ID="STRING203" STYLEREFS="STYLE2" HEIGHT="78" WIDTH="127" HPOS="1605" VPOS="3236" CONTENT="kan" WC="0.89" LANG="dan"/>
							<SP ID="SP176" WIDTH="35" HPOS="1732" VPOS="3236"/>
							<String ID="STRING204" STYLEREFS="STYLE2" HEIGHT="70" WIDTH="151" HPOS="1767" VPOS="3246" CONTENT="med" WC="0.62" LANG="dan"/>
						</TextLine>
						<TextLine ID="LINE29" HEIGHT="101" WIDTH="1714" HPOS="206" VPOS="3334">
							<String ID="STRING205" STYLEREFS="STYLE5" HEIGHT="96" WIDTH="193" HPOS="206" VPOS="3339" CONTENT="Seer" WC="0.69" LANG="dan"/>
							<SP ID="SP177" WIDTH="33" HPOS="399" VPOS="3339"/>
							<String ID="STRING206" STYLEREFS="STYLE2" HEIGHT="72" WIDTH="80" HPOS="432" VPOS="3360" CONTENT="og" WC="0.69" LANG="dan"/>
							<SP ID="SP178" WIDTH="30" HPOS="512" VPOS="3360"/>
							<String ID="STRING207" STYLEREFS="STYLE2" HEIGHT="82" WIDTH="196" HPOS="542" VPOS="3337" CONTENT="Kiler" WC="0.78" LANG="dan"/>
							<SP ID="SP179" WIDTH="34" HPOS="738" VPOS="3337"/>
							<String ID="STRING208" STYLEREFS="STYLE2" HEIGHT="76" WIDTH="144" HPOS="772" VPOS="3343" CONTENT="lade" WC="0.81" LANG="dan"/>
							<SP ID="SP180" WIDTH="38" HPOS="916" VPOS="3343"/>
							<String ID="STRING209" STYLEREFS="STYLE2" HEIGHT="92" WIDTH="90" HPOS="954" VPOS="3340" CONTENT="sig" WC="0.69" LANG="dan"/>
							<SP ID="SP181" WIDTH="34" HPOS="1044" VPOS="3340"/>
							<String ID="STRING210" STYLEREFS="STYLE2" HEIGHT="97" WIDTH="246" HPOS="1078" VPOS="3336" CONTENT="flække," WC="0.68" LANG="dan"/>
							<SP ID="SP182" WIDTH="56" HPOS="1324" VPOS="3336"/>
							<String ID="STRING211" STYLEREFS="STYLE2" HEIGHT="92" WIDTH="262" HPOS="1380" VPOS="3337" CONTENT="ligesom" WC="0.68" LANG="dan"/>
							<SP ID="SP183" WIDTH="36" HPOS="1642" VPOS="3337"/>
							<String ID="STRING212" STYLEREFS="STYLE2" HEIGHT="58" WIDTH="76" HPOS="1678" VPOS="3356" CONTENT="en" WC="1" LANG="dan"/>
							<SP ID="SP184" WIDTH="30" HPOS="1754" VPOS="3356"/>
							<String ID="STRING213" STYLEREFS="STYLE2" HEIGHT="84" WIDTH="136" HPOS="1784" VPOS="3334" CONTENT="Ark" WC="0.31" LANG="dan"/>
						</TextLine>
						<TextLine ID="LINE30" HEIGHT="113" WIDTH="1704" HPOS="212" VPOS="3428">
							<String ID="STRING214" STYLEREFS="STYLE2" HEIGHT="94" WIDTH="76" HPOS="212" VPOS="3440" CONTENT="af" WC="0.63" LANG="dan"/>
							<SP ID="SP185" WIDTH="41" HPOS="288" VPOS="3440"/>
							<String ID="STRING215" STYLEREFS="STYLE4" HEIGHT="105" WIDTH="369" HPOS="329" VPOS="3436" CONTENT="Skjæo" WC="0.76" LANG="dan"/>
							<SP ID="SP186" WIDTH="56" HPOS="698" VPOS="3436"/>
							<String ID="STRING216" STYLEREFS="STYLE2" HEIGHT="76" WIDTH="84" HPOS="754" VPOS="3459" CONTENT="og" WC="0.28" LANG="dan"/>
							<SP ID="SP187" WIDTH="56" HPOS="838" VPOS="3459"/>
							<String ID="STRING217" STYLEREFS="STYLE2" HEIGHT="108" WIDTH="192" HPOS="894" VPOS="3428" CONTENT="fores" WC="0.55" LANG="dan"/>
							<SP ID="SP188" WIDTH="50" HPOS="1086" VPOS="3428"/>
							<String ID="STRING218" STYLEREFS="STYLE2" HEIGHT="85" WIDTH="170" HPOS="1136" VPOS="3432" CONTENT="bort." WC="0.47" LANG="dan"/>
							<SP ID="SP189" WIDTH="134" HPOS="1306" VPOS="3432"/>
							<String ID="STRING219" STYLEREFS="STYLE2" HEIGHT="86" WIDTH="180" HPOS="1440" VPOS="3433" CONTENT="Men" WC="0.75" LANG="dan"/>
							<SP ID="SP190" WIDTH="54" HPOS="1620" VPOS="3433"/>
							<String ID="STRING220" STYLEREFS="STYLE2" HEIGHT="78" WIDTH="20" HPOS="1674" VPOS="3438" CONTENT="i" WC="0.59" LANG="dan"/>
							<SP ID="SP191" WIDTH="56" HPOS="1694" VPOS="3438"/>
							<String ID="STRING221" STYLEREFS="STYLE2" HEIGHT="68" WIDTH="166" HPOS="1750" VPOS="3446" CONTENT="dens" WC="0.81" LANG="dan"/>
						</TextLine>
						<TextLine ID="LINE31" HEIGHT="88" WIDTH="886" HPOS="1028" VPOS="3534">
							<String ID="STRING222" STYLEREFS="STYLE2" HEIGHT="88" WIDTH="90" HPOS="1028" VPOS="3534" CONTENT="B" WC="0.42" LANG="dan"/>
							<SP ID="SP192" WIDTH="596" HPOS="1118" VPOS="3534"/>
							<String ID="STRING223" STYLEREFS="STYLE2" HEIGHT="86" WIDTH="200" HPOS="1714" VPOS="3534" CONTENT="Sted" WC="0.43" LANG="dan"/>
						</TextLine>
					</TextBlock>
				</ComposedBlock>
			</PrintSpace>
		</Page>
	</Layout>
</alto>
