2909 4524
1193 457 303 100 Udgifter
1527 457 359 100 besparede.
1967 456 265 104 Tilsidst
2271 478 125 66 var
2431 470 103 75 det
2566 467 132 82 ubil-

1196 613 92 92 lig
1320 623 72 64 al
1420 603 346 98 forbigaae
1796 609 76 77 de
1898 598 346 106 Fordeele,
2276 606 136 96 som
2441 609 285 96 Kinden-«-

1194 754 320 101 hndnog
1430 771 84 76 og
1552 759 122 72 den
1708 745 284 103 Dansse
2022 748 274 88 Nation
2340 760 228 77 alleene
2614 757 116 98 har

1194 903 254 90 draged
1484 893 78 98 af
1594 893 282 101 Norge,
1942 916 82 76 og
2072 896 150 100 disse
2268 898 161 116 have

1200 1039 382 106 Henseende
1630 1045 74 82 kil
1738 1039 488 103 Kiobenhavn:
2302 1042 70 104 i)
2414 1044 206 102 Hvad
2662 1061 74 72 de

1206 1187 451 88 Studerende
1741 1207 84 77 og
1910 1188 493 88 Solicitantere
2477 1192 76 95 af
2621 1203 120 78 alle

1207 1333 344 88 Stænder
1571 1330 240 99 Aarn
1849 1338 166 100 have
2047 1342 300 90 needlagt
2379 1360 78 72 og
2489 1339 250 98 afgivet.

1209 1477 80 100 2)
1335 1475 550 104 Højeste-Ræts
1933 1478 368 106 Processer.
2417 1482 74 100 3)
2537 1483 206 104 Hvad

1203 1623 358 100 Banqven
1603 1625 22 82 i
1659 1623 222 88 Rente
1927 1622 80 96 af
2045 1634 76 72 de
2159 1626 112 98 her
2303 1630 18 78 i
2357 1628 248 101 Niiged
2637 1635 84 78 cir-

1207 1775 338 80 kulerende
1593 1767 322 92 Billetter
1965 1768 242 100 Aarlig
2255 1772 124 102 har
2443 1778 310 95 indtaget.

1208 1919 80 96 4)
1342 1913 182 92 Den
1574 1913 412 104 Provision,
2062 1914 138 100 som
2248 1914 80 100 af
2378 1928 74 74 de
2500 1920 256 99 Norsse

1208 2058 306 103 Vexel-er,
1606 2057 402 104 Assurancer
2090 2082 90 76 og
2260 2060 464 101 Bevilgnings-

1208 2207 194 84 breve
1433 2203 244 97 Aar-lig
1712 2207 358 103 indflyder,
2120 2202 282 100 foruden
2434 2218 74 68 de
2540 2207 186 86 Reve-

1212 2371 164 64 nner
1406 2349 138 98 som
1566 2351 284 98 indflyde
1880 2346 78 100 af
1978 2344 448 106 Grævffabed
2445 2350 284 101 saavels-

1212 2494 208 105 hvilke
1216 2495 206 104 hvilke
1466 2497 22 80 i
1528 2493 116 100 saa
1690 2514 240 78 mange
1974 2492 146 88 Aar
2172 2516 66 62 er
2284 2500 360 95 inddraged
2680 2501 76 90 til

1219 2639 494 102 Kiobenhavn,
1795 2661 82 75 og
1923 2648 100 78 vel
2069 2640 124 86 ikke
2239 2640 222 86 belobe
2501 2645 260 84 mindre

1223 2793 124 78 end
1405 2811 264 74 30002
1718 2784 230 96 Rl
2011 2786 282 100 Aarlig;
2371 2782 224 92 Dette
2655 2789 74 82 til-

1547 2931 304 98 beregner
1883 2932 98 100 jeg
2013 2934 188 100 hvert
2233 2930 148 90 Aar
2413 2948 74 70 at
2517 2935 236 96 opstige

1225 3079 78 88 til
1385 3077 376 104 halvanden
1839 3074 240 98 Tønde
2155 3074 214 94 Guld.
2487 3076 268 89 Videre

1389 3233 76 78 de
1505 3225 22 86 i
1567 3221 376 110 Henseende
1981 3228 74 86 til
2087 3220 382 98 Danmark
2505 3229 254 80 væred:

2562 3365 76 104 -)
