2923 4571
1663 307 87 77 87

380 516 343 104 Hvordan
766 521 111 76 der
923 520 122 74 end
1099 531 68 60 er
1221 528 82 78 og
1358 503 377 100 fremdeeles

192 667 234 97 bliver,
454 664 112 95 saa
590 665 204 79 bilver
816 669 170 72 dette
1016 666 130 87 dog
1178 656 162 82 altid
1370 669 60 66 et
1449 651 257 97 begribe-

193 813 120 94 ligt
345 830 80 76 og
461 808 328 95 naturligt
822 799 211 101 Folge
1069 799 78 100 af
1165 809 122 73 den
1326 791 409 102 Forfatning

196 949 298 97 Tingene
532 958 220 75 endnu
780 952 180 95 saae
994 947 152 96 udi,
1210 960 74 66 at
1308 952 106 73 det
1443 940 267 84 Kiøben-

189 1096 268 97 havnffe
491 1097 396 94 Universitet
933 1093 164 81 alrid
1131 1092 92 78 vil
1255 1085 386 100 difficultere
1675 1101 62 66 et

188 1242 394 95 Universitet
616 1246 24 74 i
654 1238 264 96 Norge,
954 1254 74 62 at
1054 1241 123 103 den

185 1382 314 94 Banqve
523 1384 164 79 altid
709 1383 90 80 vil
827 1399 170 61 være
1025 1399 76 60 en
1121 1375 306 96 Banqve
1451 1377 20 77 i
1490 1366 249 101 Norge

188 1530 230 92 imod,
460 1543 72 64 ar
560 1533 76 74 de
668 1523 224 96 danffe
920 1520 440 98 Herremænd
1394 1539 82 73 og
1502 1516 202 82 Korn-

191 1667 312 100 handlere
561 1670 162 80 altid
783 1671 90 76 vil
925 1665 206 80 raabe
1193 1662 140 98 hojt
1393 1679 156 64 over
1609 1667 126 74 den

188 1808 342 95 Tilladelse
582 1809 224 98 (imod
856 1831 74 59 en
980 1810 176 93 billig
1190 1802 228 101 Told)
1476 1822 74 64 ar
1588 1802 144 97 føre

183 1954 314 95 fremmed
521 1955 200 82 Korn
749 1956 110 77 ind
895 1956 74 76 til
991 1957 120 74 alle
1133 1948 272 93 Stifter
1427 1953 18 76 i
1463 1948 270 99 Norge,

180 2100 72 93 ja
278 2109 104 70 det
414 2120 64 60 er
512 2107 216 73 endnu
768 2103 140 91 vel,
974 2116 110 58 om
1114 2105 114 71 der
1260 2094 124 82 ikke
1430 2092 296 100 ophittes

187 2263 208 60 meere
451 2264 80 73 og
579 2261 208 59 værre
845 2245 74 76 til
975 2240 284 92 Norges
1303 2236 430 101 Præjudice;

188 2386 126 97 Og
352 2388 344 94 hvorledes
744 2385 176 92 skulle
948 2380 398 100 Sandheds
1379 2360 355 128 Crkstraalenl

193 2535 202 92 ffinne
431 2530 162 92 frem
641 2534 274 75 imellem
957 2534 122 74 den
1121 2526 268 93 vældige
1417 2519 168 101 Hob
1617 2529 116 74 der

204 2679 208 98 havde
448 2679 336 91 omringed
822 2669 374 99 Thronen?
1230 2666 176 81 Men
1438 2672 96 76 alt
1564 2674 170 73 dette

189 2823 228 80 drives
473 2822 64 89 jo
605 2816 78 96 af
739 2816 372 83 aabenbare
1163 2810 418 94 Misundelse
1643 2829 86 74 og

188 2963 526 97 Begiærlighed,
744 2968 106 73 der
880 2980 62 60 er
974 2962 326 92 temmelig
1326 2957 174 80 klart
1526 2970 70 66 at
1616 2953 114 98 see,

189 3131 87 76 og
303 3119 114 71 der
455 3127 66 64 er
557 3113 186 75 ellers
785 3105 122 80 ikke
955 3124 58 60 er
1057 3111 156 72 reelt
1249 3122 82 73 og
1367 3097 364 97 antageligt

188 3250 376 102 Argument
592 3273 138 79 paa
760 3261 122 74 den
916 3246 284 101 Danffe
1224 3246 226 97 Side,
1481 3249 89 95 da

975 3416 55 74 4
1425 3395 182 82 imod
