3026 4499
998 462 49 90 8

993 678 166 63 man
1217 659 124 90 har
1395 658 218 92 flutter
1673 659 98 94 sig
1829 659 74 78 ril
1959 658 222 98 deraf,
2237 675 72 70 ar
2359 663 94 78 alt
2509 659 180 92 hvad
2733 660 24 78 i

992 773 272 110 Huuser
1304 791 150 77 var,
1519 772 141 80 blev
1706 769 428 101 conserveret,
2177 772 107 94 saa
2325 769 135 104 Been
2500 778 254 96 mistede

990 892 136 83 kun
1176 895 110 80 det
1332 891 232 97 simple
1615 886 229 107 Hans
1966 896 102 78 det
2128 894 214 99 øvrige
2396 909 126 68 var
2578 908 176 86 taget

988 1021 139 90 Paa
1172 1035 75 60 en
1286 1012 313 99 synderlig
1640 1010 261 89 Maade
1934 1011 425 105 Præcaution
2398 1015 101 100 for
2536 1019 21 81 i
2584 1018 137 102 Før-

989 1151 250 82 veyen;
1311 1153 150 63 men
1505 1130 150 98 efter
1713 1141 122 78 den
1873 1142 164 91 gode
2077 1136 236 86 Orden
2355 1163 80 74 og
2473 1139 274 101 Justice,

989 1256 140 96 som
1171 1257 226 96 holdes
1441 1274 152 64 over
1635 1245 148 112 diste
1813 1257 166 102 Folk
2021 1256 80 98 af
2121 1258 244 102 Chefen
2405 1285 80 74 og
2525 1269 74 75 de
2635 1286 114 58 am

986 1384 118 76 dre
1160 1373 360 102 Officiers,
1584 1378 90 79 vil
1730 1397 162 60 man
1952 1378 124 80 nok
2134 1376 262 101 frietage
2454 1385 142 76 dem
2648 1376 102 98 for

984 1486 258 76 faftum
1284 1491 24 78 i
1346 1491 96 97 sig
1480 1488 172 100 selv;
1708 1511 146 58 men
1898 1489 168 98 hvor
2106 1496 142 78 vidt
2288 1501 74 74 de
2390 1495 206 81 kunde
2636 1500 116 76 alle

988 1606 309 99 frietages
1352 1603 105 101 for
1498 1604 319 101 Overlæg
1858 1612 145 78 med
2046 1616 211 76 anden
2304 1609 251 102 Pøbel,
2598 1630 159 64 maa

985 1746 166 65 man
1179 1725 164 96 sætte
1379 1726 254 92 derhen.
1735 1727 220 90 Dette
1997 1730 198 82 bliver
2237 1751 70 64 ar
2347 1741 170 92 legge
2542 1733 185 83 Meer-

979 1847 83 81 kse
979 1848 78 80 le
1093 1851 118 80 til:
1273 1847 68 98 I
1379 1848 278 98 Bergen
1699 1871 66 62 er
1801 1871 78 60 en
1919 1851 228 101 Pøbel
2189 1852 568 100 sammenmænget

988 1968 88 101 af
1112 1969 230 100 ligesaa
1380 1992 234 78 mange
1630 1972 378 101 Fremmede
2046 1974 106 96 fra
2182 1974 394 102 Tydffland,
2616 1978 136 94 som

980 2085 406 101 Jndfødde,
1444 2094 110 76 der
1610 2090 122 84 har
1778 2093 80 92 sit
1896 2090 324 100 Udspring
2262 2091 106 96 fra
2414 2101 120 76 den
2590 2094 162 98 Tid,

984 2201 581 101 Handsestæderne
1610 2204 315 95 bestyrede
1952 2203 277 99 Norges
2256 2211 501 100 Fiske-Handel,

983 2340 92 75 og
1121 2339 126 62 var
1281 2315 210 101 Eyere
1527 2318 80 96 af
1643 2326 100 77 det
1777 2321 368 103 Bergenske
2161 2326 244 99 Tydske
2449 2329 306 97 Contoir,

985 2438 238 90 hvilket
1263 2435 386 103 Regimente
1689 2465 92 60 nu
1825 2465 64 60 er
1933 2443 192 89 Ende
2150 2452 206 91 paa-i
2339 2453 18 78 i
2385 2449 370 100 Henseende

986 2558 78 80 ril
1104 2555 394 102 Handelens
1542 2556 402 103 Bestyrelse,
2016 2570 110 78 der
2184 2586 92 61 nu
2330 2563 155 101 skeer
2544 2566 86 96 af
2678 2578 76 74 de

986 2671 400 101 Jndfødde;
1458 2696 146 62 men
1664 2679 176 90 hvad
1900 2681 656 102 Arbeyds-Folkene
2614 2708 140 74 paa

990 2793 341 101 Contoiret
1392 2816 79 76 og
1512 2788 525 108 Haandværks-
2058 2804 163 100 Folk
2274 2825 337 81 angaaer,
2664 2816 89 76 da

993 2915 396 81 kontinuerer
1459 2922 100 76 det
1629 2923 262 92 endnu,
1963 2940 72 64 at
2099 2922 380 100 Fremmede
2545 2932 204 94 aarlig

989 3036 288 80 kommer
1321 3033 154 97 ind,
1539 3056 82 76 og
1679 3041 76 76 de
1793 3043 196 93 fleeste
2035 3062 96 60 ere
2171 3042 280 97 Tydske,
2515 3044 247 96 hvoraf

990 3153 206 96 reyser
1240 3155 92 94 sig
1388 3170 58 64 et
1492 3154 242 99 Slags
1782 3157 342 100 Schisma
2166 3164 222 81 blandt
2426 3161 316 100 Pøbelen.

992 3270 178 87 Ved
1214 3273 342 97 Samling
1622 3275 82 96 af
1754 3281 128 88 sine
1938 3286 316 92 gevorbne
2314 3283 434 84 Landsmænd

992 3410 67 66 er
1118 3401 119 78 den
1296 3393 343 100 fremmede
1680 3397 229 106 Pøbel
1954 3404 215 88 bleven
2224 3423 225 80 oprørt
2504 3409 69 76 til
2630 3406 117 94 flig

2513 3516 238 90 Ubæn-
