3045 4527
963 734 242 76 mange
1259 710 150 83 Aar
1471 706 204 82 betalt
1727 725 76 58 en
1845 700 266 97 anseelig
2143 700 436 102 Brakkeffat,
2621 702 136 95 som

966 871 94 56 nu
1108 868 64 58 er
1230 841 332 98 ophævet,
1640 859 82 74 og
1774 834 326 95 endffiont
2156 834 360 99 Borgerne
2550 838 20 78 i
2610 833 150 100 visse

965 979 308 82 Maader
1336 973 215 80 kunde
1616 967 169 96 have
1842 966 275 100 Fordeel
2165 974 116 74 ved
2332 967 425 98 Jndqvarke«

963 1111 195 93 ring,
1209 1106 119 92 saa
1371 1107 127 94 har
1539 1110 75 78 de
1643 1098 247 104 rettelig
1941 1114 173 81 taget
2161 1108 205 78 under
2419 1099 343 98 Betragt

964 1243 189 93 uing,
1190 1254 72 64 at
1294 1234 572 93 Arbeidsstanden
1896 1230 142 94 som
2062 1231 438 82 Medlemmer
2536 1228 77 96 af
2646 1237 108 82 det

965 1371 218 102 Hele,
1245 1391 80 74 og
1361 1369 20 78 i
1417 1365 116 95 faa
1573 1364 268 83 Maade
1891 1362 108 98 fra
2035 1363 216 99 Byen
2300 1363 459 95 uadskssxlendfe,-

964 1506 172 106 vilde
966 1507 170 78 vilde
1170 1507 234 81 derved
1450 1498 114 78 udi
1612 1503 166 74 dens
1836 1496 434 98 Fortjenester
2322 1496 432 96 indffrenkes,

964 1661 83 72 og
1084 1633 267 97 følgelig
1384 1631 213 81 kunde
1638 1629 173 80 blive
1848 1626 365 99 Borgerne
2250 1626 125 94 selv
2414 1629 73 78 til
2528 1623 239 99 ligesaa

963 1775 135 94 stor
1125 1768 291 96 Byrde,
1473 1782 179 60 naar
1689 1758 345 97 betænkes,
2069 1777 73 62 at
2175 1766 115 74 des
2325 1763 147 92 flere
2499 1758 275 100 Fattige

968 1916 254 69 maatte
1254 1898 376 91 nødvendig
1684 1893 166 80 blive
1896 1896 138 89 lagr
2080 1912 134 73 paa
2258 1890 254 96 Byen,
2598 1890 138 97 hvil-

965 2033 98 82 ket
1117 2032 122 94 vist
1297 2029 210 98 havde
1566 2019 220 102 skeet-,·.
1859 2043 174 60 naar
2093 2022 146 98 hine
2295 2021 206 98 ffulde
2543 2027 218 93 opæde

965 2161 189 100 disses
1191 2160 219 85 Brød
1444 2180 80 74 og
1565 2156 451 104 Fortjenester.

1171 2428 71 100 I
1295 2427 128 100 hele
1469 2426 220 100 Byen
1749 2448 66 59 er
1861 2428 196 93 ingen
2101 2418 662 114 Rangs-Personer,

968 2567 340 91 undtagen
1342 2558 406 100 Byefogd.n
1798 2580 134 74 paa
1968 2555 448 95 Bragernes,
2462 2553 136 93 som
2638 2551 124 94 har

969 2695 326 86 Caracrer
1327 2689 82 96 af
1435 2689 616 98 Ober-Auditeur,
2103 2708 78 74 og
2218 2686 337 95 Kongens
2598 2682 139 89 Tol-

965 2835 139 93 der,
1155 2826 137 96 som
1331 2847 63 60 er
1413 2825 349 95 Capitain.
1865 2820 135 87 De
2039 2819 449 98 fornemmeste
2505 2816 263 93 Byens

966 2961 629 97 Bestillingsmænd
1630 2977 99 62 ere
1766 2960 188 76 ellers
1994 2950 772 97 Stads-Capitainerne

965 3115 86 76 og
1091 3095 190 95 begge
1311 3088 876 97 Brand-Jnspecteurerne,
2227 3084 170 96 samt
2435 3089 72 75 de
2541 3082 90 98 sex
2659 3087 74 76 de-

964 3230 312 93 puterede
1316 3223 316 99 Borgere
1678 3243 136 76 paa
1864 3218 432 99 Bragernes.
2450 3215 168 93 Der
2666 3235 102 62 ere

961 3363 228 78 endnu
1256 3363 187 90 nogle
1502 3354 359 96 Levninger
1910 3351 241 98 tilbage
2190 3348 81 98 af
2310 3353 121 78 den
2474 3349 293 93 gammel

961 3493 181 91 Lags
1191 3485 485 103 Enfoldighed,
1757 3506 157 62 men
1971 3489 147 76 med
2177 3488 123 76 den
2349 3484 221 91 gamle
2603 3485 163 90 gode

962 3619 546 102 Troeffyldighed
1582 3641 82 76 og
1724 3616 358 100 indbyrdes
2150 3610 450 108 Forstaaelse,
2698 3631 68 64 er

2559 3752 106 79 det
