2866 4521
1567 304 77 65 gi

115 501 144 106 haft
291 520 186 82 noget
513 518 66 64 at
613 493 298 102 udsætte:
979 495 244 103 Norge
1253 500 122 100 har
1411 498 200 98 tilveje-

117 655 200 95 bragt
361 648 410 95 Generaler,
851 645 384 86 Admiraler
1279 668 82 74 og
1405 646 244 96 Lærde,

115 795 137 98 som
292 806 202 86 endog
527 796 123 94 har
681 809 203 64 været
929 789 287 83 bekjendt
1265 790 125 102 hos
1429 784 201 102 Frem-

116 951 174 72 mede
310 962 22 78 ;
398 940 216 94 Men,
650 940 66 95 I
756 943 90 74 vil
882 939 166 98 sige,
1090 935 186 100 faae:
1356 934 112 102 Ja
1502 944 128 74 nød-

116 1088 234 94 vendig
370 1134 20 48 ,
470 1082 176 98 fordi
698 1084 66 97 I
826 1081 124 100 har
1014 1081 274 96 forsomt
1334 1100 72 64 at
1448 1081 215 87 Hende

118 1239 189 93 dem;
352 1226 239 98 Altsaa
611 1230 182 78 kan-Ud
826 1235 105 72 det
962 1229 123 80 ikke
1122 1248 171 60 være
1322 1224 345 98 Aarsagen

121 1378 234 94 dertil,
425 1392 70 62 at
531 1374 64 98 I
641 1374 166 100 have
861 1377 354 92 negligered
1263 1382 74 70 de
1371 1368 292 100 Norske,

129 1541 152 60 men
333 1528 166 72 dette
545 1526 176 74 lader
757 1519 88 94 sig
877 1535 314 62 nærmere
1243 1516 256 96 begribe
1527 1510 140 98 som

129 1658 308 100 Aarsag,
517 1678 70 64 at
633 1660 68 100 I
754 1656 282 124 maaskee
1103 1661 166 98 have
1335 1660 336 82 mistænkt

132 1819 146 72 dem
338 1804 102 98 for
506 1826 70 62 at
632 1810 144 76 ville
834 1801 406 100 foretrækkes
1298 1824 240 78 mange
1600 1800 80 99 af

132 1951 176 88 Eder
360 1952 20 80 i
422 1948 390 101 Duelighed
868 1949 74 82 til
990 1947 332 97 Kongens
1372 1970 84 76 og
1504 1946 134 86 Lan-

136 2107 150 79 dets
356 2092 340 96 Tieneste,
788 2093 136 94 som
982 2097 144 78 ville
1184 2094 282 98 tildrage
1520 2104 148 74 dem

128 2238 471 102 Monarchens
674 2236 627 103 Opmærksomhed,
1407 2260 82 72 og
1560 2246 109 76 det

131 2387 208 80 kunde
393 2380 68 100 I
513 2382 466 95 formodentlig
1023 2381 122 80 ikke
1187 2390 194 72 taale.
1475 2378 174 88 Der-

131 2529 136 96 som
317 2528 68 98 I
421 2526 244 96 oversee
701 2533 96 76 alt
831 2525 174 100 hvad
1039 2523 136 96 som
1207 2534 170 70 uden
1411 2522 102 100 for
1549 2534 122 76 den

131 2676 277 95 geistlige
487 2672 261 84 Stand
829 2673 23 78 i
931 2669 193 96 begge
1185 2669 325 97 Riigerne
1587 2694 85 76 og

130 2813 666 101 Fyrstendømmerne
828 2815 114 80 udi
978 2821 118 74 alle
1128 2811 238 88 Etater
1400 2820 274 92 udgiøre

136 2959 142 100 høje
324 2966 144 76 eller
518 2962 256 96 ringere
824 2955 370 99 Embeder,
1256 2966 90 72 da
1398 2960 126 96 stal
1570 2970 108 73 det

142 3105 120 80 ikke
296 3104 292 96 befindes
640 3122 72 64 at
758 3105 76 80 til
880 3111 76 72 de
1008 3107 268 95 mindste
1314 3100 246 104 Poster
1608 3126 70 63 er

145 3254 404 96 employered
649 3271 110 65 een
841 3247 418 90 Nordmand
1349 3250 180 82 imod
1621 3250 52 84 ti

879 3389 66 104 F
1337 3390 216 94 Dan-
