3013 4479
1084 465 95 72 42

1766 662 256 124 III.

986 930 204 116 Om
1278 918 744 144 Indbyggernes
2107 921 326 146 øvrige
2510 930 228 120 Leve-

1119 1107 288 96 maqde
1431 1099 166 114 som
1619 1097 590 118 tilveiebringes
2229 1111 142 90 ved
2391 1107 226 102 Oeco-

1317 1275 266 88 nomie
1629 1291 98 92 og
1775 1271 628 116 Jorddyrkning.

991 1469 250 186 Efter
1283 1559 156 96 næst
1477 1555 432 98 foregaaende
1945 1555 402 98 Beffrivelse
2381 1561 206 98 ffulde
2615 1579 124 64 tæn-

981 1689 136 98 kes,
1153 1709 74 64 at
1261 1691 362 98 Handelen
1661 1693 18 76 i
1719 1689 406 86 Drammen
2177 1709 126 62 var
2341 1689 84 98 af
2461 1699 122 76 den
2619 1695 118 86 Be-

979 1823 400 100 skaffenhed,
1425 1839 74 64 at
1539 1829 120 76 den
1701 1839 248 68 maatte
2015 1827 296 92 ødelegge
2357 1825 156 96 hver
2543 1833 222 74 anden

979 1959 282 98 Mand,
1335 1959 20 76 i
1413 1955 468 98 Betragtning
1931 1961 110 76 der
2105 1955 128 80 ikke
2279 1957 238 80 vindes
2569 1975 196 78 noget

979 2097 120 74 ved
1143 2095 74 74 de
1271 2093 180 76 reelle
1495 2089 472 98 Handlinger;
2035 2087 162 86 Det
2241 2109 64 58 er
2359 2087 236 98 sandt,
2655 2093 104 78 det

977 2237 256 68 maatte
1285 2243 78 74 og
1419 2221 160 96 ffee,
1653 2219 248 84 dersom
1943 2221 128 78 ikke
2121 2225 76 76 de
2239 2219 260 82 Gamle
2547 2221 212 98 havde

975 2355 216 96 tillagt
1241 2353 92 98 sig
1395 2357 146 92 det,
1609 2355 74 76 de
1737 2373 90 58 nu
1879 2351 132 82 kan
2069 2353 168 96 have
2285 2367 74 66 at
2407 2365 150 66 tære
2597 2371 160 76 paa.

973 2477 136 96 De
1145 2507 174 76 unge
1335 2483 408 100 Begyndere
1819 2481 164 100 (især
2031 2489 74 76 de
2163 2481 134 94 som
2363 2485 160 78 intet
2571 2483 122 98 har
2739 2483 22 82 i

975 2617 268 100 Vente)
1299 2617 126 98 ffal
1465 2639 92 58 nu
1589 2615 152 96 efter
1775 2623 204 74 denne
2015 2613 178 92 Tids
2233 2615 494 100 Handels-For-

971 2749 266 98 fatning
1285 2749 126 82 ikke
1465 2771 260 76 engang
1771 2753 300 78 drømme
2129 2769 108 60 om
2275 2749 478 102 Fortjenester,

973 2887 258 80 mindre
1265 2883 210 100 haabe
1511 2901 72 64 ar
1621 2889 170 90 legge
1829 2885 90 96 sig
1955 2897 192 82 noget
2193 2883 74 80 til
2297 2879 244 100 Beste,
2595 2881 128 80 kun-

969 3023 80 76 de
1093 3025 74 74 de
1211 3021 186 78 alene
1455 3013 312 100 forlænge
1833 3013 218 84 Livets
2127 3009 402 100 nødtørftige
2595 3011 124 98 Op-

975 3151 190 98 hold,
1217 3151 72 80 til
1323 3147 328 92 Tidernes
1687 3149 380 98 ønffeligere
2097 3147 470 100 Forandring,
2619 3163 128 62 var

971 3289 106 80 det
1125 3287 100 74 vel
1259 3281 222 98 stræbt
1521 3281 148 100 disse
1717 3281 248 98 Tider,
2017 3279 344 82 imidlertid
2413 3297 64 62 er
2505 3273 213 86 Vind-

971 3392 375 134 jkibelighed
1391 3435 78 74 og
1507 3411 326 100 fornuftig
1873 3413 516 100 Huusholding,
2435 3407 136 96 som
2599 3407 150 100 disse

973 3545 318 100 Borgere
1321 3545 308 102 besidder,
1651 3547 276 102 Fortrin
1945 3543 166 100 frem
2133 3541 102 100 for
2255 3563 240 76 mange
2517 3547 230 94 andre,

2371 3675 274 98 egentlig
