<?xml version="1.0" encoding="utf-8"?>
<alto xmlns="http://www.loc.gov/standards/alto/ns-v3#" xmlns:xs="http://www.w3.org/2001/XMLSchema-instance" xmlns:xlink="http://www.w3.org/1999/xlink">
	<Description>
		<MeasurementUnit>pixel</MeasurementUnit>
		<sourceImageInformation>
			<fileName>130017168283_1_011_001_084.tif</fileName>
		</sourceImageInformation>
		<OCRProcessing ID="OCR1">
			<ocrProcessingStep>
				<processingDateTime>2018-09-13</processingDateTime>
				<processingAgency>Zissor AS</processingAgency>
				<processingStepSettings>Combined OCR</processingStepSettings>
				<processingSoftware>
					<softwareCreator>Zissor AS</softwareCreator>
					<softwareName>ContentOCR-11; ContentOCR-Tesseract</softwareName>
					<softwareVersion>2.0.2; 2.0.0</softwareVersion>
					<applicationDescription>OCR Component for Zissor Content System</applicationDescription>
				</processingSoftware>
			</ocrProcessingStep>
		</OCRProcessing>
	</Description>
	<Styles>
		<TextStyle ID="STYLE1" FONTFAMILY="Times New Roman" FONTSIZE="15" FONTSTYLE=""/>
		<TextStyle ID="STYLE2" FONTFAMILY="Times New Roman" FONTSIZE="13" FONTSTYLE=""/>
		<TextStyle ID="STYLE3" FONTFAMILY="Arial" FONTSIZE="12" FONTSTYLE=""/>
	</Styles>
	<Layout>
		<Page ID="PAGE84" HEIGHT="4482" WIDTH="2882" PHYSICAL_IMG_NR="84" PROCESSING="OCR1" PC="0.7">
			<TopMargin HEIGHT="388" WIDTH="2882" HPOS="0" VPOS="0"/>
			<LeftMargin HEIGHT="3268" WIDTH="927" HPOS="0" VPOS="388"/>
			<RightMargin HEIGHT="3268" WIDTH="206" HPOS="2676" VPOS="388"/>
			<BottomMargin HEIGHT="824" WIDTH="2882" HPOS="0" VPOS="3658"/>
			<PrintSpace ID="PRINTSPACE1" HEIGHT="3268" WIDTH="1747" HPOS="928" VPOS="389">
				<ComposedBlock xs:type="ComposedBlockType" ID="ARTICLE110161" HEIGHT="3268" WIDTH="1747" HPOS="928" VPOS="389" xlink:type="simple">
					<TextBlock xs:type="TextBlockType" ID="ZONE1144640" HEIGHT="96" WIDTH="123" HPOS="936" VPOS="389" xlink:type="simple">
						<TextLine ID="LINE1" HEIGHT="96" WIDTH="123" HPOS="936" VPOS="389">
							<String ID="STRING1" STYLEREFS="STYLE1" HEIGHT="96" WIDTH="123" HPOS="936" VPOS="389" CONTENT="84" WC="0.68" LANG="nob"/>
						</TextLine>
					</TextBlock>
					<TextBlock xs:type="TextBlockType" ID="ZONE1144641" HEIGHT="1099" WIDTH="1732" HPOS="928" VPOS="581" xlink:type="simple">
						<TextLine ID="LINE2" HEIGHT="104" WIDTH="1682" HPOS="934" VPOS="586">
							<String ID="STRING2" STYLEREFS="STYLE2" HEIGHT="73" WIDTH="78" HPOS="934" VPOS="604" CONTENT="de" WC="0.63" LANG="dan"/>
							<SP ID="SP1" WIDTH="36" HPOS="1012" VPOS="604"/>
							<String ID="STRING3" STYLEREFS="STYLE2" HEIGHT="97" WIDTH="228" HPOS="1048" VPOS="593" CONTENT="Ting," WC="0.68" LANG="dan"/>
							<SP ID="SP2" WIDTH="58" HPOS="1276" VPOS="593"/>
							<String ID="STRING4" STYLEREFS="STYLE2" HEIGHT="86" WIDTH="136" HPOS="1334" VPOS="595" CONTENT="fom" WC="0.36" LANG="dan"/>
							<SP ID="SP3" WIDTH="42" HPOS="1470" VPOS="595"/>
							<String ID="STRING5" STYLEREFS="STYLE2" HEIGHT="70" WIDTH="76" HPOS="1512" VPOS="598" CONTENT="de" WC="0.65" LANG="dan"/>
							<SP ID="SP4" WIDTH="34" HPOS="1588" VPOS="598"/>
							<String ID="STRING6" STYLEREFS="STYLE2" HEIGHT="78" WIDTH="54" HPOS="1622" VPOS="589" CONTENT="ei" WC="0.98" LANG="dan"/>
							<SP ID="SP5" WIDTH="40" HPOS="1676" VPOS="589"/>
							<String ID="STRING7" STYLEREFS="STYLE2" HEIGHT="88" WIDTH="124" HPOS="1716" VPOS="589" CONTENT="selv" WC="0.92" LANG="dan"/>
							<SP ID="SP6" WIDTH="34" HPOS="1840" VPOS="589"/>
							<String ID="STRING8" STYLEREFS="STYLE2" HEIGHT="79" WIDTH="142" HPOS="1874" VPOS="586" CONTENT="'kan" WC="0.92" LANG="dan"/>
							<SP ID="SP7" WIDTH="40" HPOS="2016" VPOS="586"/>
							<String ID="STRING9" STYLEREFS="STYLE2" HEIGHT="94" WIDTH="228" HPOS="2056" VPOS="587" CONTENT="giøre," WC="0.6" LANG="dan"/>
							<SP ID="SP8" WIDTH="54" HPOS="2284" VPOS="587"/>
							<String ID="STRING10" STYLEREFS="STYLE2" HEIGHT="74" WIDTH="84" HPOS="2338" VPOS="603" CONTENT="og" WC="0.65" LANG="dan"/>
							<SP ID="SP9" WIDTH="36" HPOS="2422" VPOS="603"/>
							<String ID="STRING11" STYLEREFS="STYLE2" HEIGHT="60" WIDTH="158" HPOS="2458" VPOS="602" CONTENT="man" SUBS_TYPE="HypPart1" SUBS_CONTENT="mange" WC="0.89" LANG="dan"/>
							<HYP CONTENT="-"/>
						</TextLine>
						<TextLine ID="LINE3" HEIGHT="107" WIDTH="1717" HPOS="934" VPOS="685">
							<String ID="STRING12" STYLEREFS="STYLE2" HEIGHT="74" WIDTH="77" HPOS="934" VPOS="717" CONTENT="ge" SUBS_TYPE="HypPart2" SUBS_CONTENT="mange" WC="0.69" LANG="dan"/>
							<SP ID="SP10" WIDTH="51" HPOS="1011" VPOS="717"/>
							<String ID="STRING13" STYLEREFS="STYLE2" HEIGHT="92" WIDTH="191" HPOS="1062" VPOS="700" CONTENT="giøre" WC="0.79" LANG="dan"/>
							<SP ID="SP11" WIDTH="43" HPOS="1253" VPOS="700"/>
							<String ID="STRING14" STYLEREFS="STYLE2" HEIGHT="93" WIDTH="301" HPOS="1296" VPOS="693" CONTENT="Tingene" WC="0.79" LANG="dan"/>
							<SP ID="SP12" WIDTH="49" HPOS="1597" VPOS="693"/>
							<String ID="STRING15" STYLEREFS="STYLE2" HEIGHT="78" WIDTH="157" HPOS="1646" VPOS="705" CONTENT="got," WC="0.69" LANG="dan"/>
							<SP ID="SP13" WIDTH="55" HPOS="1803" VPOS="705"/>
							<String ID="STRING16" STYLEREFS="STYLE2" HEIGHT="72" WIDTH="83" HPOS="1858" VPOS="708" CONTENT="og" WC="0.65" LANG="dan"/>
							<SP ID="SP14" WIDTH="53" HPOS="1941" VPOS="708"/>
							<String ID="STRING17" STYLEREFS="STYLE2" HEIGHT="78" WIDTH="295" HPOS="1994" VPOS="686" CONTENT="creticere" WC="0.59" LANG="dan"/>
							<SP ID="SP15" WIDTH="55" HPOS="2289" VPOS="686"/>
							<String ID="STRING18" STYLEREFS="STYLE2" HEIGHT="88" WIDTH="107" HPOS="2344" VPOS="685" CONTENT="sier" WC="0.73" LANG="dan"/>
							<SP ID="SP16" WIDTH="47" HPOS="2451" VPOS="685"/>
							<String ID="STRING19" STYLEREFS="STYLE2" HEIGHT="60" WIDTH="153" HPOS="2498" VPOS="703" CONTENT="over" WC="0.67" LANG="dan"/>
						</TextLine>
						<TextLine ID="LINE4" HEIGHT="104" WIDTH="1722" HPOS="933" VPOS="781">
							<String ID="STRING20" STYLEREFS="STYLE2" HEIGHT="72" WIDTH="176" HPOS="933" VPOS="804" CONTENT="dem." WC="0.69" LANG="dan"/>
							<SP ID="SP17" WIDTH="110" HPOS="1109" VPOS="804"/>
							<String ID="STRING21" STYLEREFS="STYLE2" HEIGHT="67" WIDTH="66" HPOS="1219" VPOS="800" CONTENT="k." WC="0.62" LANG="dan"/>
							<SP ID="SP18" WIDTH="42" HPOS="1285" VPOS="800"/>
							<String ID="STRING22" STYLEREFS="STYLE2" HEIGHT="67" WIDTH="330" HPOS="1327" VPOS="796" CONTENT="Larneiils" WC="0.48" LANG="dan"/>
							<SP ID="SP19" WIDTH="35" HPOS="1657" VPOS="796"/>
							<String ID="STRING23" STYLEREFS="STYLE3" HEIGHT="79" WIDTH="128" HPOS="1692" VPOS="806" CONTENT="var" WC="0.79" LANG="dan"/>
							<SP ID="SP20" WIDTH="43" HPOS="1820" VPOS="806"/>
							<String ID="STRING24" STYLEREFS="STYLE2" HEIGHT="54" WIDTH="76" HPOS="1863" VPOS="808" CONTENT="en" WC="0.63" LANG="dan"/>
							<SP ID="SP21" WIDTH="42" HPOS="1939" VPOS="808"/>
							<String ID="STRING25" STYLEREFS="STYLE2" HEIGHT="96" WIDTH="420" HPOS="1981" VPOS="783" CONTENT="uforlignelig" WC="0.66" LANG="dan"/>
							<SP ID="SP22" WIDTH="34" HPOS="2401" VPOS="783"/>
							<String ID="STRING26" STYLEREFS="STYLE2" HEIGHT="99" WIDTH="220" HPOS="2435" VPOS="781" CONTENT="Poer," WC="0.61" LANG="dan"/>
						</TextLine>
						<TextLine ID="LINE5" HEIGHT="100" WIDTH="1716" HPOS="938" VPOS="882">
							<String ID="STRING27" STYLEREFS="STYLE2" HEIGHT="60" WIDTH="150" HPOS="938" VPOS="915" CONTENT="men" WC="1" LANG="dan"/>
							<SP ID="SP23" WIDTH="50" HPOS="1088" VPOS="915"/>
							<String ID="STRING28" STYLEREFS="STYLE2" HEIGHT="56" WIDTH="76" HPOS="1138" VPOS="914" CONTENT="en" WC="1" LANG="dan"/>
							<SP ID="SP24" WIDTH="52" HPOS="1214" VPOS="914"/>
							<String ID="STRING29" STYLEREFS="STYLE2" HEIGHT="88" WIDTH="332" HPOS="1266" VPOS="894" CONTENT="maadelig" WC="0.74" LANG="dan"/>
							<SP ID="SP25" WIDTH="61" HPOS="1598" VPOS="894"/>
							<String ID="STRING30" STYLEREFS="STYLE2" HEIGHT="83" WIDTH="311" HPOS="1659" VPOS="886" CONTENT="Crikicus" WC="0.59" LANG="dan"/>
							<SP ID="SP26" WIDTH="49" HPOS="1970" VPOS="886"/>
							<String ID="STRING31" STYLEREFS="STYLE2" HEIGHT="72" WIDTH="19" HPOS="2019" VPOS="889" CONTENT="i" WC="0.7" LANG="dan"/>
							<SP ID="SP27" WIDTH="53" HPOS="2038" VPOS="889"/>
							<String ID="STRING32" STYLEREFS="STYLE2" HEIGHT="97" WIDTH="257" HPOS="2091" VPOS="883" CONTENT="Poesie." WC="0.71" LANG="deu"/>
							<SP ID="SP28" WIDTH="139" HPOS="2348" VPOS="883"/>
							<String ID="STRING33" STYLEREFS="STYLE2" HEIGHT="84" WIDTH="167" HPOS="2487" VPOS="882" CONTENT="Det" WC="0.53" LANG="dan"/>
						</TextLine>
						<TextLine ID="LINE6" HEIGHT="107" WIDTH="1722" HPOS="930" VPOS="982">
							<String ID="STRING34" STYLEREFS="STYLE2" HEIGHT="75" WIDTH="217" HPOS="930" VPOS="1014" CONTENT="gaaer" WC="0.79" LANG="dan"/>
							<SP ID="SP29" WIDTH="63" HPOS="1147" VPOS="1014"/>
							<String ID="STRING35" STYLEREFS="STYLE2" HEIGHT="75" WIDTH="398" HPOS="1210" VPOS="994" CONTENT="undertiden" WC="0.64" LANG="dan"/>
							<SP ID="SP30" WIDTH="74" HPOS="1608" VPOS="994"/>
							<String ID="STRING36" STYLEREFS="STYLE2" HEIGHT="82" WIDTH="114" HPOS="1682" VPOS="989" CONTENT="saa" WC="0.87" LANG="dan"/>
							<SP ID="SP31" WIDTH="62" HPOS="1796" VPOS="989"/>
							<String ID="STRING37" STYLEREFS="STYLE2" HEIGHT="83" WIDTH="191" HPOS="1858" VPOS="986" CONTENT="vidr," WC="0.35" LANG="dan"/>
							<SP ID="SP32" WIDTH="73" HPOS="2049" VPOS="986"/>
							<String ID="STRING38" STYLEREFS="STYLE2" HEIGHT="60" WIDTH="74" HPOS="2122" VPOS="1000" CONTENT="ak" WC="0.65" LANG="dan"/>
							<SP ID="SP33" WIDTH="48" HPOS="2196" VPOS="1000"/>
							<String ID="STRING39" STYLEREFS="STYLE2" HEIGHT="83" WIDTH="408" HPOS="2244" VPOS="982" CONTENT="Arbeideren" WC="0.66" LANG="nob"/>
						</TextLine>
						<TextLine ID="LINE7" HEIGHT="106" WIDTH="1712" HPOS="937" VPOS="1081">
							<String ID="STRING40" STYLEREFS="STYLE2" HEIGHT="90" WIDTH="154" HPOS="937" VPOS="1097" CONTENT="giør" WC="0.76" LANG="dan"/>
							<SP ID="SP34" WIDTH="72" HPOS="1091" VPOS="1097"/>
							<String ID="STRING41" STYLEREFS="STYLE2" HEIGHT="84" WIDTH="80" HPOS="1163" VPOS="1092" CONTENT="sit" WC="0.4" LANG="dan"/>
							<SP ID="SP35" WIDTH="50" HPOS="1243" VPOS="1092"/>
							<String ID="STRING42" STYLEREFS="STYLE2" HEIGHT="80" WIDTH="252" HPOS="1293" VPOS="1089" CONTENT="Arbeid" WC="0.44" LANG="nob"/>
							<SP ID="SP36" WIDTH="72" HPOS="1545" VPOS="1089"/>
							<String ID="STRING43" STYLEREFS="STYLE2" HEIGHT="101" WIDTH="326" HPOS="1617" VPOS="1083" CONTENT="formflig" WC="0.47" LANG="dan"/>
							<SP ID="SP37" WIDTH="58" HPOS="1943" VPOS="1083"/>
							<String ID="STRING44" STYLEREFS="STYLE2" HEIGHT="94" WIDTH="156" HPOS="2001" VPOS="1081" CONTENT="efter" WC="0.86" LANG="dan"/>
							<SP ID="SP38" WIDTH="66" HPOS="2157" VPOS="1081"/>
							<String ID="STRING45" STYLEREFS="STYLE2" HEIGHT="68" WIDTH="76" HPOS="2223" VPOS="1092" CONTENT="de" WC="0.62" LANG="dan"/>
							<SP ID="SP39" WIDTH="54" HPOS="2299" VPOS="1092"/>
							<String ID="STRING46" STYLEREFS="STYLE2" HEIGHT="95" WIDTH="296" HPOS="2353" VPOS="1081" CONTENT="Regler," WC="0.75" LANG="dan"/>
						</TextLine>
						<TextLine ID="LINE8" HEIGHT="104" WIDTH="1713" HPOS="935" VPOS="1181">
							<String ID="STRING47" STYLEREFS="STYLE2" HEIGHT="89" WIDTH="139" HPOS="935" VPOS="1196" CONTENT="som" WC="0.49" LANG="dan"/>
							<SP ID="SP40" WIDTH="39" HPOS="1074" VPOS="1196"/>
							<String ID="STRING48" STYLEREFS="STYLE2" HEIGHT="92" WIDTH="135" HPOS="1113" VPOS="1186" CONTENT="han" WC="0.76" LANG="dan"/>
							<SP ID="SP41" WIDTH="37" HPOS="1248" VPOS="1186"/>
							<String ID="STRING49" STYLEREFS="STYLE2" HEIGHT="73" WIDTH="261" HPOS="1285" VPOS="1209" CONTENT="engang" WC="0.65" LANG="dan"/>
							<SP ID="SP42" WIDTH="35" HPOS="1546" VPOS="1209"/>
							<String ID="STRING50" STYLEREFS="STYLE2" HEIGHT="89" WIDTH="125" HPOS="1581" VPOS="1186" CONTENT="har" WC="0.38" LANG="dan"/>
							<SP ID="SP43" WIDTH="41" HPOS="1706" VPOS="1186"/>
							<String ID="STRING51" STYLEREFS="STYLE2" HEIGHT="83" WIDTH="183" HPOS="1747" VPOS="1191" CONTENT="lært," WC="0.87" LANG="dan"/>
							<SP ID="SP44" WIDTH="53" HPOS="1930" VPOS="1191"/>
							<String ID="STRING52" STYLEREFS="STYLE2" HEIGHT="56" WIDTH="147" HPOS="1983" VPOS="1203" CONTENT="men" WC="1" LANG="dan"/>
							<SP ID="SP45" WIDTH="33" HPOS="2130" VPOS="1203"/>
							<String ID="STRING53" STYLEREFS="STYLE2" HEIGHT="56" WIDTH="65" HPOS="2163" VPOS="1202" CONTENT="er" WC="0.7" LANG="dan"/>
							<SP ID="SP46" WIDTH="37" HPOS="2228" VPOS="1202"/>
							<String ID="STRING54" STYLEREFS="STYLE2" HEIGHT="72" WIDTH="291" HPOS="2265" VPOS="1187" CONTENT="derimod" WC="0.49" LANG="dan"/>
							<SP ID="SP47" WIDTH="33" HPOS="2556" VPOS="1187"/>
							<String ID="STRING55" STYLEREFS="STYLE2" HEIGHT="80" WIDTH="59" HPOS="2589" VPOS="1181" CONTENT="ei" WC="0.64" LANG="dan"/>
						</TextLine>
						<TextLine ID="LINE9" HEIGHT="100" WIDTH="1712" HPOS="940" VPOS="1277">
							<String ID="STRING56" STYLEREFS="STYLE2" HEIGHT="76" WIDTH="22" HPOS="940" VPOS="1293" CONTENT="i" WC="0.36" LANG="dan"/>
							<SP ID="SP48" WIDTH="34" HPOS="962" VPOS="1293"/>
							<String ID="STRING57" STYLEREFS="STYLE2" HEIGHT="84" WIDTH="262" HPOS="996" VPOS="1287" CONTENT="Stand" WC="0.42" LANG="dan"/>
							<SP ID="SP49" WIDTH="50" HPOS="1258" VPOS="1287"/>
							<String ID="STRING58" STYLEREFS="STYLE2" HEIGHT="74" WIDTH="74" HPOS="1308" VPOS="1293" CONTENT="til" WC="0.54" LANG="dan"/>
							<SP ID="SP50" WIDTH="52" HPOS="1382" VPOS="1293"/>
							<String ID="STRING59" STYLEREFS="STYLE2" HEIGHT="62" WIDTH="76" HPOS="1434" VPOS="1302" CONTENT="at" WC="0.25" LANG="dan"/>
							<SP ID="SP51" WIDTH="46" HPOS="1510" VPOS="1302"/>
							<String ID="STRING60" STYLEREFS="STYLE2" HEIGHT="92" WIDTH="266" HPOS="1556" VPOS="1285" CONTENT="opfinde" WC="0.69" LANG="dan"/>
							<SP ID="SP52" WIDTH="34" HPOS="1822" VPOS="1285"/>
							<String ID="STRING61" STYLEREFS="STYLE2" HEIGHT="63" WIDTH="102" HPOS="1856" VPOS="1294" CONTENT="det" WC="0.51" LANG="dan"/>
							<SP ID="SP53" WIDTH="50" HPOS="1958" VPOS="1294"/>
							<String ID="STRING62" STYLEREFS="STYLE2" HEIGHT="91" WIDTH="270" HPOS="2008" VPOS="1283" CONTENT="mindste" WC="0.62" LANG="dan"/>
							<SP ID="SP54" WIDTH="36" HPOS="2278" VPOS="1283"/>
							<String ID="STRING63" STYLEREFS="STYLE2" HEIGHT="96" WIDTH="158" HPOS="2314" VPOS="1277" CONTENT="Nyt" WC="0.35" LANG="dan"/>
							<SP ID="SP55" WIDTH="34" HPOS="2472" VPOS="1277"/>
							<String ID="STRING64" STYLEREFS="STYLE2" HEIGHT="73" WIDTH="146" HPOS="2506" VPOS="1286" CONTENT="eller" WC="0.85" LANG="dan"/>
						</TextLine>
						<TextLine ID="LINE10" HEIGHT="104" WIDTH="1715" HPOS="940" VPOS="1379">
							<String ID="STRING65" STYLEREFS="STYLE2" HEIGHT="94" WIDTH="431" HPOS="940" VPOS="1389" CONTENT="Forbedring" WC="0.59" LANG="dan"/>
							<SP ID="SP56" WIDTH="47" HPOS="1371" VPOS="1389"/>
							<String ID="STRING66" STYLEREFS="STYLE2" HEIGHT="72" WIDTH="21" HPOS="1418" VPOS="1389" CONTENT="i" WC="0.84" LANG="dan"/>
							<SP ID="SP57" WIDTH="55" HPOS="1439" VPOS="1389"/>
							<String ID="STRING67" STYLEREFS="STYLE2" HEIGHT="88" WIDTH="247" HPOS="1494" VPOS="1386" CONTENT="samme" WC="0.83" LANG="dan"/>
							<SP ID="SP58" WIDTH="33" HPOS="1741" VPOS="1386"/>
							<String ID="STRING68" STYLEREFS="STYLE2" HEIGHT="94" WIDTH="249" HPOS="1774" VPOS="1379" CONTENT="Slag," WC="0.49" LANG="dan"/>
							<SP ID="SP59" WIDTH="59" HPOS="2023" VPOS="1379"/>
							<String ID="STRING69" STYLEREFS="STYLE2" HEIGHT="89" WIDTH="133" HPOS="2082" VPOS="1383" CONTENT="som" WC="0.65" LANG="dan"/>
							<SP ID="SP60" WIDTH="31" HPOS="2215" VPOS="1383"/>
							<String ID="STRING70" STYLEREFS="STYLE2" HEIGHT="74" WIDTH="295" HPOS="2246" VPOS="1383" CONTENT="derimod" WC="0.52" LANG="dan"/>
							<SP ID="SP61" WIDTH="36" HPOS="2541" VPOS="1383"/>
							<String ID="STRING71" STYLEREFS="STYLE2" HEIGHT="55" WIDTH="78" HPOS="2577" VPOS="1400" CONTENT="en" WC="1" LANG="dan"/>
						</TextLine>
						<TextLine ID="LINE11" HEIGHT="101" WIDTH="1716" HPOS="941" VPOS="1477">
							<String ID="STRING72" STYLEREFS="STYLE2" HEIGHT="79" WIDTH="261" HPOS="941" VPOS="1499" CONTENT="anden," WC="0.93" LANG="dan"/>
							<SP ID="SP62" WIDTH="57" HPOS="1202" VPOS="1499"/>
							<String ID="STRING73" STYLEREFS="STYLE2" HEIGHT="65" WIDTH="112" HPOS="1259" VPOS="1498" CONTENT="der" WC="0.75" LANG="dan"/>
							<SP ID="SP63" WIDTH="54" HPOS="1371" VPOS="1498"/>
							<String ID="STRING74" STYLEREFS="STYLE2" HEIGHT="74" WIDTH="50" HPOS="1425" VPOS="1484" CONTENT="ei" WC="1" LANG="dan"/>
							<SP ID="SP64" WIDTH="36" HPOS="1475" VPOS="1484"/>
							<String ID="STRING75" STYLEREFS="STYLE2" HEIGHT="74" WIDTH="126" HPOS="1511" VPOS="1484" CONTENT="kan" WC="0.67" LANG="dan"/>
							<SP ID="SP65" WIDTH="30" HPOS="1637" VPOS="1484"/>
							<String ID="STRING76" STYLEREFS="STYLE3" HEIGHT="86" WIDTH="185" HPOS="1667" VPOS="1486" CONTENT="gjøre" WC="0.79" LANG="dan"/>
							<SP ID="SP66" WIDTH="53" HPOS="1852" VPOS="1486"/>
							<String ID="STRING77" STYLEREFS="STYLE2" HEIGHT="68" WIDTH="106" HPOS="1905" VPOS="1488" CONTENT="det" WC="0.54" LANG="dan"/>
							<SP ID="SP67" WIDTH="44" HPOS="2011" VPOS="1488"/>
							<String ID="STRING78" STYLEREFS="STYLE2" HEIGHT="91" WIDTH="276" HPOS="2055" VPOS="1482" CONTENT="mindste" WC="0.68" LANG="dan"/>
							<SP ID="SP68" WIDTH="40" HPOS="2331" VPOS="1482"/>
							<String ID="STRING79" STYLEREFS="STYLE2" HEIGHT="97" WIDTH="81" HPOS="2371" VPOS="1477" CONTENT="af" WC="0.83" LANG="dan"/>
							<SP ID="SP69" WIDTH="25" HPOS="2452" VPOS="1477"/>
							<String ID="STRING80" STYLEREFS="STYLE2" HEIGHT="96" WIDTH="180" HPOS="2477" VPOS="1478" CONTENT="hans" WC="0.84" LANG="dan"/>
						</TextLine>
						<TextLine ID="LINE12" HEIGHT="104" WIDTH="1264" HPOS="942" VPOS="1574">
							<String ID="STRING81" STYLEREFS="STYLE2" HEIGHT="93" WIDTH="296" HPOS="942" VPOS="1585" CONTENT="Arbeid," WC="0.54" LANG="nob"/>
							<SP ID="SP70" WIDTH="54" HPOS="1238" VPOS="1585"/>
							<String ID="STRING82" STYLEREFS="STYLE2" HEIGHT="92" WIDTH="344" HPOS="1292" VPOS="1583" CONTENT="formaaer" WC="0.71" LANG="dan"/>
							<SP ID="SP71" WIDTH="38" HPOS="1636" VPOS="1583"/>
							<String ID="STRING83" STYLEREFS="STYLE2" HEIGHT="64" WIDTH="74" HPOS="1674" VPOS="1595" CONTENT="at" WC="0.7" LANG="dan"/>
							<SP ID="SP72" WIDTH="32" HPOS="1748" VPOS="1595"/>
							<String ID="STRING84" STYLEREFS="STYLE2" HEIGHT="98" WIDTH="426" HPOS="1780" VPOS="1574" CONTENT="frembringe." WC="0.78" LANG="dan"/>
						</TextLine>
					</TextBlock>
					<TextBlock xs:type="TextBlockType" ID="ZONE1144642" HEIGHT="1804" WIDTH="1736" HPOS="939" VPOS="1767" xlink:type="simple">
						<TextLine ID="LINE13" HEIGHT="109" WIDTH="1558" HPOS="1097" VPOS="1769">
							<String ID="STRING85" STYLEREFS="STYLE2" HEIGHT="94" WIDTH="126" HPOS="1097" VPOS="1784" CONTENT="2z)" WC="0.66" LANG="dan"/>
							<SP ID="SP73" WIDTH="34" HPOS="1223" VPOS="1784"/>
							<String ID="STRING86" STYLEREFS="STYLE2" HEIGHT="97" WIDTH="392" HPOS="1257" VPOS="1778" CONTENT="Fisserierne" WC="0.84" LANG="dan"/>
							<SP ID="SP74" WIDTH="46" HPOS="1649" VPOS="1778"/>
							<String ID="STRING87" STYLEREFS="STYLE2" HEIGHT="60" WIDTH="98" HPOS="1695" VPOS="1797" CONTENT="ere" WC="1" LANG="dan"/>
							<SP ID="SP75" WIDTH="32" HPOS="1793" VPOS="1797"/>
							<String ID="STRING88" STYLEREFS="STYLE2" HEIGHT="72" WIDTH="136" HPOS="1825" VPOS="1796" CONTENT="paa" WC="0.79" LANG="dan"/>
							<SP ID="SP76" WIDTH="34" HPOS="1961" VPOS="1796"/>
							<String ID="STRING89" STYLEREFS="STYLE2" HEIGHT="74" WIDTH="74" HPOS="1995" VPOS="1781" CONTENT="de" WC="0.66" LANG="dan"/>
							<SP ID="SP77" WIDTH="38" HPOS="2069" VPOS="1781"/>
							<String ID="STRING90" STYLEREFS="STYLE2" HEIGHT="94" WIDTH="166" HPOS="2107" VPOS="1774" CONTENT="fleste" WC="0.53" LANG="dan"/>
							<SP ID="SP78" WIDTH="34" HPOS="2273" VPOS="1774"/>
							<String ID="STRING91" STYLEREFS="STYLE2" HEIGHT="88" WIDTH="294" HPOS="2307" VPOS="1769" CONTENT="Stæder" WC="0.64" LANG="dan"/>
							<SP ID="SP79" WIDTH="30" HPOS="2601" VPOS="1769"/>
							<String ID="STRING92" STYLEREFS="STYLE2" HEIGHT="76" WIDTH="24" HPOS="2631" VPOS="1777" CONTENT="i" WC="1" LANG="dan"/>
						</TextLine>
						<TextLine ID="LINE14" HEIGHT="101" WIDTH="1705" HPOS="943" VPOS="1874">
							<String ID="STRING93" STYLEREFS="STYLE2" HEIGHT="96" WIDTH="221" HPOS="943" VPOS="1879" CONTENT="Riget" WC="0.66" LANG="dan"/>
							<SP ID="SP80" WIDTH="32" HPOS="1164" VPOS="1879"/>
							<String ID="STRING94" STYLEREFS="STYLE2" HEIGHT="91" WIDTH="352" HPOS="1196" VPOS="1883" CONTENT="anseelige," WC="0.83" LANG="dan"/>
							<SP ID="SP81" WIDTH="49" HPOS="1548" VPOS="1883"/>
							<String ID="STRING95" STYLEREFS="STYLE2" HEIGHT="58" WIDTH="149" HPOS="1597" VPOS="1899" CONTENT="men" WC="0.92" LANG="dan"/>
							<SP ID="SP82" WIDTH="25" HPOS="1746" VPOS="1899"/>
							<String ID="STRING96" STYLEREFS="STYLE2" HEIGHT="71" WIDTH="105" HPOS="1771" VPOS="1885" CONTENT="det" WC="0.68" LANG="dan"/>
							<SP ID="SP83" WIDTH="35" HPOS="1876" VPOS="1885"/>
							<String ID="STRING97" STYLEREFS="STYLE2" HEIGHT="56" WIDTH="127" HPOS="1911" VPOS="1897" CONTENT="var" WC="0.62" LANG="dan"/>
							<SP ID="SP84" WIDTH="33" HPOS="2038" VPOS="1897"/>
							<String ID="STRING98" STYLEREFS="STYLE2" HEIGHT="61" WIDTH="75" HPOS="2071" VPOS="1892" CONTENT="at" WC="0.67" LANG="dan"/>
							<SP ID="SP85" WIDTH="31" HPOS="2146" VPOS="1892"/>
							<String ID="STRING99" STYLEREFS="STYLE2" HEIGHT="89" WIDTH="185" HPOS="2177" VPOS="1874" CONTENT="ønsse" WC="1" LANG="dan"/>
							<SP ID="SP86" WIDTH="35" HPOS="2362" VPOS="1874"/>
							<String ID="STRING100" STYLEREFS="STYLE2" HEIGHT="80" WIDTH="251" HPOS="2397" VPOS="1876" CONTENT="arSik" SUBS_TYPE="HypPart1" SUBS_CONTENT="arSikden" WC="0.6" LANG="dan"/>
							<HYP CONTENT="-"/>
						</TextLine>
						<TextLine ID="LINE15" HEIGHT="100" WIDTH="1716" HPOS="946" VPOS="1973">
							<String ID="STRING101" STYLEREFS="STYLE2" HEIGHT="70" WIDTH="124" HPOS="946" VPOS="1991" CONTENT="den" SUBS_TYPE="HypPart2" SUBS_CONTENT="arSikden" WC="0.76" LANG="dan"/>
							<SP ID="SP87" WIDTH="56" HPOS="1070" VPOS="1991"/>
							<String ID="STRING102" STYLEREFS="STYLE2" HEIGHT="78" WIDTH="210" HPOS="1126" VPOS="1982" CONTENT="kunde" WC="0.75" LANG="dan"/>
							<SP ID="SP88" WIDTH="54" HPOS="1336" VPOS="1982"/>
							<String ID="STRING103" STYLEREFS="STYLE2" HEIGHT="77" WIDTH="220" HPOS="1390" VPOS="1980" CONTENT="virkes" WC="0.9" LANG="dan"/>
							<SP ID="SP89" WIDTH="46" HPOS="1610" VPOS="1980"/>
							<String ID="STRING104" STYLEREFS="STYLE2" HEIGHT="74" WIDTH="138" HPOS="1656" VPOS="1999" CONTENT="paa" WC="0.88" LANG="dan"/>
							<SP ID="SP90" WIDTH="54" HPOS="1794" VPOS="1999"/>
							<String ID="STRING105" STYLEREFS="STYLE2" HEIGHT="70" WIDTH="122" HPOS="1848" VPOS="1984" CONTENT="den" WC="0.75" LANG="dan"/>
							<SP ID="SP91" WIDTH="48" HPOS="1970" VPOS="1984"/>
							<String ID="STRING106" STYLEREFS="STYLE2" HEIGHT="96" WIDTH="298" HPOS="2018" VPOS="1973" CONTENT="Flamsse" WC="1" LANG="dan"/>
							<SP ID="SP92" WIDTH="36" HPOS="2316" VPOS="1973"/>
							<String ID="STRING107" STYLEREFS="STYLE2" HEIGHT="92" WIDTH="310" HPOS="2352" VPOS="1973" CONTENT="Maade," WC="0.77" LANG="dan"/>
						</TextLine>
						<TextLine ID="LINE16" HEIGHT="98" WIDTH="1724" HPOS="941" VPOS="2071">
							<String ID="STRING108" STYLEREFS="STYLE2" HEIGHT="70" WIDTH="94" HPOS="941" VPOS="2089" CONTENT="da" WC="0.69" LANG="dan"/>
							<SP ID="SP93" WIDTH="42" HPOS="1035" VPOS="2089"/>
							<String ID="STRING109" STYLEREFS="STYLE2" HEIGHT="65" WIDTH="120" HPOS="1077" VPOS="2093" CONTENT="den" WC="0.75" LANG="dan"/>
							<SP ID="SP94" WIDTH="32" HPOS="1197" VPOS="2093"/>
							<String ID="STRING110" STYLEREFS="STYLE2" HEIGHT="77" WIDTH="170" HPOS="1229" VPOS="2083" CONTENT="vilde" WC="0.73" LANG="dan"/>
							<SP ID="SP95" WIDTH="36" HPOS="1399" VPOS="2083"/>
							<String ID="STRING111" STYLEREFS="STYLE2" HEIGHT="79" WIDTH="254" HPOS="1435" VPOS="2079" CONTENT="komme" WC="0.95" LANG="dan"/>
							<SP ID="SP96" WIDTH="38" HPOS="1689" VPOS="2079"/>
							<String ID="STRING112" STYLEREFS="STYLE2" HEIGHT="76" WIDTH="16" HPOS="1727" VPOS="2081" CONTENT="i" WC="1" LANG="dan"/>
							<SP ID="SP97" WIDTH="42" HPOS="1743" VPOS="2081"/>
							<String ID="STRING113" STYLEREFS="STYLE2" HEIGHT="87" WIDTH="192" HPOS="1785" VPOS="2082" CONTENT="langt" WC="0.75" LANG="dan"/>
							<SP ID="SP98" WIDTH="36" HPOS="1977" VPOS="2082"/>
							<String ID="STRING114" STYLEREFS="STYLE2" HEIGHT="90" WIDTH="236" HPOS="2013" VPOS="2077" CONTENT="høyere" WC="0.76" LANG="dan"/>
							<SP ID="SP99" WIDTH="37" HPOS="2249" VPOS="2077"/>
							<String ID="STRING115" STYLEREFS="STYLE2" HEIGHT="96" WIDTH="213" HPOS="2286" VPOS="2071" CONTENT="Priis" WC="0.7" LANG="dan"/>
							<SP ID="SP100" WIDTH="36" HPOS="2499" VPOS="2071"/>
							<String ID="STRING116" STYLEREFS="STYLE2" HEIGHT="90" WIDTH="130" HPOS="2535" VPOS="2074" CONTENT="hos" WC="0.69" LANG="dan"/>
						</TextLine>
						<TextLine ID="LINE17" HEIGHT="105" WIDTH="1723" HPOS="943" VPOS="2170">
							<String ID="STRING117" STYLEREFS="STYLE2" HEIGHT="96" WIDTH="445" HPOS="943" VPOS="2179" CONTENT="Fremmede," WC="0.7" LANG="dan"/>
							<SP ID="SP101" WIDTH="77" HPOS="1388" VPOS="2179"/>
							<String ID="STRING118" STYLEREFS="STYLE2" HEIGHT="74" WIDTH="83" HPOS="1465" VPOS="2200" CONTENT="og" WC="0.9" LANG="dan"/>
							<SP ID="SP102" WIDTH="49" HPOS="1548" VPOS="2200"/>
							<String ID="STRING119" STYLEREFS="STYLE2" HEIGHT="58" WIDTH="171" HPOS="1597" VPOS="2197" CONTENT="være" WC="0.87" LANG="dan"/>
							<SP ID="SP103" WIDTH="51" HPOS="1768" VPOS="2197"/>
							<String ID="STRING120" STYLEREFS="STYLE2" HEIGHT="89" WIDTH="193" HPOS="1819" VPOS="2180" CONTENT="langt" WC="0.79" LANG="dan"/>
							<SP ID="SP104" WIDTH="47" HPOS="2012" VPOS="2180"/>
							<String ID="STRING121" STYLEREFS="STYLE2" HEIGHT="90" WIDTH="320" HPOS="2059" VPOS="2176" CONTENT="varigere." WC="0.73" LANG="dan"/>
							<SP ID="SP105" WIDTH="106" HPOS="2379" VPOS="2176"/>
							<String ID="STRING122" STYLEREFS="STYLE2" HEIGHT="80" WIDTH="181" HPOS="2485" VPOS="2170" CONTENT="Men" WC="0.76" LANG="dan"/>
						</TextLine>
						<TextLine ID="LINE18" HEIGHT="108" WIDTH="1718" HPOS="948" VPOS="2267">
							<String ID="STRING123" STYLEREFS="STYLE2" HEIGHT="92" WIDTH="194" HPOS="948" VPOS="2283" CONTENT="herril" WC="0.73" LANG="dan"/>
							<SP ID="SP106" WIDTH="50" HPOS="1142" VPOS="2283"/>
							<String ID="STRING124" STYLEREFS="STYLE2" HEIGHT="90" WIDTH="362" HPOS="1192" VPOS="2277" CONTENT="udfordres" WC="0.54" LANG="dan"/>
							<SP ID="SP107" WIDTH="54" HPOS="1554" VPOS="2277"/>
							<String ID="STRING125" STYLEREFS="STYLE2" HEIGHT="97" WIDTH="174" HPOS="1608" VPOS="2274" CONTENT="Eege" WC="0.9" LANG="dan"/>
							<SP ID="SP108" WIDTH="50" HPOS="1782" VPOS="2274"/>
							<String ID="STRING126" STYLEREFS="STYLE2" HEIGHT="97" WIDTH="376" HPOS="1832" VPOS="2272" CONTENT="Fustagier." WC="0.74" LANG="dan"/>
							<SP ID="SP109" WIDTH="104" HPOS="2208" VPOS="2272"/>
							<String ID="STRING127" STYLEREFS="STYLE2" HEIGHT="86" WIDTH="132" HPOS="2312" VPOS="2267" CONTENT="De" WC="0.7" LANG="dan"/>
							<SP ID="SP110" WIDTH="44" HPOS="2444" VPOS="2267"/>
							<String ID="STRING128" STYLEREFS="STYLE2" HEIGHT="92" WIDTH="178" HPOS="2488" VPOS="2270" CONTENT="falde" WC="0.74" LANG="dan"/>
						</TextLine>
						<TextLine ID="LINE19" HEIGHT="97" WIDTH="1685" HPOS="946" VPOS="2370">
							<String ID="STRING129" STYLEREFS="STYLE2" HEIGHT="76" WIDTH="55" HPOS="946" VPOS="2381" CONTENT="ei" WC="0.76" LANG="dan"/>
							<SP ID="SP111" WIDTH="39" HPOS="1001" VPOS="2381"/>
							<String ID="STRING130" STYLEREFS="STYLE2" HEIGHT="76" WIDTH="19" HPOS="1040" VPOS="2381" CONTENT="i" WC="0.59" LANG="dan"/>
							<SP ID="SP112" WIDTH="37" HPOS="1059" VPOS="2381"/>
							<String ID="STRING131" STYLEREFS="STYLE2" HEIGHT="88" WIDTH="287" HPOS="1096" VPOS="2379" CONTENT="Lander," WC="0.69" LANG="dan"/>
							<SP ID="SP113" WIDTH="53" HPOS="1383" VPOS="2379"/>
							<String ID="STRING132" STYLEREFS="STYLE2" HEIGHT="83" WIDTH="343" HPOS="1436" VPOS="2384" CONTENT="undtagen" WC="0.7" LANG="dan"/>
							<SP ID="SP114" WIDTH="57" HPOS="1779" VPOS="2384"/>
							<String ID="STRING133" STYLEREFS="STYLE2" HEIGHT="62" WIDTH="73" HPOS="1836" VPOS="2390" CONTENT="ar" WC="0.63" LANG="dan"/>
							<SP ID="SP115" WIDTH="37" HPOS="1909" VPOS="2390"/>
							<String ID="STRING134" STYLEREFS="STYLE2" HEIGHT="90" WIDTH="287" HPOS="1946" VPOS="2370" CONTENT="maassee" WC="1" LANG="dan"/>
							<SP ID="SP116" WIDTH="43" HPOS="2233" VPOS="2370"/>
							<String ID="STRING135" STYLEREFS="STYLE2" HEIGHT="86" WIDTH="193" HPOS="2276" VPOS="2377" CONTENT="nogle" WC="0.83" LANG="dan"/>
							<SP ID="SP117" WIDTH="35" HPOS="2469" VPOS="2377"/>
							<String ID="STRING136" STYLEREFS="STYLE2" HEIGHT="76" WIDTH="127" HPOS="2504" VPOS="2370" CONTENT="kun" SUBS_TYPE="HypPart1" SUBS_CONTENT="kunde" WC="0.9" LANG="dan"/>
							<HYP CONTENT="-"/>
						</TextLine>
						<TextLine ID="LINE20" HEIGHT="106" WIDTH="1720" HPOS="949" VPOS="2466">
							<String ID="STRING137" STYLEREFS="STYLE2" HEIGHT="70" WIDTH="78" HPOS="949" VPOS="2487" CONTENT="de" SUBS_TYPE="HypPart2" SUBS_CONTENT="kunde" WC="0.63" LANG="dan"/>
							<SP ID="SP118" WIDTH="40" HPOS="1027" VPOS="2487"/>
							<String ID="STRING138" STYLEREFS="STYLE2" HEIGHT="97" WIDTH="202" HPOS="1067" VPOS="2475" CONTENT="faaes" WC="0.89" LANG="dan"/>
							<SP ID="SP119" WIDTH="40" HPOS="1269" VPOS="2475"/>
							<String ID="STRING139" STYLEREFS="STYLE2" HEIGHT="91" WIDTH="212" HPOS="1309" VPOS="2477" CONTENT="vester" WC="0.89" LANG="nob"/>
							<SP ID="SP120" WIDTH="62" HPOS="1521" VPOS="2477"/>
							<String ID="STRING140" STYLEREFS="STYLE2" HEIGHT="93" WIDTH="112" HPOS="1583" VPOS="2474" CONTENT="fra" WC="0.77" LANG="dan"/>
							<SP ID="SP121" WIDTH="58" HPOS="1695" VPOS="2474"/>
							<String ID="STRING141" STYLEREFS="STYLE2" HEIGHT="92" WIDTH="82" HPOS="1753" VPOS="2470" CONTENT="af" WC="1" LANG="dan"/>
							<SP ID="SP122" WIDTH="42" HPOS="1835" VPOS="2470"/>
							<String ID="STRING142" STYLEREFS="STYLE2" HEIGHT="90" WIDTH="530" HPOS="1877" VPOS="2470" CONTENT="Grevffaberne." WC="0.79" LANG="dan"/>
							<SP ID="SP123" WIDTH="104" HPOS="2407" VPOS="2470"/>
							<String ID="STRING143" STYLEREFS="STYLE2" HEIGHT="84" WIDTH="158" HPOS="2511" VPOS="2466" CONTENT="Vel" WC="0.69" LANG="dan"/>
						</TextLine>
						<TextLine ID="LINE21" HEIGHT="99" WIDTH="1722" HPOS="946" VPOS="2569">
							<String ID="STRING144" STYLEREFS="STYLE2" HEIGHT="74" WIDTH="176" HPOS="946" VPOS="2583" CONTENT="vilde" WC="0.52" LANG="dan"/>
							<SP ID="SP124" WIDTH="32" HPOS="1122" VPOS="2583"/>
							<String ID="STRING145" STYLEREFS="STYLE2" HEIGHT="70" WIDTH="76" HPOS="1154" VPOS="2584" CONTENT="de" WC="1" LANG="dan"/>
							<SP ID="SP125" WIDTH="42" HPOS="1230" VPOS="2584"/>
							<String ID="STRING146" STYLEREFS="STYLE2" HEIGHT="76" WIDTH="170" HPOS="1272" VPOS="2577" CONTENT="blive" WC="0.86" LANG="dan"/>
							<SP ID="SP126" WIDTH="40" HPOS="1442" VPOS="2577"/>
							<String ID="STRING147" STYLEREFS="STYLE2" HEIGHT="74" WIDTH="198" HPOS="1482" VPOS="2593" CONTENT="noget" WC="0.89" LANG="dan"/>
							<SP ID="SP127" WIDTH="38" HPOS="1680" VPOS="2593"/>
							<String ID="STRING148" STYLEREFS="STYLE2" HEIGHT="87" WIDTH="202" HPOS="1718" VPOS="2581" CONTENT="dyre;" WC="0.55" LANG="dan"/>
							<SP ID="SP128" WIDTH="56" HPOS="1920" VPOS="2581"/>
							<String ID="STRING149" STYLEREFS="STYLE2" HEIGHT="86" WIDTH="130" HPOS="1976" VPOS="2579" CONTENT="dog" WC="0.51" LANG="dan"/>
							<SP ID="SP129" WIDTH="50" HPOS="2106" VPOS="2579"/>
							<String ID="STRING150" STYLEREFS="STYLE2" HEIGHT="78" WIDTH="242" HPOS="2156" VPOS="2569" CONTENT="rænker" WC="0.72" LANG="dan"/>
							<SP ID="SP130" WIDTH="43" HPOS="2398" VPOS="2569"/>
							<String ID="STRING151" STYLEREFS="STYLE2" HEIGHT="93" WIDTH="103" HPOS="2441" VPOS="2569" CONTENT="jeg" WC="0.62" LANG="dan"/>
							<SP ID="SP131" WIDTH="50" HPOS="2544" VPOS="2569"/>
							<String ID="STRING152" STYLEREFS="STYLE2" HEIGHT="64" WIDTH="74" HPOS="2594" VPOS="2583" CONTENT="at" WC="0.69" LANG="dan"/>
						</TextLine>
						<TextLine ID="LINE22" HEIGHT="98" WIDTH="1719" HPOS="948" VPOS="2672">
							<String ID="STRING153" STYLEREFS="STYLE2" HEIGHT="80" WIDTH="317" HPOS="948" VPOS="2679" CONTENT="Sildens" WC="0.75" LANG="dan"/>
							<SP ID="SP132" WIDTH="57" HPOS="1265" VPOS="2679"/>
							<String ID="STRING154" STYLEREFS="STYLE2" HEIGHT="88" WIDTH="167" HPOS="1322" VPOS="2677" CONTENT="høye" WC="0.81" LANG="dan"/>
							<SP ID="SP133" WIDTH="31" HPOS="1489" VPOS="2677"/>
							<String ID="STRING155" STYLEREFS="STYLE2" HEIGHT="96" WIDTH="215" HPOS="1520" VPOS="2674" CONTENT="Priis" WC="0.73" LANG="dan"/>
							<SP ID="SP134" WIDTH="47" HPOS="1735" VPOS="2674"/>
							<String ID="STRING156" STYLEREFS="STYLE2" HEIGHT="93" WIDTH="315" HPOS="1782" VPOS="2673" CONTENT="rigeligen" WC="0.71" LANG="dan"/>
							<SP ID="SP135" WIDTH="51" HPOS="2097" VPOS="2673"/>
							<String ID="STRING157" STYLEREFS="STYLE2" HEIGHT="88" WIDTH="341" HPOS="2148" VPOS="2672" CONTENT="erstattede" WC="0.69" LANG="dan"/>
							<SP ID="SP136" WIDTH="49" HPOS="2489" VPOS="2672"/>
							<String ID="STRING158" STYLEREFS="STYLE2" HEIGHT="68" WIDTH="129" HPOS="2538" VPOS="2678" CONTENT="der." WC="0.52" LANG="dan"/>
						</TextLine>
						<TextLine ID="LINE23" HEIGHT="96" WIDTH="1720" HPOS="949" VPOS="2769">
							<String ID="STRING159" STYLEREFS="STYLE2" HEIGHT="82" WIDTH="98" HPOS="949" VPOS="2773" CONTENT="Ar" WC="0.29" LANG="dan"/>
							<SP ID="SP137" WIDTH="54" HPOS="1047" VPOS="2773"/>
							<String ID="STRING160" STYLEREFS="STYLE2" HEIGHT="69" WIDTH="106" HPOS="1101" VPOS="2783" CONTENT="der" WC="0.51" LANG="dan"/>
							<SP ID="SP138" WIDTH="62" HPOS="1207" VPOS="2783"/>
							<String ID="STRING161" STYLEREFS="STYLE2" HEIGHT="54" WIDTH="66" HPOS="1269" VPOS="2795" CONTENT="er" WC="0.79" LANG="dan"/>
							<SP ID="SP139" WIDTH="64" HPOS="1335" VPOS="2795"/>
							<String ID="STRING162" STYLEREFS="STYLE2" HEIGHT="87" WIDTH="276" HPOS="1399" VPOS="2778" CONTENT="mueligt" WC="0.79" LANG="dan"/>
							<SP ID="SP140" WIDTH="46" HPOS="1675" VPOS="2778"/>
							<String ID="STRING163" STYLEREFS="STYLE2" HEIGHT="60" WIDTH="76" HPOS="1721" VPOS="2791" CONTENT="at" WC="0.63" LANG="dan"/>
							<SP ID="SP141" WIDTH="48" HPOS="1797" VPOS="2791"/>
							<String ID="STRING164" STYLEREFS="STYLE2" HEIGHT="77" WIDTH="176" HPOS="1845" VPOS="2771" CONTENT="virke" WC="0.65" LANG="dan"/>
							<SP ID="SP142" WIDTH="48" HPOS="2021" VPOS="2771"/>
							<String ID="STRING165" STYLEREFS="STYLE2" HEIGHT="59" WIDTH="160" HPOS="2069" VPOS="2788" CONTENT="vore" WC="0.76" LANG="dan"/>
							<SP ID="SP143" WIDTH="58" HPOS="2229" VPOS="2788"/>
							<String ID="STRING166" STYLEREFS="STYLE2" HEIGHT="88" WIDTH="186" HPOS="2287" VPOS="2769" CONTENT="Sild" WC="0.57" LANG="dan"/>
							<SP ID="SP144" WIDTH="58" HPOS="2473" VPOS="2769"/>
							<String ID="STRING167" STYLEREFS="STYLE2" HEIGHT="75" WIDTH="138" HPOS="2531" VPOS="2787" CONTENT="paa" WC="0.92" LANG="dan"/>
						</TextLine>
						<TextLine ID="LINE24" HEIGHT="101" WIDTH="1719" HPOS="951" VPOS="2866">
							<String ID="STRING168" STYLEREFS="STYLE2" HEIGHT="94" WIDTH="273" HPOS="951" VPOS="2873" CONTENT="Flamss" WC="0.92" LANG="dan"/>
							<SP ID="SP145" WIDTH="49" HPOS="1224" VPOS="2873"/>
							<String ID="STRING169" STYLEREFS="STYLE2" HEIGHT="80" WIDTH="273" HPOS="1273" VPOS="2873" CONTENT="Maade" WC="0.71" LANG="dan"/>
							<SP ID="SP146" WIDTH="61" HPOS="1546" VPOS="2873"/>
							<String ID="STRING170" STYLEREFS="STYLE2" HEIGHT="60" WIDTH="65" HPOS="1607" VPOS="2891" CONTENT="er" WC="0.9" LANG="dan"/>
							<SP ID="SP147" WIDTH="53" HPOS="1672" VPOS="2891"/>
							<String ID="STRING171" STYLEREFS="STYLE2" HEIGHT="95" WIDTH="103" HPOS="1725" VPOS="2871" CONTENT="jeg" WC="0.62" LANG="dan"/>
							<SP ID="SP148" WIDTH="57" HPOS="1828" VPOS="2871"/>
							<String ID="STRING172" STYLEREFS="STYLE3" HEIGHT="90" WIDTH="388" HPOS="1885" VPOS="2867" CONTENT="overbeviis" WC="0.86" LANG="dan"/>
							<SP ID="SP149" WIDTH="50" HPOS="2273" VPOS="2867"/>
							<String ID="STRING173" STYLEREFS="STYLE2" HEIGHT="58" WIDTH="131" HPOS="2323" VPOS="2889" CONTENT="om." WC="0.75" LANG="dan"/>
							<SP ID="SP150" WIDTH="103" HPOS="2454" VPOS="2889"/>
							<String ID="STRING174" STYLEREFS="STYLE2" HEIGHT="83" WIDTH="113" HPOS="2557" VPOS="2866" CONTENT="En" WC="1" LANG="dan"/>
						</TextLine>
						<TextLine ID="LINE25" HEIGHT="109" WIDTH="1718" HPOS="950" VPOS="2966">
							<String ID="STRING175" STYLEREFS="STYLE2" HEIGHT="102" WIDTH="268" HPOS="950" VPOS="2973" CONTENT="Provst" WC="0.66" LANG="dan"/>
							<SP ID="SP151" WIDTH="52" HPOS="1218" VPOS="2973"/>
							<String ID="STRING176" STYLEREFS="STYLE2" HEIGHT="75" WIDTH="18" HPOS="1270" VPOS="2976" CONTENT="i" WC="0.94" LANG="dan"/>
							<SP ID="SP152" WIDTH="52" HPOS="1288" VPOS="2976"/>
							<String ID="STRING177" STYLEREFS="STYLE2" HEIGHT="68" WIDTH="168" HPOS="1340" VPOS="2981" CONTENT="dette" WC="0.68" LANG="dan"/>
							<SP ID="SP153" WIDTH="60" HPOS="1508" VPOS="2981"/>
							<String ID="STRING178" STYLEREFS="STYLE2" HEIGHT="92" WIDTH="212" HPOS="1568" VPOS="2969" CONTENT="Stift" WC="0.59" LANG="dan"/>
							<SP ID="SP154" WIDTH="30" HPOS="1780" VPOS="2969"/>
							<String ID="STRING179" STYLEREFS="STYLE2" HEIGHT="40" WIDTH="22" HPOS="1810" VPOS="3024" CONTENT="," WC="1" LANG="dan"/>
							<SP ID="SP155" WIDTH="70" HPOS="1832" VPOS="3024"/>
							<String ID="STRING180" STYLEREFS="STYLE2" HEIGHT="99" WIDTH="142" HPOS="1902" VPOS="2966" CONTENT="Hr." WC="0.64" LANG="dan"/>
							<SP ID="SP156" WIDTH="64" HPOS="2044" VPOS="2966"/>
							<String ID="STRING181" STYLEREFS="STYLE2" HEIGHT="61" WIDTH="186" HPOS="2108" VPOS="2975" CONTENT="kerer" WC="0.28" LANG="dan"/>
							<SP ID="SP157" WIDTH="52" HPOS="2294" VPOS="2975"/>
							<String ID="STRING182" STYLEREFS="STYLE2" HEIGHT="81" WIDTH="322" HPOS="2346" VPOS="2966" CONTENT="versieb," WC="0.71" LANG="deu"/>
						</TextLine>
						<TextLine ID="LINE26" HEIGHT="102" WIDTH="1688" HPOS="951" VPOS="3064">
							<String ID="STRING183" STYLEREFS="STYLE2" HEIGHT="90" WIDTH="154" HPOS="951" VPOS="3075" CONTENT="giør" WC="0.62" LANG="dan"/>
							<SP ID="SP158" WIDTH="34" HPOS="1105" VPOS="3075"/>
							<String ID="STRING184" STYLEREFS="STYLE2" HEIGHT="68" WIDTH="126" HPOS="1139" VPOS="3084" CONTENT="der." WC="0.62" LANG="dan"/>
							<SP ID="SP159" WIDTH="101" HPOS="1265" VPOS="3084"/>
							<String ID="STRING185" STYLEREFS="STYLE2" HEIGHT="95" WIDTH="177" HPOS="1366" VPOS="3071" CONTENT="Han" WC="0.77" LANG="dan"/>
							<SP ID="SP160" WIDTH="47" HPOS="1543" VPOS="3071"/>
							<String ID="STRING186" STYLEREFS="STYLE2" HEIGHT="88" WIDTH="287" HPOS="1590" VPOS="3073" CONTENT="besidder" WC="0.53" LANG="dan"/>
							<SP ID="SP161" WIDTH="48" HPOS="1877" VPOS="3073"/>
							<String ID="STRING187" STYLEREFS="STYLE2" HEIGHT="84" WIDTH="130" HPOS="1925" VPOS="3077" CONTENT="gyd" WC="0.32" LANG="dan"/>
							<SP ID="SP162" WIDTH="31" HPOS="2055" VPOS="3077"/>
							<String ID="STRING188" STYLEREFS="STYLE2" HEIGHT="95" WIDTH="295" HPOS="2086" VPOS="3067" CONTENT="Indsigt" WC="0.76" LANG="dan"/>
							<SP ID="SP163" WIDTH="31" HPOS="2381" VPOS="3067"/>
							<String ID="STRING189" STYLEREFS="STYLE2" HEIGHT="78" WIDTH="19" HPOS="2412" VPOS="3069" CONTENT="i" WC="0.59" LANG="dan"/>
							<SP ID="SP164" WIDTH="33" HPOS="2431" VPOS="3069"/>
							<String ID="STRING190" STYLEREFS="STYLE2" HEIGHT="96" WIDTH="175" HPOS="2464" VPOS="3064" CONTENT="Fisse" SUBS_TYPE="HypPart1" SUBS_CONTENT="Fisserierne," WC="0.78" LANG="dan"/>
							<HYP CONTENT="-"/>
						</TextLine>
						<TextLine ID="LINE27" HEIGHT="102" WIDTH="1718" HPOS="951" VPOS="3165">
							<String ID="STRING191" STYLEREFS="STYLE2" HEIGHT="85" WIDTH="249" HPOS="951" VPOS="3175" CONTENT="rierne," SUBS_TYPE="HypPart2" SUBS_CONTENT="Fisserierne," WC="0.84" LANG="dan"/>
							<SP ID="SP165" WIDTH="57" HPOS="1200" VPOS="3175"/>
							<String ID="STRING192" STYLEREFS="STYLE2" HEIGHT="76" WIDTH="87" HPOS="1257" VPOS="3191" CONTENT="og" WC="0.55" LANG="dan"/>
							<SP ID="SP166" WIDTH="31" HPOS="1344" VPOS="3191"/>
							<String ID="STRING193" STYLEREFS="STYLE2" HEIGHT="87" WIDTH="128" HPOS="1375" VPOS="3180" CONTENT="god" WC="0.61" LANG="dan"/>
							<SP ID="SP167" WIDTH="18" HPOS="1503" VPOS="3180"/>
							<String ID="STRING194" STYLEREFS="STYLE3" HEIGHT="94" WIDTH="364" HPOS="1521" VPOS="3167" CONTENT="Kundskab" WC="0.85" LANG="dan"/>
							<SP ID="SP168" WIDTH="36" HPOS="1885" VPOS="3167"/>
							<String ID="STRING195" STYLEREFS="STYLE2" HEIGHT="58" WIDTH="106" HPOS="1921" VPOS="3189" CONTENT="om" WC="0.47" LANG="dan"/>
							<SP ID="SP169" WIDTH="24" HPOS="2027" VPOS="3189"/>
							<String ID="STRING196" STYLEREFS="STYLE2" HEIGHT="96" WIDTH="284" HPOS="2051" VPOS="3165" CONTENT="Fissene." WC="0.83" LANG="dan"/>
							<SP ID="SP170" WIDTH="106" HPOS="2335" VPOS="3165"/>
							<String ID="STRING197" STYLEREFS="STYLE2" HEIGHT="93" WIDTH="228" HPOS="2441" VPOS="3167" CONTENT="Nogle" WC="0.71" LANG="dan"/>
						</TextLine>
						<TextLine ID="LINE28" HEIGHT="100" WIDTH="1721" HPOS="949" VPOS="3265">
							<String ID="STRING198" STYLEREFS="STYLE3" HEIGHT="88" WIDTH="328" HPOS="949" VPOS="3272" CONTENT="paasaae" WC="0.86" LANG="dan"/>
							<SP ID="SP171" WIDTH="51" HPOS="1277" VPOS="3272"/>
							<String ID="STRING199" STYLEREFS="STYLE2" HEIGHT="62" WIDTH="74" HPOS="1328" VPOS="3287" CONTENT="at" WC="0.68" LANG="dan"/>
							<SP ID="SP172" WIDTH="46" HPOS="1402" VPOS="3287"/>
							<String ID="STRING200" STYLEREFS="STYLE2" HEIGHT="97" WIDTH="242" HPOS="1448" VPOS="3268" CONTENT="Norge" WC="0.56" LANG="dan"/>
							<SP ID="SP173" WIDTH="64" HPOS="1690" VPOS="3268"/>
							<String ID="STRING201" STYLEREFS="STYLE2" HEIGHT="74" WIDTH="52" HPOS="1754" VPOS="3274" CONTENT="ei" WC="0.95" LANG="dan"/>
							<SP ID="SP174" WIDTH="48" HPOS="1806" VPOS="3274"/>
							<String ID="STRING202" STYLEREFS="STYLE2" HEIGHT="79" WIDTH="290" HPOS="1854" VPOS="3266" CONTENT="kommer" WC="0.81" LANG="dan"/>
							<SP ID="SP175" WIDTH="56" HPOS="2144" VPOS="3266"/>
							<String ID="STRING203" STYLEREFS="STYLE2" HEIGHT="74" WIDTH="16" HPOS="2200" VPOS="3270" CONTENT="i" WC="0.38" LANG="dan"/>
							<SP ID="SP176" WIDTH="58" HPOS="2216" VPOS="3270"/>
							<String ID="STRING204" STYLEREFS="STYLE2" HEIGHT="64" WIDTH="96" HPOS="2274" VPOS="3281" CONTENT="ret" WC="0.71" LANG="dan"/>
							<SP ID="SP177" WIDTH="42" HPOS="2370" VPOS="3281"/>
							<String ID="STRING205" STYLEREFS="STYLE2" HEIGHT="83" WIDTH="258" HPOS="2412" VPOS="3265" CONTENT="Stand" WC="0.77" LANG="deu"/>
						</TextLine>
						<TextLine ID="LINE29" HEIGHT="101" WIDTH="1719" HPOS="950" VPOS="3364">
							<String ID="STRING206" STYLEREFS="STYLE2" HEIGHT="94" WIDTH="241" HPOS="950" VPOS="3369" CONTENT="førend" WC="0.65" LANG="dan"/>
							<SP ID="SP178" WIDTH="37" HPOS="1191" VPOS="3369"/>
							<String ID="STRING207" STYLEREFS="STYLE2" HEIGHT="97" WIDTH="361" HPOS="1228" VPOS="3368" CONTENT="Fisserier," WC="0.79" LANG="dan"/>
							<SP ID="SP179" WIDTH="55" HPOS="1589" VPOS="3368"/>
							<String ID="STRING208" STYLEREFS="STYLE2" HEIGHT="90" WIDTH="409" HPOS="1644" VPOS="3369" CONTENT="Saugbrug" WC="0.57" LANG="dan"/>
							<SP ID="SP180" WIDTH="43" HPOS="2053" VPOS="3369"/>
							<String ID="STRING209" STYLEREFS="STYLE2" HEIGHT="78" WIDTH="83" HPOS="2096" VPOS="3384" CONTENT="og" WC="0.49" LANG="dan"/>
							<SP ID="SP181" WIDTH="35" HPOS="2179" VPOS="3384"/>
							<String ID="STRING210" STYLEREFS="STYLE2" HEIGHT="95" WIDTH="455" HPOS="2214" VPOS="3364" CONTENT="Bergværker" WC="0.6" LANG="dan"/>
						</TextLine>
						<TextLine ID="LINE30" HEIGHT="106" WIDTH="1722" HPOS="949" VPOS="3464">
							<String ID="STRING211" STYLEREFS="STYLE2" HEIGHT="91" WIDTH="390" HPOS="949" VPOS="3479" CONTENT="nedlegges," WC="0.71" LANG="nob"/>
							<SP ID="SP182" WIDTH="58" HPOS="1339" VPOS="3479"/>
							<String ID="STRING212" STYLEREFS="STYLE2" HEIGHT="73" WIDTH="90" HPOS="1397" VPOS="3479" CONTENT="da" WC="0.62" LANG="dan"/>
							<SP ID="SP183" WIDTH="58" HPOS="1487" VPOS="3479"/>
							<String ID="STRING213" STYLEREFS="STYLE2" HEIGHT="77" WIDTH="106" HPOS="1545" VPOS="3474" CONTENT="det" WC="0.53" LANG="dan"/>
							<SP ID="SP184" WIDTH="52" HPOS="1651" VPOS="3474"/>
							<String ID="STRING214" STYLEREFS="STYLE2" HEIGHT="87" WIDTH="130" HPOS="1703" VPOS="3477" CONTENT="dog" WC="0.27" LANG="dan"/>
							<SP ID="SP185" WIDTH="50" HPOS="1833" VPOS="3477"/>
							<String ID="STRING215" STYLEREFS="STYLE2" HEIGHT="63" WIDTH="68" HPOS="1883" VPOS="3486" CONTENT="er" WC="0.63" LANG="dan"/>
							<SP ID="SP186" WIDTH="52" HPOS="1951" VPOS="3486"/>
							<String ID="STRING216" STYLEREFS="STYLE2" HEIGHT="82" WIDTH="174" HPOS="2003" VPOS="3467" CONTENT="klart" WC="0.81" LANG="dan"/>
							<SP ID="SP187" WIDTH="60" HPOS="2177" VPOS="3467"/>
							<String ID="STRING217" STYLEREFS="STYLE2" HEIGHT="96" WIDTH="106" HPOS="2237" VPOS="3464" CONTENT="for" WC="0.52" LANG="dan"/>
							<SP ID="SP188" WIDTH="64" HPOS="2343" VPOS="3464"/>
							<String ID="STRING218" STYLEREFS="STYLE2" HEIGHT="94" WIDTH="264" HPOS="2407" VPOS="3467" CONTENT="saavidt" WC="0.78" LANG="dan"/>
						</TextLine>
					</TextBlock>
					<TextBlock xs:type="TextBlockType" ID="ZONE1144643" HEIGHT="96" WIDTH="221" HPOS="2441" VPOS="3561" xlink:type="simple">
						<TextLine ID="LINE31" HEIGHT="93" WIDTH="221" HPOS="2441" VPOS="3563">
							<String ID="STRING219" STYLEREFS="STYLE2" HEIGHT="93" WIDTH="221" HPOS="2441" VPOS="3563" CONTENT="Tron-" WC="0.43" LANG="dan"/>
						</TextLine>
					</TextBlock>
				</ComposedBlock>
			</PrintSpace>
		</Page>
	</Layout>
</alto>
