2877 4520
1602 317 89 71 45

365 514 149 92 Om
539 509 681 101 Banco-Væsened,
1281 514 105 78 det
1416 527 98 79 er,
1567 512 123 76 den

178 659 487 103 kiøbenhavnffe
698 656 349 99 Banqves
1074 657 453 98 Indretning,
1581 674 110 59 om

177 806 491 94 Bancosedlers
701 802 361 98 Mængde,
1126 823 82 76 og
1240 822 106 60 om
1377 807 113 74 der
1519 798 177 96 skulle

179 961 140 74 eller
374 954 205 80 kunde
636 951 171 79 blive
865 969 76 60 en
994 944 305 99 Vanqve
1346 950 23 77 i
1416 943 283 98 Norge,

176 1104 224 75 derom
435 1096 125 98 har
599 1095 215 81 baade
852 1088 228 100 tilforn
1124 1111 82 76 og
1255 1094 21 78 i
1319 1096 77 76 de
1436 1106 234 64 nærvæ-

173 1249 194 76 rende
410 1238 273 98 Tilder,
756 1238 169 93 samt
984 1240 21 78 i
1046 1242 77 75 de
1177 1258 124 74 nye
1346 1228 355 101 Skrifter,

174 1401 202 66 været
405 1385 259 97 stridige
697 1382 421 94 Meeninger:
1183 1379 227 95 Nogle
1444 1396 258 77 meene,

181 1549 74 62 at
290 1537 113 72 der
449 1548 64 62 er
558 1525 103 98 for
707 1546 234 75 mange
978 1522 477 88 Bancobillets
1500 1523 21 77 i
1548 1516 125 86 Cir-

180 1674 322 97 culation,
588 1668 318 98 endffiønt
949 1676 75 74 de
1073 1666 125 93 selv
1251 1666 125 82 ikke
1430 1685 106 78 eye
1585 1662 115 94 saa

181 1836 272 78 mange,
512 1811 135 98 som
680 1822 73 74 de
786 1813 65 94 jo
899 1828 182 67 enten
1128 1811 173 81 kand
1344 1808 151 97 faae
1544 1808 129 80 klin-

174 1971 198 88 gende
405 1958 259 99 Myndt
709 1956 147 99 for,
920 1962 142 74 eller
1098 1955 74 80 til
1220 1958 122 78 alle
1375 1949 295 88 Nødven-

178 2107 299 96 digheder
513 2125 80 74 og
620 2099 295 99 Udgifter
948 2100 237 95 bruge,
1234 2096 137 96 som
1398 2095 301 98 Myndt,

181 2249 127 83 ikke
357 2246 185 100 heller
583 2247 171 80 kand
801 2251 77 74 de
922 2246 140 92 give
1121 2240 387 95 Anviisning
1568 2257 138 77 paa

189 2412 250 77 nogen,
510 2387 135 96 som
702 2392 23 78 i
778 2402 39 71 8
872 2385 147 85 Aar
1069 2393 144 74 med
1256 2378 455 96 Bancosedler

187 2538 123 95 har
340 2549 196 67 været
563 2529 323 104 forlegen;
929 2531 259 87 Denne
1217 2527 245 94 utidige
1487 2521 219 101 Frygt

187 2681 92 82 vil
312 2683 121 94 sige
466 2678 113 91 saa
613 2683 256 90 meged,
908 2675 133 93 som
1072 2684 197 71 dette:
1326 2670 95 83 At
1452 2667 221 101 Publi-

186 2843 152 62 cum
379 2820 175 82 løber
585 2815 277 103 Hazard
907 2828 119 74 ved
1059 2816 395 96 Banqven;
1525 2810 181 82 Men

184 2968 181 97 hvad
396 2983 203 63 meere
631 2958 276 105 Haza
1012 2969 205 73 under
1256 2980 75 60 en
1380 2950 329 103 fornuftig

185 3106 469 102 Disposition,
717 3106 135 94 som
897 3108 163 80 altid
1089 3103 431 97 souponereS,
1583 3103 125 74 end

173 3274 132 78 om
330 3274 73 64 en
432 3255 229 97 privat
690 3250 273 102 Mand,
994 3256 113 80 der
1138 3247 161 98 ejede
1328 3235 381 109 (jegsætter)
