3258 4568
1743 486 396 98 hverandre,
2164 475 411 99 saasomEs,
2604 474 269 103 Konge,
2892 477 251 100 Dame,

1737 612 263 93 Knege,
2033 605 133 97 Ti;
2203 612 111 74 der
2347 603 128 82 kan
2505 606 100 74 vel
2637 624 81 76 og
2755 605 205 98 haves
2991 612 153 97 flere,

1752 748 108 70 det
1906 738 226 77 kalves
2184 731 358 95 Qvinter;
2596 728 198 96 fattes
2830 749 60 62 er
2946 732 196 85 kaldes

1738 874 111 72 det
1913 883 74 56 en
2028 857 289 99 Qvarr,
2374 857 209 96 fattes
2646 870 99 62 toe
2802 859 221 79 kaldes
3083 882 64 61 en

1751 988 186 92 Ters
1957 1039 25 46 ,
2015 985 310 84 Qvinter
2366 969 246 109 gjelder
2655 1004 80 67 i;
2777 979 266 98 foruden
3083 1008 72 61 en

1738 1118 294 98 Honeur
2070 1113 134 94 som
2244 1132 64 58 er
2362 1107 139 107 da?-,
2536 1104 316 86 Qvartec
2884 1133 100 75 4,
3000 1108 134 92 Ter-

1750 1218 133 78 tien
1926 1235 63 70 z.

1517 1410 72 69 4.
1657 1378 330 98 Derefter
2017 1379 246 76 meldes
2305 1387 200 80 i4ten
2539 1392 108 60 om
2685 1370 246 100 haves,
2969 1380 176 77 derer

1746 1526 182 60 naar
1968 1523 162 60 man
2166 1500 204 98 haver
2404 1515 206 64 enten.
2626 1522 52 70 4
2714 1498 152 99 Es,
2898 1527 48 67 4
2974 1498 150 84 Kon-

1742 1652 139 78 ger,
1930 1653 53 68 4
2006 1625 315 99 Damer,
2354 1625 397 100 4Knegrer,
2788 1633 137 75 eller
2954 1652 49 70 4
3028 1626 85 90 Ti-

1771 1778 94 80 er,
1897 1775 150 62 men
2081 1753 206 98 fattes
2327 1773 106 78 en,
2455 1748 395 110 gjelder-det:
2737 1761 100 72 der
2865 1753 124 81 kun
3031 1776 56 72 3.

1528 1957 68 70 5.
1666 1929 144 99 For
1854 1927 228 96 oplagr
2134 1918 186 86 Kort
2356 1917 194 100 faaes
2590 1918 396 99 eissHoneur
3022 1924 128 78 eller

1758 2080 91 49 10

1527 2236 69 73 6.
1669 2225 173 83 Kan
1875 2225 245 76 meldes
2163 2242 93 70 zo
2293 2221 169 76 uden
2479 2212 243 100 Udspil,
2753 2231 223 76 regner
2999 2230 151 60 man

1748 2354 24 80 i
1806 2348 306 88 Stæden
2144 2346 114 96 for
2296 2370 120 75 30,
2448 2351 88 72 da
2564 2368 124 72 90,
2726 2355 70 66 at
2830 2341 124 96 sige
2992 2356 156 60 naar

1749 2488 128 70 den
1897 2483 216 72 anden
2144 2472 279 100 Spiller
2456 2471 163 81 intet
2632 2468 125 82 kan
2775 2471 196 76 melde
2986 2466 159 80 imod

1751 2612 147 76 eller
1933 2605 125 98 lige
2111 2610 149 72 med

1522 2802 80 71 7.
1654 2777 142 102 For
1813 2763 387 113 hver-Udkp
2218 2774 202 79 tælles
2450 2795 30 48 i
2508 2788 80 76 og
2612 2766 102 100 for
2732 2761 174 104 sidste
2922 2752 166 88 Stik
3106 2778 32 69 3

1527 2964 72 71 8.
1669 2945 210 95 Den,
1915 2942 134 91 som
2089 2939 122 98 har
2245 2944 78 72 de
2365 2937 202 96 fleefte
2599 2929 182 87 Stik
2809 2931 226 78 melder
3069 2944 78 54 ro

1749 3072 107 98 for
1891 3063 243 102 Læsser,
2173 3062 137 96 som
2329 3070 107 73 det
2465 3061 217 102 heder.

1522 3248 69 71 4.
1664 3237 171 83 Kan
1860 3239 247 76 meldes
2148 3256 91 70 30
2272 3235 147 78 med
2436 3225 207 102 Hielp
2676 3222 81 99 af
2768 3221 243 99 Udspil,
3024 3218 99 102 før-

1749 3368 124 74 end
1923 3370 122 71 den
2091 3366 218 75 anden
2349 3357 126 80 kan
2511 3351 150 101 faae
2701 3367 190 80 noget
2941 3350 204 89 meldt,

1742 3494 210 80 tælles
1992 3495 92 70 60
2120 3491 22 75 i
2178 3486 302 88 Stæden
2522 3481 106 101 for
2672 3504 110 72 30.

2864 3601 108 55 io,
2995 3568 130 92 Blik
