3174 4675
2288 535 120 78 Kys-s

1300 538 113 102 18

1365 728 267 86 Giøres
1692 732 136 94 mig
1868 735 250 91 derpaa
2162 735 214 79 videre
2420 740 122 76 den
2572 733 376 101 Indsigelse-

1162 848 157 87 See
1336 851 271 91 Tanker
1646 870 153 62 over
1832 857 103 74 der
1966 856 183 78 alene
2182 857 453 95 privilegerede
2660 858 305 83 Lotterie!

1157 970 97 87 Ar
1275 980 117 74 ved
1445 980 119 74 den
1585 969 259 100 Afdrag
1869 969 79 98 af
1983 1000 112 50 12.
2127 996 119 75 pro
2267 979 215 81 Cenro
2521 977 81 98 af
2621 977 343 86 Lotteriers

1154 1094 412 96 Gevinster,
1622 1099 144 77 eller
1804 1094 130 99 hele
1974 1093 370 103 Summa,
2390 1122 66 60 er
2488 1109 320 91 opdraget
2844 1105 116 94 faa

1155 1223 148 76 eller
1353 1218 118 92 faa
1527 1238 242 76 mange
1829 1217 342 98 hundrede
2221 1219 234 99 fattige
2515 1247 82 74 og
2639 1224 322 97 faderløse

1149 1336 251 87 Børn.
1511 1339 95 84 At
1639 1341 21 80 i
1695 1364 111 72 zo.
1851 1339 151 84 Aar
2041 1338 131 83 kan
2225 1343 239 92 samles
2503 1367 73 58 en
2617 1345 339 99 bestandig

1154 1462 199 101 Fond
1390 1464 71 80 til
1498 1458 119 95 faa
1670 1482 243 75 mange
1966 1463 337 87 hundrede
2352 1462 265 84 Borns
2666 1468 257 98 Opdra-

1145 1583 178 96 gelse.
1433 1582 98 84 At
1565 1585 22 78 i
1615 1578 450 101 paafolgende
2105 1583 286 89 ;o.Aar
2425 1586 128 79 kan
2591 1587 242 92 samles
2871 1613 78 60 en

1146 1704 242 97 Fond,
1458 1701 432 98 tilstrekkelig,
1976 1706 126 74 alle
2158 1705 472 97 Residenrsens
2682 1712 270 97 Fattige

1144 1841 73 63 ar
1256 1826 425 97 underholde.
1798 1822 125 99 Og
1956 1840 75 64 at
2068 1828 109 79 der
2216 1831 219 77 endda
2486 1835 293 75 desuden
2818 1833 131 84 kan

1139 1945 259 98 afgives
1441 1945 311 97 anseelige
1795 1944 357 85 Summer
2189 1949 73 80 til
2321 1956 209 75 andre
2571 1950 379 103 Stiftelser,

1136 2092 84 77 og
1268 2067 322 87 Starens
1654 2073 416 95 nødvendige
2122 2068 522 103 Indretninger.
2800 2079 140 84 Da

1135 2190 272 94 svares:
1489 2190 96 81 At
1633 2187 118 95 saa
1825 2208 212 79 meget
2091 2192 134 83 kan
2275 2193 102 99 jeg
2421 2203 186 74 alene
2660 2200 273 95 Tilsaae

1139 2312 99 85 Ar
1275 2309 77 99 af
1379 2312 369 98 bestandige
1779 2334 81 75 og
1913 2316 505 84 continuerende
2467 2318 305 86 Lotterier
2811 2323 123 80 kan

1136 2437 245 93 muelig
1420 2434 127 81 ikke
1586 2441 245 91 drages
1868 2437 187 81 bedre
2096 2438 299 101 Fordeel.
2504 2443 141 100 For
2688 2446 243 95 Resten

1131 2556 136 81 kan
1301 2562 68 73 al
1413 2562 122 76 den
1575 2567 362 88 opregnede
1971 2557 259 106 Nytte,
2283 2585 79 75 og
2405 2570 76 75 de
2511 2571 122 77 ved
2667 2566 234 83 Lotteri-

1128 2687 110 72 ers
1282 2674 268 99 Afdrag
1584 2679 348 99 bestridede
1986 2688 256 95 nyttige
2290 2685 504 101 Indretninger
2824 2687 102 98 for

1132 2798 317 102 Staren,
1500 2802 21 79 i
1556 2803 195 97 ingen
1798 2804 273 84 Maade
2105 2827 190 64 enten
2330 2818 169 76 døve
2533 2817 144 77 eller
2716 2812 211 83 blinde

1129 2925 159 94 mig.
1443 2922 181 89 Den
1675 2922 291 105 Skade,
2045 2930 137 94 som
2229 2931 147 101 disse
2425 2937 501 82 continuerende

1126 3046 312 82 Lotterier
1472 3045 345 101 anstifter,
1876 3057 122 77 ved
2034 3070 76 66 ar
2160 3051 304 98 forderve
2522 3055 400 86 Nationens

1129 3164 530 101 Tænkemaade,
1743 3172 268 92 svækker
2061 3182 168 74 dens
2279 3175 514 105 Arbejdsomhed
2839 3203 82 76 og

1125 3288 473 99 Tarvelighed,
1636 3314 80 76 og
1757 3298 237 80 derved
2037 3296 229 98 hindre
2302 3317 82 79 og
2414 3305 290 96 omstøde
2722 3304 162 85 Sta-

1122 3423 151 70 tens
1294 3410 361 101 Velfærd,
1712 3436 63 58 er
1816 3418 191 93 langt
2042 3422 245 95 større,
2344 3444 81 74 og
2464 3424 129 83 kan
2634 3428 123 80 ikke
2778 3449 137 60 nær

1119 3535 266 94 opvejes
1415 3545 148 70 med
1617 3541 68 77 al
1717 3542 124 77 den
1895 3549 359 89 opregnede
2309 3544 241 100 Nytte.
2687 3548 223 100 Hvad

1116 3654 132 85 kan
1282 3663 104 77 der
1424 3673 218 86 nytte;
1698 3660 96 86 Ar
1828 3659 102 104 jeg
1964 3681 280 85 opretter
2294 3671 206 99 større
2554 3671 238 100 Fonds
2824 3693 84 78 og

2607 3790 202 111 Stift
