3124 4675
1039 717 106 52 IO

1545 690 496 87 «==>$►

1087 899 167 86 Der
1310 895 280 96 Danske
1647 895 257 98 Sprog
1951 896 121 98 har
2139 914 93 60 nu
2287 905 283 84 opnaaet
2631 904 70 66 to

898 1043 164 92 store
1102 1037 422 95 Triumpher.
1678 1031 114 86 En
1848 1036 174 94 trykt
2082 1032 214 86 Dom
2350 1039 180 74 lærer
2582 1038 120 72 os:

898 1177 264 96 Ukynde
1196 1177 20 79 i
1254 1176 282 82 Landers
1564 1170 258 99 Sprog
1858 1173 330 97 esterdags
2220 1172 128 81 kan
2374 1173 168 80 blive
2568 1189 108 79 reg-

893 1331 108 64 net
1027 1319 204 93 endog
1259 1316 186 78 blant
1495 1310 594 99 Forbrydelser!...
2143 1311 292 99 Hvilken
2453 1313 220 78 Under-

891 1451 192 100 saat,
1137 1453 132 98 han
1309 1468 168 64 være
1507 1448 344 101 Fremmed
1885 1456 142 74 eller
2055 1450 328 97 Indfod,
2439 1451 144 78 ville
2613 1453 86 77 da

889 1593 53 78 ei
975 1597 141 74 lære
1149 1589 281 86 Landets
1449 1588 281 95 Sprog,
1787 1587 133 98 han
1955 1590 191 78 tiener
2175 1590 159 78 i!...
2393 1589 129 82 Nu
2547 1587 153 100 hore

884 1731 68 76 vi
1012 1733 242 89 dernest
1298 1734 76 72 de
1418 1712 281 104 Danske
1742 1723 488 83 Stridsmænd
2273 1724 125 95 skal
2444 1725 264 99 virkelig

880 1865 494 78 kommanderes
1404 1866 20 76 i
1462 1862 286 82 Landets
1770 1859 292 101 Sprog!
2164 1862 122 84 Vi
2310 1865 166 96 have
2506 1863 116 94 seer
2638 1880 60 68 et

877 2003 176 96 trykt
1087 2000 242 98 Skrift
1363 2006 206 74 under
1597 1997 224 90 Timl:
1923 2010 34 22 "
1987 1998 460 85 Commando-
2467 2003 200 84 Orde-

873 2149 38 26 "
965 2161 96 74 ne,
1115 2137 136 94 som
1283 2138 150 96 efter
1461 2136 330 99 Kongelig
1819 2142 458 97 allernaadigst
2311 2141 382 99 Befalning

875 2287 34 24 "
963 2297 65 58 er
1055 2282 343 84 anordnet,
1451 2292 71 64 at
1548 2275 124 96 skal
1703 2279 245 94 bruges
1981 2300 77 76 og
2095 2282 575 98 commanderesef-

874 2423 34 26 "
960 2431 94 64 rer
1080 2419 116 76 ved
1226 2420 122 76 den
1374 2414 330 97 Kongelig
1732 2412 283 100 Danske
2034 2416 258 85 Armee.
2392 2419 266 85 Kioben-

872 2563 36 24 "
958 2553 176 98 havn
1186 2574 204 70 1772.
1556 2550 216 101 Trykt
1812 2553 128 100 hos
1974 2554 340 85 Nicolaus
2348 2559 340 102 Christian

957 2689 340 102 Hopfner,
1353 2694 70 78 in
1463 2702 130 73 8830

1065 2963 257 88 Denne
1361 2968 331 101 Befaling
1739 2973 331 100 efterleves
2125 2983 267 78 allerede
2433 2983 123 80 ved
2605 2985 75 79 de

865 3106 164 93 flese
1054 3103 448 103 Regimenter;
1558 3108 172 83 Men
1760 3116 279 94 maaskee
2072 3118 128 96 hele
2228 3114 288 105 Værge-
2538 3129 140 75 eller

868 3245 444 94 dErestanden
1340 3248 50 78 ei
1416 3246 179 92 skulle
1632 3267 148 80 tage
1810 3257 102 77 det
1940 3260 356 95 ugunstig,
2378 3281 108 58 om
2516 3281 162 61 man

861 3381 194 96 vriste,
1112 3385 99 77 det
1246 3388 119 76 den
1412 3390 107 76 der
1564 3387 199 94 haver
1811 3392 250 94 oversat
2103 3400 74 76 de
2215 3397 434 96 tydffeRsm-

865 3525 502 93 mando-Ord,
1401 3526 50 78 ei
1481 3522 198 100 haver
1709 3547 196 64 været
1927 3532 206 100 heldig
2163 3536 124 79 nok
2305 3541 18 76 i
2339 3541 92 94 sin
2449 3537 198 84 Over-

861 3651 247 96 settelse,
1161 3675 144 63 men
1337 3676 74 64 at
1451 3660 240 96 samme
1725 3667 127 82 kan
1899 3676 183 94 gives
2131 3696 81 74 og
2245 3674 205 99 haves
2483 3681 187 93 langt

860 3791 458 101 beqvemmere,
1372 3814 224 67 rettere
1628 3823 80 76 og
1742 3809 232 79 lettere.
2072 3812 146 98 Jeg
2252 3813 90 78 vil
2374 3811 290 95 laasede-Hr.
2544 3819 120 77 det.

2380 3947 166 86 Det
