3053 4569
993 649 108 70 14

1501 623 487 86 sik-Usk

863 839 222 80 kaldes
1125 855 74 58 en
1245 827 250 100 Trop;
1549 827 100 84 Er
1681 827 126 98 hos
1851 833 76 76 de
1965 825 280 96 Danske
2265 843 76 62 en
2359 819 302 98 Slump,

865 983 142 72 eller
1057 995 74 58 en
1187 977 108 74 vis
1353 967 186 86 Deel
1591 965 206 100 Folk,
1877 971 110 76 der
2039 985 116 75 eres
2191 961 468 98 sammensatte.

859 1111 222 86 Dette
1097 1111 160 82 Ord
1283 1107 210 100 Togt
1523 1113 140 74 eller
1683 1105 214 96 Trop
1927 1107 122 96 har
2079 1105 130 80 kun
2235 1123 108 60 een
2369 1101 266 82 Stavel-

857 1251 90 94 se:
1049 1247 102 84 Er
1183 1253 208 74 lettere
1423 1249 20 78 i
1473 1245 278 84 Udraab
1783 1251 122 74 end
1927 1243 212 96 ^eele
2171 1243 342 100 Deeling,
2539 1245 124 76 alt*

859 1387 120 98 faa
1011 1389 212 78 baade
1253 1403 224 62 rettere
1509 1405 82 76 og
1623 1389 228 76 lettere.

1051 1661 70 98 I
1163 1657 466 96 Oversettelsen
1669 1675 66 60 er
1775 1657 112 96 her
1929 1661 290 78 desuden
2271 1657 268 94 begaaer
2585 1675 80 60 en

855 1799 352 100 Hovedfeil
1235 1801 124 78 i.de
1373 1795 202 84 Ord:
1675 1793 300 78 Vender
2001 1793 212 82 Eder.
2319 1793 190 82 Man
2541 1793 124 98 har

851 1941 54 78 ei
943 1939 240 92 rettelig
1209 1951 212 80 agtet,
1489 1951 74 62 at
1595 1939 110 76 der
1733 1955 64 58 er
1825 1939 130 92 stor
1983 1933 276 99 Forskjel
2283 1955 136 76 paa
2455 1937 182 78 Ven-

855 2083 132 72 der
1021 2077 208 78 Eder
1263 2095 78 74 og
1373 2073 350 100 Svinger
1759 2075 230 80 Eder.
2137 2073 172 84 Ved
2345 2077 102 76 det
2475 2073 192 96 første

853 2213 364 98 fvrstaaes:
1319 2211 210 82 Naar
1559 2211 354 82 Soldaten
1947 2215 200 80 bliver
2160 2216 329 93 saaende
2513 2233 154 78 paa

855 2353 298 94 Seedet,
1207 2373 80 74 og
1327 2355 236 78 vender
1621 2351 366 96 ellersnoer
2047 2355 262 96 sigom:
2408 2351 256 99 H.,-syer

853 2513 130 56 cm
1011 2511 64 58 er
1105 2489 150 98 halv
1285 2487 358 100 Vending,
1695 2509 148 62 men
1867 2491 251 99 Haver
2145 2499 190 72 vend
2361 2515 128 56 om
2521 2497 142 76 eller

851 2629 182 96 -Heel
1067 2651 126 56 om
1231 2647 66 60 er
1333 2627 126 96 heel
1495 2625 354 102 Vending.
1961 2629 278 106 Sving
2269 2655 126 56 om
2425 2651 66 60 er
2523 2635 110 78 der-

853 2767 176 82 imod
1055 2817 24 46 ,
1163 2787 170 60 naar
1369 2763 312 100 Togren,
1757 2765 372 104 Troppen,
2181 2779 142 74 eller
2375 2777 122 76 den
2533 2769 130 100 hele

851 2903 200 96 Rad,
1097 2911 140 74 eller
1271 2905 146 84 Line
1443 2907 436 100 marscherer
1911 2911 300 98 afstced,
2291 2933 82 76 og
2423 2915 238 78 vender

849 3049 148 74 med
1045 3047 100 76 det
1185 3041 264 102 samme,
1503 3051 86 76 da
1625 3045 354 84 Soldaten
2011 3051 200 82 bliver
2243 3055 120 78 ved
2391 3065 74 68 at
2493 3069 168 80 gaae

849 3181 252 98 afstæd,
1153 3183 186 80 indtil
1377 3187 108 76 der
1515 3185 532 86 kommanderes:
2157 3189 228 98 -Holr!
2487 3189 144 100 Feil-

849 3319 274 94 tagelsen
1169 3319 128 94 sees
1355 3321 264 98 herefter
1657 3331 300 94 overalt,
2033 3329 166 98 hvor
2231 3335 166 80 dette
2439 3329 188 86 Kom-

849 3461 246 78 mando
1115 3457 200 86 »Ord
1349 3459 422 102 forekommer
1797 3467 22 80 i
1845 3463 350 106 Marchen.

2339 3859 216 90 Naar
