3273 4525
1401 287 82 56 JO
1921 277 164 70 DL
2177 277 84 66 M

1603 443 190 102 ham,
1841 441 132 82 kan
2009 441 134 100 han
2179 461 72 78 ey
2287 441 206 100 stikke,
2547 453 184 86 tager
2769 443 132 100 han
2931 451 96 80 det

1605 591 134 76 op,
1815 587 152 60 men
2017 569 218 96 stikker
2287 569 180 100 han,
2555 591 204 74 gaaer
2811 577 102 74 det
2961 575 66 80 tli

1601 703 126 74 den
1779 699 188 94 næste
2009 695 276 100 Spiller
2321 699 216 96 Lgien,
2603 717 78 76 og
2731 697 134 98 han
2913 699 120 96 stal

1605 823 186 96 stikke
1829 831 124 72 den
1993 827 182 96 sidste
2211 823 364 86 Stikkeres
2615 823 208 100 Korr,
2877 823 158 100 hvis

1581 949 172 98 ikke,
1805 965 184 82 tager
2033 953 134 98 han
2203 951 386 96 altsammen
2631 971 120 78 op,
2805 973 80 74 og
2921 959 112 74 der

1607 1077 310 96 udspilles
1983 1083 76 80 til
2121 1079 158 96 ham
2347 1081 216 94 igien,
2641 1079 186 82 indtil
2895 1079 132 100 han

1599 1205 240 98 stikker.

1383 1377 68 74 6.
1501 1367 182 90 Den
1733 1371 136 94 som
1931 1371 302 100 beholder
2279 1377 122 78 ved
2447 1373 434 98 Slutningen
2927 1377 100 82 der

1605 1499 184 100 sidste
1817 1497 188 82 Kort
2033 1519 138 74 paa
2193 1499 376 102 Haanden,
2603 1523 108 60 om
2743 1501 134 98 han
2907 1507 118 74 end

1601 1625 132 80 kan
1773 1625 182 96 stikke
1989 1631 300 96 dermed,
2343 1627 114 96 saa
2493 1629 134 100 han
2661 1629 126 80 ikke
2819 1625 178 100 behol-

1613 1761 112 72 der
1759 1755 152 94 flere
1945 1751 268 100 tilbage,
2267 1755 124 98 har
2429 1757 162 80 tabr.

1857 2087 226 114 Lang
2135 2085 400 118 Hanrey:

1943 2249 80 20 —
2095 2249 50 20 -

2003 2371 404 84 Saaledes:

1377 2465 120 110 Qr

1379 2589 108 96 O
1503 2569 200 96 ørste,
1755 2575 216 76 anden
2015 2591 82 76 og
2133 2567 200 86 tredie
2347 2565 232 96 Aegel
2611 2581 66 64 er
2713 2561 302 98 ligesom!

1367 2689 318 104 Hanrey.

1367 2879 54 72 4
1495 2857 286 102 Spilles
1831 2865 174 94 bedst
2047 2861 82 98 af
2161 2885 44 52 2
2253 2859 330 100 Spillere.
2687 2857 176 84 Men
2909 2857 104 100 her

1591 3007 72 60 er
1701 2997 122 72 den
1863 2989 280 98 Forffiel
2181 2991 178 78 imod
2391 2987 318 100 Hanrey,
2763 3001 70 66 at
2863 2985 150 98 hver

1589 3113 284 98 Spiller
1905 3117 302 98 beholder
2233 3117 132 98 sine
2385 3115 182 84 Stik
2597 3115 124 98 hos
2751 3115 88 98 sig
2867 3111 140 98 selv,

1585 3261 88 76 og
1709 3241 408 100 observeres,
2175 3259 72 64 at
2275 3243 164 84 altid
2475 3243 224 98 stikkes
2735 3249 140 76 med
2909 3247 98 76 det

1585 3367 212 102 bedste
1829 3369 188 86 Kort
2053 3391 138 78 paa
2225 3367 370 104 Haanden.
