3141 4626
1265 507 115 93 28

1134 712 82 60 en
1282 688 476 99 Forbrydelse,
1842 710 82 77 og
1968 689 116 94 faa
2154 692 260 96 stridige
2478 695 158 76 mod
2706 688 232 104 Folke»

1138 814 296 95 Retten,
1488 807 136 94 som
1668 810 74 74 de
1774 806 266 103 virkelig
2074 835 118 61 ere.
2300 810 256 96 Havde
2588 813 76 76 de
2704 814 236 92 indseer

1133 934 436 82 Lotteriernes
1605 926 180 96 fulde
1833 950 80 75 og
1965 931 146 78 vidt
2165 930 330 96 udstrakte
2553 931 380 97 Skadelig«

1135 1054 160 100 hed,
1369 1053 172 92 samt
1595 1056 122 76 den
1793 1057 234 81 derved
2101 1050 318 102 hæftende
2493 1052 440 103 Forbrydelse

1133 1178 183 77 imod
1349 1173 679 98 Naboe-Starerne,
2093 1183 87 76 da
2245 1178 213 94 havde
2509 1183 167 92 den,
2743 1176 73 98 ja
2855 1188 79 70 de

1130 1320 84 58 en
1266 1296 258 97 saadan
1572 1293 482 99 fornærmende
2106 1299 200 87 Stat
2370 1300 564 97 paagrændsende

1136 1414 293 90 Naboer
1466 1417 233 98 fundet
1736 1424 89 94 sig
1860 1423 203 94 høilig
2098 1418 307 98 beføjede,
2444 1430 191 75 naae
2660 1431 123 75 den
2806 1428 123 78 ved

1129 1547 322 92 mindelig
1489 1542 620 98 Mellemhandling
2137 1542 132 80 ikke
2315 1546 172 81 vilde
2527 1543 252 100 afstaae
2815 1544 114 96 fra

1127 1682 66 62 et
1213 1672 144 74 dem
1391 1665 116 92 saa
1545 1659 478 100 fornærmeligt
2063 1662 375 104 Paafund,
2495 1683 74 66 at
2605 1674 324 78 declarere

1130 1786 162 96 ham
1328 1785 230 98 Krig,
1616 1786 194 80 indtil
1850 1786 136 95 han
2026 1783 202 98 fandt
2274 1790 92 94 sig
2420 1793 20 76 i
2490 1795 186 76 deres
2714 1790 210 98 billige

1128 1906 396 102 Paastand.
1650 1906 216 100 Langt
1914 1907 112 98 fra
2072 1925 76 67 at
2198 1916 74 76 de
2318 1912 174 98 fleste
2538 1913 252 97 Krige,
2842 1936 76 76 og

1125 2050 86 74 og
1245 2031 240 92 muelig
1522 2029 195 85 ikkun
1749 2033 243 97 ganske
2038 2029 155 98 faae
2247 2054 102 60 ere
2394 2030 175 99 førte
2621 2059 138 76 paa
2806 2036 109 96 saa

1123 2152 224 98 gyldig
1379 2145 312 105 Grund,
1763 2176 82 74 og
1883 2153 84 98 af
1997 2155 116 94 saa
2157 2156 214 98 billige
2411 2157 356 102 Aarsager.

1335 2275 91 98 2.)
1459 2275 167 96 Har
1683 2282 73 74 de
1813 2274 169 96 feilet
2029 2284 263 78 derudi:
2363 2280 97 85 At
2505 2285 19 78 i
2561 2289 125 74 den
2725 2282 189 84 Sted

1122 2406 76 72 de
1225 2397 207 95 skulde
1526 2397 138 92 som
1700 2406 186 77 deres
1930 2401 142 98 Agt
2108 2425 82 77 og
2228 2404 124 98 har
2402 2420 234 79 været,
2716 2412 196 90 vælge

1120 2526 107 74 det
1258 2523 301 92 mindre,
1636 2524 123 96 har
1808 2532 77 74 de
1934 2528 359 95 (mueligen
2348 2532 73 76 de
2472 2531 167 94 fleste
2680 2534 117 76 ved
2834 2550 73 60 en

1115 2644 642 98 indsigtmanglmde
1839 2655 146 74 eller
2019 2651 860 114 daarliggodgisorendeMi-

1119 2766 728 97 nisietskTiiraadelse,

2759 2652 122 82 Mi-

1121 2770 236 94 nisters
1397 2767 452 98 Tilraadelse,
1899 2777 88 76 da
2027 2773 138 94 han
2203 2780 240 77 derved
2471 2773 198 100 fandt
2691 2774 184 98 Lejlig-

1120 2888 120 98 hed
1270 2909 74 62 ar
1376 2893 184 94 giøre
1612 2896 90 92 sig
1742 2914 244 77 mange
2024 2893 420 102 forbundne,
2494 2905 120 74 ved
2662 2914 72 64 at
2760 2902 114 92 pla-

1118 3034 132 60 cere
1268 3021 122 72 end
1408 3013 328 97 Mængde
1749 3014 402 100 Mennesker
2178 3022 76 78 til
2272 3020 466 100 Directeurer,
2755 3018 115 101 In-

1114 3132 391 100 specteurei,'
1588 3134 229 88 Over-
1867 3159 80 76 og
1996 3143 225 81 Under
2245 3174 26 38 -
2292 3144 483 98 Collecteurer,
2825 3166 78 74 og

1117 3258 188 80 dertil
1343 3257 88 98 fik
1467 3275 58 62 et
1551 3257 354 103 Overflod
1953 3257 138 98 fra'
2117 3261 304 90 Lotteriet
2471 3285 74 66 at
2577 3269 324 99 disponere

1115 3378 183 101 vver)
1329 3379 265 97 virkelig
1637 3388 189 90 valgt
1885 3395 105 70 det
2029 3389 207 94 større
2269 3388 249 103 Onde;
2589 3389 137 101 Thi
2761 3390 109 90 Ta-

1114 3500 106 82 bet
1252 3501 78 92 af
1360 3509 122 76 den
1522 3503 370 102 Summa,
1946 3507 138 94 som
2118 3512 312 99 virkelig,
2506 3521 74 74 de
2610 3514 256 82 indkom-

1114 3646 78 60 ne
1230 3624 362 103 Gevinster
1638 3626 403 105 fradragne,
2126 3634 295 96 saaledes
2476 3643 297 92 udgaaer
2826 3630 77 102 af

2603 3759 196 87 Sta-
