3244 4568
1391 306 39 56 6
1915 294 163 81 DL
2173 293 81 83 $
2347 297 163 80 DL

1385 500 70 70 4.
1510 475 327 98 Dernæst
1909 478 192 94 gives
2169 478 306 94 ligeledes
2533 502 44 48 2
2638 477 181 83 Kort
2861 489 160 77 rund

1616 624 110 62 om
1760 622 138 77 paa
1943 600 243 94 samme
2217 602 289 83 Maade.

1395 792 62 72 5.
1509 767 316 100 Hverken
1875 767 410 101 Korkgiver,
2343 775 144 76 eller
2521 770 320 100 Aftager,
2893 783 136 75 eller

1622 916 214 76 nogen
1866 906 218 70 anden
2112 916 194 62 maae
2331 895 87 94 see
2442 904 210 74 under
2678 905 140 75 eller
2844 917 190 82 noget

1616 1017 183 83 Kort
1832 1021 19 78 i
1886 1025 121 73 den
2042 1017 313 102 beholdne
2394 1017 355 87 Stamme.

1396 1206 66 70 6.
1514 1203 326 91 Udspilles
1894 1204 80 92 af
2004 1210 126 71 den
2170 1203 136 93 som
2342 1209 214 92 sidder
2586 1224 136 77 paa
2756 1199 274 108 Kortgsi

1615 1337 238 68 verens
1887 1330 250 95 venstre
2171 1325 288 101 Haand.

1394 1522 68 70 7.
1516 1503 136 86 De
1692 1513 206 72 andre
1932 1510 176 92 legge
2150 1510 115 94 til;
2320 1515 122 74 den
2486 1508 136 96 som
2668 1515 201 94 sidder
2912 1523 113 75 ved

1615 1631 446 96 Udspillerens
2097 1636 248 94 venstre
2379 1635 266 101 Haand
2683 1643 202 93 legger
2921 1641 106 96 saa

1616 1757 166 97 først
1816 1757 102 99 til,
1974 1782 82 75 og
2090 1763 174 96 siden
2298 1759 154 100 efter
2480 1762 262 84 Orden.

1447 1994 13 16 .
1511 1933 243 99 Ingen
1809 1961 189 59 maae
2039 1944 19 77 i
2093 1941 451 101 Forhaanden
2589 1952 177 93 legge
2811 1954 75 79 til
2929 1949 97 102 før

1616 2063 178 99 hans
1832 2065 365 100 Formand.

1391 2264 67 64 9.
1513 2241 197 100 Hver
1769 2247 273 97 Spiller
2075 2255 209 93 legger
2315 2256 79 97 sit
2429 2255 183 83 Kort
2653 2259 73 78 til
2767 2244 125 106 hos
2921 2263 105 93 sig

1608 2371 165 100 selv,
1826 2391 71 64 at
1944 2384 121 73 den
2114 2392 189 68 eenes
2348 2381 185 83 Kort
2578 2383 127 84 ikke
2742 2386 123 96 stal
2902 2385 121 100 for»

1607 2500 173 80 vilde
1819 2509 123 75 den
1979 2511 283 77 andens.

1479 2716 24 45 >.
1556 2681 241 99 Ingen
1849 2707 194 63 maae
2076 2689 317 98 fremvisse
2430 2695 77 97 sit
2538 2692 183 85 Kort
2760 2698 19 80 i
2818 2699 195 84 Utide.

1394 2884 30 48 !
1446 2886 58 55 r.
1556 2861 182 91 Den
1790 2867 134 96 som
1962 2868 184 96 faaer
2176 2880 104 72 det
2308 2881 130 88 4de
2468 2876 206 101 Stik,
2726 2881 120 97 har
2876 2881 140 100 Fri»

1607 2993 118 97 hed
1761 3011 72 62 ar
1863 2995 192 100 byde,
2093 3019 80 76 og
2207 3008 76 70 Ve
2315 3007 232 95 andre,
2583 3006 134 93 som
2747 3010 90 78 vil
2863 3008 150 99 byde

1606 3126 146 72 med
1800 3121 196 100 ham,
2062 3147 194 59 maae
2302 3129 128 80 ikke
2478 3130 166 98 byde
2686 3153 170 63 meer
2900 3139 114 76 end

1606 3245 151 97 han.
1880 3247 211 84 Naar
2125 3259 76 73 de
2238 3256 165 96 have
2438 3257 193 99 bydet
2663 3270 186 88 med,
2908 3259 107 96 saa

1605 3391 235 80 mange
1873 3373 133 97 som
2036 3379 118 100 vil,
2201 3378 353 104 fremviiser
2587 3384 321 105 Vyderen
2939 3389 77 94 sit

2833 3550 182 91 Korr
