3056 4675
1837 575 49 86 5

430 743 541 99 Beflyldningen
1014 763 65 62 er
1130 762 95 60 nu
1260 741 191 98 giort.
1582 739 435 98 Detgielder

239 873 85 75 da
359 884 105 61 om
505 880 73 64 at
617 861 201 96 bevise
855 870 143 76 den.
1121 870 185 80 Uden
1356 863 256 86 Beviis
1645 866 231 96 flipper
1913 863 105 97 jeg

238 986 142 82 ikke.
484 985 385 82 Lotterierne
904 986 167 98 have
1104 991 189 81 dertil
1328 994 271 79 allerede
1630 992 251 77 vundet
1916 990 104 78 alt

235 1107 104 99 for
401 1132 240 74 mange
697 1109 291 104 Elflere,
1073 1109 346 95 Tilbedere
1481 1134 83 75 og
1617 1108 398 104 Forfegtere.

230 1231 148 107 Jeg
422 1231 334 100 forlanger
792 1239 102 79 det
936 1234 190 101 heller
1164 1234 146 84 ikke.
1444 1234 184 83 Men
1670 1239 88 77 da
1788 1232 224 89 Bevi«

233 1355 84 97 set
359 1354 208 100 falder
605 1356 170 81 klart
809 1377 80 77 og
923 1361 266 95 tydeligt
1223 1354 106 101 for
1361 1356 284 99 enhver,
1705 1356 136 96 som
1881 1357 132 81 ikke

237 1481 123 97 har
406 1495 178 80 taget
628 1499 208 76 nogen
895 1478 315 100 betydelig
1249 1483 251 84 Skade
1540 1499 138 80 paa
1733 1478 277 102 Synet,

234 1607 91 77 da
358 1598 337 98 forlanger
748 1601 275 95 Læseren
1072 1610 99 76 vel
1216 1602 195 97 ingen
1466 1604 541 109 Vidtløftighed,

239 1725 151 99 helst
437 1727 21 76 i
499 1729 203 77 denne
753 1723 173 99 Tid,
1013 1731 87 76 da
1135 1726 135 100 han
1313 1725 121 96 har
1477 1726 115 95 faa
1627 1742 243 93 travlt,
1923 1757 85 81 og

234 1845 117 97 saa
386 1844 441 99 mangfoldige
860 1846 241 100 Pierer
1138 1866 73 62 at
1240 1851 459 100 giennemlæfe.

433 1967 183 100 Jeg,
671 1989 117 76 og,
825 1970 134 92 som
991 1971 101 96 jeg
1131 1970 287 100 haaber,
1451 1982 67 76 al
1549 1977 163 94 sund
1733 1978 279 87 Sands

230 2096 148 76 med
408 2095 178 95 mig,
644 2091 762 95 raisonnerersaaledes:
1484 2100 195 99 Flid,
1730 2102 248 84 Arbeid-

225 2209 258 100 somhed
521 2233 80 77 og
631 2210 484 103 Tarvelighed,
1175 2216 148 99 Lyst
1375 2220 72 80 til
1479 2239 74 64 at
1581 2223 308 99 erhverve
1923 2247 86 77 og

225 2333 237 96 samle,
512 2356 98 58 ere
644 2338 256 80 derette
930 2336 494 106 Grundpiller,
1480 2346 496 96 hvorpaaSta-

226 2467 217 69 ternes
486 2455 199 101 Floer
719 2479 78 74 og
836 2458 347 99 Velstand
1222 2464 239 82 beroer.
1566 2469 125 99 Og
1724 2476 103 78 det
1858 2471 113 96 saa-

229 2581 209 80 ledes:
505 2577 95 83 At
633 2582 257 93 ligesom
929 2583 143 98 disse
1113 2586 315 98 svækkes,
1473 2596 529 100 undermineres,

226 2704 329 94 omstødes
594 2724 81 74 og
698 2703 403 98 kuldkastes,
1156 2708 291 94 saaledes
1478 2714 291 102 hindres,
1812 2719 163 94 svæk-

223 2823 107 81 kes
373 2846 79 79 og
483 2828 331 94 omstødes
859 2824 387 86 Staternes
1285 2829 367 101 Velstand.
1759 2838 215 101 Indu-

224 2947 167 97 strie,
446 2946 510 104 Arbejdsomhed
988 2957 146 77 med
1162 2950 270 100 Haand
1464 2978 81 77 og
1580 2968 145 76 med
1742 2960 259 104 Hovet,

225 3087 66 61 er
341 3088 114 61 ene
503 3073 168 95 den,
733 3079 110 75 der
899 3074 122 96 har
1063 3080 174 94 givet
1267 3073 288 101 Europa
1587 3085 78 96 sit
1691 3084 312 102 anseelige

220 3187 282 101 Fortrin
538 3188 164 98 frem
740 3191 104 96 for
884 3200 72 76 de
996 3200 232 96 øvrige
1256 3197 336 90 Verdens
1634 3205 230 102 Dele,
1916 3233 84 75 og

216 3314 139 80 deri
388 3310 341 97 soutineret
758 3323 119 77 den
918 3320 321 98 hidindtil.
1350 3321 299 88 Medens
1671 3338 74 74 de
1763 3339 238 77 tvende

213 3431 343 87 Verdens
585 3436 189 89 Dele
809 3439 121 99 har
963 3441 273 101 passeret
1289 3445 217 94 Tiden
1544 3459 146 77 med
1723 3452 153 99 Leeg
1912 3479 84 75 og

212 3553 361 107 Ledighed,
620 3569 145 78 med
798 3563 185 99 Jagt
1010 3589 137 76 paa
1184 3568 181 99 Dyr
1400 3580 147 77 eller
1578 3575 417 103 Mennesker,

209 3699 83 83 og
325 3684 121 81 den
481 3686 235 101 tredie,
783 3685 137 99 som
953 3689 239 98 usikker
1225 3714 137 77 paa
1397 3698 385 102 erhvervede
1813 3703 151 81 time-

990 3811 67 86 A
1116 3840 39 72 3
1332 3863 8 14 -
1796 3827 87 96 lig
