3190 4472
1339 287 126 80 M
1891 275 160 84 DL
2143 271 88 86 U
2315 273 172 84 DL

1373 483 66 80 $,
1497 459 224 102 Dm,
1751 459 230 98 somey
2015 479 66 60 er
2101 457 304 100 fornøyet
2435 461 146 78 med
2601 463 98 96 sin
2719 463 270 102 Brikke,

1585 589 286 100 tilbyder
1915 589 98 98 sin
2067 585 402 86 Sidemand
2518 605 72 62 at
2635 587 174 98 bytte
2851 603 140 70 med

1583 721 138 96 sig,
1779 715 124 98 har
1950 700 251 95 den-ane
2239 717 180 100 hans
2465 713 396 84 Sidemand
2913 741 76 60 en

1585 843 260 86 Brikke
1893 851 146 72 med
2087 843 138 90 Tal
2273 865 138 76 paa
2467 845 126 94 stal
2639 843 128 98 han
2811 845 176 98 bytte

1581 977 150 78 med
1765 971 184 100 ham,
1981 991 148 62 men
2167 971 122 98 har
2315 971 136 98 han
2491 985 62 66 et
2585 967 218 100 Huus
2843 979 140 74 eller

1581 1095 200 102 Hest,
1819 1111 208 84 gaaes
2067 1099 134 98 han
2237 1091 210 104 forbie
2491 1117 84 76 og
2605 1097 72 78 til
2709 1103 116 74 den
2857 1103 124 92 nest

1577 1233 168 90 ved,
1791 1225 122 98 har
1963 1227 134 96 hai:
2133 1245 78 60 en
2245 1225 154 82 Kar
2449 1227 162 96 siger
2649 1223 130 100 han
2817 1223 142 82 Kis-

1577 1349 194 102 Kis,
1817 1351 124 100 har
1999 1351 134 98 han
2187 1373 76 58 en
2303 1351 326 98 Dragun
2661 1353 158 94 siger
2855 1353 128 96 han

1579 1477 138 102 hug
1751 1477 112 100 af,
1919 1501 82 74 og
2035 1485 88 74 da
2147 1481 216 96 mister
2413 1487 168 90 den,
2631 1479 132 96 som
2799 1481 150 98 tilby-

1573 1613 114 76 der
1731 1621 74 64 at
1845 1605 178 98 bytte
2053 1625 76 58 en
2151 1603 230 98 Streg
2417 1629 80 74 og
2515 1629 190 58 maae
2739 1629 68 78 ey
2843 1609 108 100 byt-

1571 1745 62 70 te
1665 1737 146 74 med
1847 1737 234 92 andre,
2115 1751 146 60 men
2283 1733 120 96 ffal
2425 1735 260 98 beholde
2715 1743 118 72 den
2851 1735 128 98 han

1577 1857 154 100 har,
1753 1899 104 16 —
1907 1859 124 98 har
2065 1857 134 100 han
2221 1859 274 98 ©tegen
2517 1863 124 96 ffal
2661 1863 132 98 han
2819 1863 160 80 blive

1563 1987 316 94 staaende
1913 1983 104 100 for
2051 1991 138 76 den.
2215 2027 100 20 —

1341 2217 74 72 4.
1471 2191 230 104 Den,
1751 2195 138 94 som
1939 2195 124 102 har
2103 2195 228 102 Pøsen
2361 2197 320 98 kan-hvis
2713 2197 136 100 han
2895 2211 84 86 ey

1569 2343 66 58 er
1667 2321 310 102 fornøyet
1999 2333 146 72 med
2177 2333 124 72 den
2333 2325 192 98 første
2557 2323 250 86 Brikke
2827 2343 146 78 rage

1571 2451 96 106 sig
1709 2471 78 60 en
1827 2461 246 90 anden,
2115 2475 80 74 og
2233 2459 122 72 den
2390 2452 122 98 skal
2549 2453 132 98 han
2711 2467 156 64 rette
2881 2453 88 98 sig

1569 2577 202 104 efter,
1809 2601 152 60 men
2007 2579 204 100 haver
2247 2579 134 100 han
2413 2601 76 58 en
2521 2579 324 82 Maredor
2891 2601 76 76 og

1567 2725 82 60 en
1681 2713 218 76 anden
1940 2698 712 124 skal-«byt.te-"—medsxham
2101 2709 180 96 bytte
2311 2715 144 74 med
2495 2709 200 98 ham,
2737 2711 228 92 nemlig

1559 2829 176 104 Hest
1777 2841 146 74 eller
1942 2833 254 105 Huus
2293 2835 184 96 giver
2511 2833 134 102 han
2691 2833 156 102 ham
2891 2857 74 62 en

1573 2957 82 100 af
1681 2959 248 102 Posen.

1341 3183 62 76 5.
1456 3161 223 100 Naar
1723 3189 78 60 en
1841 3169 82 98 af
1945 3167 362 102 Spillerne
2341 3173 126 100 har
2523 3173 280 84 Narren
2835 3173 129 99 skal

1555 3297 152 94 den,
1737 3295 134 94 som
1907 3299 128 98 har
2067 3307 124 74 den
2221 3303 272 96 ringeste
2529 3303 256 86 Brikke
2819 3305 144 80 tabe

1555 3445 80 62 m
1671 3425 234 100 Streg
1959 3435 146 74 med
2141 3427 180 100 ham.

2619 3567 64 70 6.
2737 3555 206 88 Naar
