3080 4675
2030 700 101 75 -5

641 869 214 87 Naar
884 891 163 65 man
1075 878 160 97 siger
1263 879 248 102 -H^yer
1526 892 155 74 om!
1717 878 120 105 har
1862 905 159 64 man
2042 915 37 68 z
2099 887 136 88 Vo-

447 1017 167 76 kaler
645 1011 289 99 samlede,
957 1014 131 96 som
1111 1019 141 94 giør
1269 1023 277 80 Udtalen
1565 1031 115 91 let;
1733 1023 173 84 Men
1925 1032 155 96 siger
2101 1038 161 76 mari

449 1150 252 103 -HByre
733 1160 138 75 eller
911 1154 310 103 -Høyere,
1276 1159 135 94 som
1442 1161 267 99 herefter
1723 1183 202 82 meget
1948 1168 281 100 forekom-

451 1312 161 81 mer,
667 1299 86 75 da
781 1292 244 99 fiurrer
1053 1296 482 98 Konsonanten
1597 1327 61 57 r.

652 1579 69 97 3)
772 1574 297 78 Holdt!
1180 1582 145 73 Ret
1368 1579 211 86 Eder.
1704 1584 151 104 Her
1910 1610 65 62 er
2032 1593 221 81 bedre:

451 1714 218 97 -Holr,
722 1716 156 81 Rer
910 1714 148 103 Jer
1078 1725 17 76 ',
1149 1726 189 75 ellers
1366 1723 206 81 kunde
1606 1723 410 96 Adjutanten
2043 1735 215 79 Eder

456 1859 203 90 endog
694 1856 209 94 gierne
934 1854 163 82 blive
1128 1859 201 80 borte.
1482 1862 159 85 Det
1680 1864 121 98 falt
1836 1873 203 78 lettere
2074 1873 21 78 i
2120 1874 103 81 Ud-

452 1992 170 79 raab
664 1993 224 95 -Holr!
989 1996 291 83 Retcer!
1397 1999 69 99 I
1505 2006 163 79 dette
1703 2008 177 97 sidste
1915 2005 161 87 Ord
2128 2031 128 65 var

444 2132 209 81 Eder
680 2137 265 77 allerede
968 2133 399 99 indbefattet.

627 2411 73 99 4)
753 2410 159 80 Giv
927 2414 187 104 Agt!
1219 2416 177 85 Var
1423 2420 51 80 ei
1505 2422 119 79 den
1655 2420 195 84 blotte
1867 2424 347 100 Imperati-

429 2557 137 88 vus
591 2548 159 106 Agt
778 2551 127 81 nok
931 2558 33 77 ?
1067 2554 191 88 Deri
1285 2561 195 94 ligger
1510 2564 266 81 allerede
1797 2560 225 90 Ordet
2044 2572 192 82 Giv.

633 2831 68 101 5)
756 2830 399 82 Gevæhret
1179 2835 154 79 ved
1364 2838 271 84 Foden.
1764 2842 265 85 Monne
2057 2853 104 78 det
2187 2856 62 80 ei

427 2982 125 68 var
585 2974 241 79 lettere:
931 2975 331 99 Gevachr
1309 2989 137 71 ved
1507 2980 201 95 Fod!
1811 2991 141 75 eller
1989 2986 247 95 Foder

430 3110 363 96 Gevæhr!
897 3118 142 78 eller
1082 3117 133 80 blot
1246 3116 273 95 Foder!
1672 3118 167 87 Kan
1882 3123 357 93 Soldaten

432 3258 81 83 og
558 3249 229 96 enhver
834 3250 279 101 forsaae
1162 3254 563 103 Kunst-Ordet:
1830 3263 409 91 Skuldrer!

428 3398 71 64 at
542 3388 103 78 det
680 3390 87 78 vil
814 3393 117 96 sige
958 3391 111 95 saa
1117 3413 204 78 meget
1346 3396 167 95 som:
1618 3399 231 99 Legger
1876 3403 359 101 Gevæhrer

426 3542 135 78 paa
598 3522 423 92 Skulderen!
1126 3531 179 85 Saa
1340 3536 123 82 kan
1496 3538 129 98 han
1662 3560 79 76 og
1770 3542 273 99 begribe,
2088 3556 141 76 eller

425 3682 159 62 man
631 3685 191 60 maae
873 3675 141 75 lære
1059 3672 153 97 ham
1240 3689 72 66 at
1347 3678 271 95 begribe,
1673 3684 103 78 der
1805 3680 237 95 Foder
2068 3689 162 96 siger

420 3800 111 92 faa
566 3820 239 83 meget,
874 3805 165 97 som:
1164 3808 251 89 Setter
1448 3814 351 104 Gevæhrer
1824 3825 117 83 ved
1974 3822 249 99 Foden.

1965 3962 159 87 Det
