<?xml version="1.0" encoding="utf-8"?>
<alto xmlns="http://www.loc.gov/standards/alto/ns-v3#" xmlns:xs="http://www.w3.org/2001/XMLSchema-instance" xmlns:xlink="http://www.w3.org/1999/xlink">
	<Description>
		<MeasurementUnit>pixel</MeasurementUnit>
		<sourceImageInformation>
			<fileName>130013940364_2_023_003_021.tif</fileName>
		</sourceImageInformation>
		<OCRProcessing ID="OCR1">
			<ocrProcessingStep>
				<processingDateTime>2018-09-15</processingDateTime>
				<processingAgency>Zissor AS</processingAgency>
				<processingStepSettings>Combined OCR</processingStepSettings>
				<processingSoftware>
					<softwareCreator>Zissor AS</softwareCreator>
					<softwareName>ContentOCR-11; ContentOCR-Tesseract</softwareName>
					<softwareVersion>2.0.2; 2.0.0</softwareVersion>
					<applicationDescription>OCR Component for Zissor Content System</applicationDescription>
				</processingSoftware>
			</ocrProcessingStep>
		</OCRProcessing>
	</Description>
	<Styles>
		<TextStyle ID="STYLE1" FONTFAMILY="Arial" FONTSIZE="10.5" FONTSTYLE="italics"/>
		<TextStyle ID="STYLE2" FONTFAMILY="Arial" FONTSIZE="9.5" FONTSTYLE=""/>
		<TextStyle ID="STYLE3" FONTFAMILY="Arial" FONTSIZE="12" FONTSTYLE=""/>
		<TextStyle ID="STYLE4" FONTFAMILY="Arial" FONTSIZE="14" FONTSTYLE=""/>
	</Styles>
	<Layout>
		<Page ID="PAGE74" HEIGHT="4611" WIDTH="3131" PHYSICAL_IMG_NR="74" PROCESSING="OCR1" PC="0.75">
			<TopMargin HEIGHT="520" WIDTH="3131" HPOS="0" VPOS="0"/>
			<LeftMargin HEIGHT="3324" WIDTH="1058" HPOS="0" VPOS="520"/>
			<RightMargin HEIGHT="3324" WIDTH="216" HPOS="2915" VPOS="520"/>
			<BottomMargin HEIGHT="765" WIDTH="3131" HPOS="0" VPOS="3846"/>
			<PrintSpace ID="PRINTSPACE1" HEIGHT="3324" WIDTH="1855" HPOS="1059" VPOS="521">
				<ComposedBlock xs:type="ComposedBlockType" ID="ARTICLE127087" HEIGHT="3324" WIDTH="1855" HPOS="1059" VPOS="521" xlink:type="simple">
					<TextBlock xs:type="TextBlockType" ID="ZONE1304311" HEIGHT="69" WIDTH="123" HPOS="1234" VPOS="521" xlink:type="simple">
						<TextLine ID="LINE1" HEIGHT="69" WIDTH="123" HPOS="1234" VPOS="521">
							<String ID="STRING1" STYLEREFS="STYLE1" HEIGHT="69" WIDTH="123" HPOS="1234" VPOS="521" CONTENT="20" WC="0.29" LANG="nob"/>
						</TextLine>
					</TextBlock>
					<TextBlock xs:type="TextBlockType" ID="ZONE1304312" HEIGHT="3051" WIDTH="1855" HPOS="1059" VPOS="690" xlink:type="simple">
						<TextLine ID="LINE2" HEIGHT="109" WIDTH="1804" HPOS="1105" VPOS="692">
							<String ID="STRING2" STYLEREFS="STYLE2" HEIGHT="92" WIDTH="430" HPOS="1105" VPOS="709" CONTENT="ødeleggende" WC="0.81" LANG="nob"/>
							<SP ID="SP1" WIDTH="48" HPOS="1535" VPOS="709"/>
							<String ID="STRING3" STYLEREFS="STYLE2" HEIGHT="98" WIDTH="106" HPOS="1583" VPOS="694" CONTENT="for" WC="0.71" LANG="dan"/>
							<SP ID="SP2" WIDTH="50" HPOS="1689" VPOS="694"/>
							<String ID="STRING4" STYLEREFS="STYLE2" HEIGHT="100" WIDTH="158" HPOS="1739" VPOS="698" CONTENT="Flid" WC="0.58" LANG="dan"/>
							<SP ID="SP3" WIDTH="58" HPOS="1897" VPOS="698"/>
							<String ID="STRING5" STYLEREFS="STYLE2" HEIGHT="74" WIDTH="80" HPOS="1955" VPOS="718" CONTENT="og" WC="0.83" LANG="dan"/>
							<SP ID="SP4" WIDTH="46" HPOS="2035" VPOS="718"/>
							<String ID="STRING6" STYLEREFS="STYLE2" HEIGHT="103" WIDTH="508" HPOS="2081" VPOS="692" CONTENT="Tarvelighed?" WC="0.59" LANG="dan"/>
							<SP ID="SP5" WIDTH="70" HPOS="2589" VPOS="692"/>
							<String ID="STRING7" STYLEREFS="STYLE2" HEIGHT="102" WIDTH="154" HPOS="2659" VPOS="693" CONTENT="Her" WC="0.53" LANG="dan"/>
							<SP ID="SP6" WIDTH="30" HPOS="2813" VPOS="693"/>
							<String ID="STRING8" STYLEREFS="STYLE2" HEIGHT="57" WIDTH="66" HPOS="2843" VPOS="721" CONTENT="er" WC="0.65" LANG="dan"/>
						</TextLine>
						<TextLine ID="LINE3" HEIGHT="99" WIDTH="1798" HPOS="1107" VPOS="818">
							<String ID="STRING9" STYLEREFS="STYLE2" HEIGHT="76" WIDTH="126" HPOS="1107" VPOS="835" CONTENT="den" WC="0.77" LANG="dan"/>
							<SP ID="SP7" WIDTH="34" HPOS="1233" VPOS="835"/>
							<String ID="STRING10" STYLEREFS="STYLE2" HEIGHT="64" WIDTH="158" HPOS="1267" VPOS="841" CONTENT="rette" WC="0.85" LANG="dan"/>
							<SP ID="SP8" WIDTH="32" HPOS="1425" VPOS="841"/>
							<String ID="STRING11" STYLEREFS="STYLE3" HEIGHT="83" WIDTH="227" HPOS="1457" VPOS="821" CONTENT="Qval" WC="0.81" LANG="dan"/>
							<SP ID="SP9" WIDTH="37" HPOS="1684" VPOS="821"/>
							<String ID="STRING12" STYLEREFS="STYLE2" HEIGHT="76" WIDTH="72" HPOS="1721" VPOS="824" CONTENT="til" WC="0.66" LANG="dan"/>
							<SP ID="SP10" WIDTH="40" HPOS="1793" VPOS="824"/>
							<String ID="STRING13" STYLEREFS="STYLE2" HEIGHT="62" WIDTH="124" HPOS="1833" VPOS="836" CONTENT="vor" WC="0.66" LANG="dan"/>
							<SP ID="SP11" WIDTH="40" HPOS="1957" VPOS="836"/>
							<String ID="STRING14" STYLEREFS="STYLE2" HEIGHT="97" WIDTH="300" HPOS="1997" VPOS="818" CONTENT="Armod," WC="0.68" LANG="dan"/>
							<SP ID="SP12" WIDTH="78" HPOS="2297" VPOS="818"/>
							<String ID="STRING15" STYLEREFS="STYLE2" HEIGHT="74" WIDTH="112" HPOS="2375" VPOS="825" CONTENT="der" WC="0.43" LANG="dan"/>
							<SP ID="SP13" WIDTH="38" HPOS="2487" VPOS="825"/>
							<String ID="STRING16" STYLEREFS="STYLE2" HEIGHT="96" WIDTH="380" HPOS="2525" VPOS="821" CONTENT="overskyller" WC="0.85" LANG="dan"/>
						</TextLine>
						<TextLine ID="LINE4" HEIGHT="100" WIDTH="1799" HPOS="1101" VPOS="940">
							<String ID="STRING17" STYLEREFS="STYLE2" HEIGHT="86" WIDTH="283" HPOS="1101" VPOS="947" CONTENT="Staten" WC="0.75" LANG="dan"/>
							<SP ID="SP14" WIDTH="33" HPOS="1384" VPOS="947"/>
							<String ID="STRING18" STYLEREFS="STYLE2" HEIGHT="74" WIDTH="149" HPOS="1417" VPOS="951" CONTENT="med" WC="0.71" LANG="dan"/>
							<SP ID="SP15" WIDTH="19" HPOS="1566" VPOS="951"/>
							<String ID="STRING19" STYLEREFS="STYLE2" HEIGHT="86" WIDTH="279" HPOS="1585" VPOS="940" CONTENT="Betlere" WC="0.81" LANG="dan"/>
							<SP ID="SP16" WIDTH="33" HPOS="1864" VPOS="940"/>
							<String ID="STRING20" STYLEREFS="STYLE2" HEIGHT="74" WIDTH="79" HPOS="1897" VPOS="962" CONTENT="og" WC="0.65" LANG="dan"/>
							<SP ID="SP17" WIDTH="19" HPOS="1976" VPOS="962"/>
							<String ID="STRING21" STYLEREFS="STYLE2" HEIGHT="100" WIDTH="287" HPOS="1995" VPOS="940" CONTENT="Fattige." WC="0.7" LANG="dan"/>
							<SP ID="SP18" WIDTH="103" HPOS="2282" VPOS="940"/>
							<String ID="STRING22" STYLEREFS="STYLE2" HEIGHT="88" WIDTH="515" HPOS="2385" VPOS="941" CONTENT="DenneQvæl" WC="0.81" LANG="dan"/>
						</TextLine>
						<TextLine ID="LINE5" HEIGHT="106" WIDTH="1798" HPOS="1104" VPOS="1061">
							<String ID="STRING23" STYLEREFS="STYLE2" HEIGHT="88" WIDTH="238" HPOS="1104" VPOS="1079" CONTENT="erdet," WC="0.73" LANG="deu"/>
							<SP ID="SP19" WIDTH="72" HPOS="1342" VPOS="1079"/>
							<String ID="STRING24" STYLEREFS="STYLE2" HEIGHT="74" WIDTH="112" HPOS="1414" VPOS="1075" CONTENT="der" WC="0.78" LANG="dan"/>
							<SP ID="SP20" WIDTH="42" HPOS="1526" VPOS="1075"/>
							<String ID="STRING25" STYLEREFS="STYLE2" HEIGHT="98" WIDTH="130" HPOS="1568" VPOS="1066" CONTENT="stal" WC="0.64" LANG="dan"/>
							<SP ID="SP21" WIDTH="52" HPOS="1698" VPOS="1066"/>
							<String ID="STRING26" STYLEREFS="STYLE2" HEIGHT="92" WIDTH="302" HPOS="1750" VPOS="1068" CONTENT="stoppes," WC="0.67" LANG="dan"/>
							<SP ID="SP22" WIDTH="84" HPOS="2052" VPOS="1068"/>
							<String ID="STRING27" STYLEREFS="STYLE2" HEIGHT="59" WIDTH="110" HPOS="2136" VPOS="1084" CONTENT="om" WC="0.81" LANG="dan"/>
							<SP ID="SP23" WIDTH="58" HPOS="2246" VPOS="1084"/>
							<String ID="STRING28" STYLEREFS="STYLE2" HEIGHT="86" WIDTH="432" HPOS="2304" VPOS="1061" CONTENT="Strømmen" WC="0.76" LANG="dan"/>
							<SP ID="SP24" WIDTH="36" HPOS="2736" VPOS="1061"/>
							<String ID="STRING29" STYLEREFS="STYLE2" HEIGHT="96" WIDTH="130" HPOS="2772" VPOS="1067" CONTENT="stal" WC="0.64" LANG="dan"/>
						</TextLine>
						<TextLine ID="LINE6" HEIGHT="110" WIDTH="1802" HPOS="1104" VPOS="1185">
							<String ID="STRING30" STYLEREFS="STYLE2" HEIGHT="98" WIDTH="296" HPOS="1104" VPOS="1197" CONTENT="hindres." WC="0.8" LANG="dan"/>
							<SP ID="SP25" WIDTH="146" HPOS="1400" VPOS="1197"/>
							<String ID="STRING31" STYLEREFS="STYLE2" HEIGHT="81" WIDTH="96" HPOS="1546" VPOS="1189" CONTENT="At" WC="0.34" LANG="dan"/>
							<SP ID="SP26" WIDTH="46" HPOS="1642" VPOS="1189"/>
							<String ID="STRING32" STYLEREFS="STYLE2" HEIGHT="78" WIDTH="172" HPOS="1688" VPOS="1188" CONTENT="vilde" WC="0.84" LANG="dan"/>
							<SP ID="SP27" WIDTH="52" HPOS="1860" VPOS="1188"/>
							<String ID="STRING33" STYLEREFS="STYLE2" HEIGHT="62" WIDTH="222" HPOS="1912" VPOS="1204" CONTENT="curere" WC="0.87" LANG="dan"/>
							<SP ID="SP28" WIDTH="46" HPOS="2134" VPOS="1204"/>
							<String ID="STRING34" STYLEREFS="STYLE2" HEIGHT="61" WIDTH="124" HPOS="2180" VPOS="1202" CONTENT="vor" WC="0.8" LANG="dan"/>
							<SP ID="SP29" WIDTH="38" HPOS="2304" VPOS="1202"/>
							<String ID="STRING35" STYLEREFS="STYLE2" HEIGHT="96" WIDTH="394" HPOS="2342" VPOS="1185" CONTENT="Fattigdom" WC="0.59" LANG="dan"/>
							<SP ID="SP30" WIDTH="38" HPOS="2736" VPOS="1185"/>
							<String ID="STRING36" STYLEREFS="STYLE2" HEIGHT="73" WIDTH="132" HPOS="2774" VPOS="1195" CONTENT="ved" WC="0.67" LANG="dan"/>
						</TextLine>
						<TextLine ID="LINE7" HEIGHT="101" WIDTH="1796" HPOS="1098" VPOS="1306">
							<String ID="STRING37" STYLEREFS="STYLE2" HEIGHT="84" WIDTH="350" HPOS="1098" VPOS="1319" CONTENT="Lotteriers" WC="0.74" LANG="dan"/>
							<SP ID="SP31" WIDTH="44" HPOS="1448" VPOS="1319"/>
							<String ID="STRING38" STYLEREFS="STYLE2" HEIGHT="100" WIDTH="410" HPOS="1492" VPOS="1306" CONTENT="Oprettelse," WC="0.79" LANG="dan"/>
							<SP ID="SP32" WIDTH="82" HPOS="1902" VPOS="1306"/>
							<String ID="STRING39" STYLEREFS="STYLE2" HEIGHT="58" WIDTH="64" HPOS="1984" VPOS="1328" CONTENT="er" WC="0.79" LANG="dan"/>
							<SP ID="SP33" WIDTH="62" HPOS="2048" VPOS="1328"/>
							<String ID="STRING40" STYLEREFS="STYLE2" HEIGHT="76" WIDTH="104" HPOS="2110" VPOS="1310" CONTENT="det" WC="0.64" LANG="dan"/>
							<SP ID="SP34" WIDTH="58" HPOS="2214" VPOS="1310"/>
							<String ID="STRING41" STYLEREFS="STYLE2" HEIGHT="98" WIDTH="622" HPOS="2272" VPOS="1309" CONTENT="allerbagvendteste" WC="0.81" LANG="dan"/>
						</TextLine>
						<TextLine ID="LINE8" HEIGHT="109" WIDTH="1792" HPOS="1100" VPOS="1426">
							<String ID="STRING42" STYLEREFS="STYLE2" HEIGHT="90" WIDTH="268" HPOS="1100" VPOS="1445" CONTENT="Raad," WC="0.76" LANG="dan"/>
							<SP ID="SP35" WIDTH="78" HPOS="1368" VPOS="1445"/>
							<String ID="STRING43" STYLEREFS="STYLE2" HEIGHT="92" WIDTH="138" HPOS="1446" VPOS="1435" CONTENT="som" WC="0.79" LANG="dan"/>
							<SP ID="SP36" WIDTH="44" HPOS="1584" VPOS="1435"/>
							<String ID="STRING44" STYLEREFS="STYLE2" HEIGHT="74" WIDTH="122" HPOS="1628" VPOS="1438" CONTENT="den" WC="0.85" LANG="dan"/>
							<SP ID="SP37" WIDTH="34" HPOS="1750" VPOS="1438"/>
							<String ID="STRING45" STYLEREFS="STYLE4" HEIGHT="97" WIDTH="449" HPOS="1784" VPOS="1426" CONTENT="menneskelige" WC="0.85" LANG="dan"/>
							<SP ID="SP38" WIDTH="47" HPOS="2233" VPOS="1426"/>
							<String ID="STRING46" STYLEREFS="STYLE2" HEIGHT="104" WIDTH="444" HPOS="2280" VPOS="1427" CONTENT="Daarlighed" WC="0.68" LANG="dan"/>
							<SP ID="SP39" WIDTH="34" HPOS="2724" VPOS="1427"/>
							<String ID="STRING47" STYLEREFS="STYLE2" HEIGHT="80" WIDTH="134" HPOS="2758" VPOS="1435" CONTENT="kan" WC="1" LANG="dan"/>
						</TextLine>
						<TextLine ID="LINE9" HEIGHT="111" WIDTH="1767" HPOS="1094" VPOS="1548">
							<String ID="STRING48" STYLEREFS="STYLE2" HEIGHT="96" WIDTH="291" HPOS="1094" VPOS="1563" CONTENT="opfinde." WC="0.87" LANG="dan"/>
							<SP ID="SP40" WIDTH="105" HPOS="1385" VPOS="1563"/>
							<String ID="STRING49" STYLEREFS="STYLE2" HEIGHT="85" WIDTH="176" HPOS="1490" VPOS="1551" CONTENT="Ved" WC="0.72" LANG="dan"/>
							<SP ID="SP41" WIDTH="38" HPOS="1666" VPOS="1551"/>
							<String ID="STRING50" STYLEREFS="STYLE2" HEIGHT="92" WIDTH="258" HPOS="1704" VPOS="1550" CONTENT="saadan" WC="0.94" LANG="dan"/>
							<SP ID="SP42" WIDTH="42" HPOS="1962" VPOS="1550"/>
							<String ID="STRING51" STYLEREFS="STYLE2" HEIGHT="58" WIDTH="78" HPOS="2004" VPOS="1570" CONTENT="en" WC="1" LANG="dan"/>
							<SP ID="SP43" WIDTH="36" HPOS="2082" VPOS="1570"/>
							<String ID="STRING52" STYLEREFS="STYLE2" HEIGHT="99" WIDTH="431" HPOS="2118" VPOS="1548" CONTENT="Fremgang," WC="0.7" LANG="dan"/>
							<SP ID="SP44" WIDTH="53" HPOS="2549" VPOS="1548"/>
							<String ID="STRING53" STYLEREFS="STYLE2" HEIGHT="76" WIDTH="119" HPOS="2602" VPOS="1561" CONTENT="ved" WC="0.85" LANG="dan"/>
							<SP ID="SP45" WIDTH="21" HPOS="2721" VPOS="1561"/>
							<String ID="STRING54" STYLEREFS="STYLE2" HEIGHT="82" WIDTH="119" HPOS="2742" VPOS="1555" CONTENT="Lot" SUBS_TYPE="HypPart1" SUBS_CONTENT="Lotterier" WC="0.83" LANG="dan"/>
							<HYP CONTENT="-"/>
						</TextLine>
						<TextLine ID="LINE10" HEIGHT="99" WIDTH="1800" HPOS="1089" VPOS="1672">
							<String ID="STRING55" STYLEREFS="STYLE2" HEIGHT="80" WIDTH="192" HPOS="1089" VPOS="1689" CONTENT="terier" SUBS_TYPE="HypPart2" SUBS_CONTENT="Lotterier" WC="0.76" LANG="dan"/>
							<SP ID="SP46" WIDTH="34" HPOS="1281" VPOS="1689"/>
							<String ID="STRING56" STYLEREFS="STYLE2" HEIGHT="64" WIDTH="72" HPOS="1315" VPOS="1697" CONTENT="ar" WC="0.64" LANG="dan"/>
							<SP ID="SP47" WIDTH="38" HPOS="1387" VPOS="1697"/>
							<String ID="STRING57" STYLEREFS="STYLE2" HEIGHT="98" WIDTH="292" HPOS="1425" VPOS="1673" CONTENT="forsørge" WC="0.67" LANG="dan"/>
							<SP ID="SP48" WIDTH="44" HPOS="1717" VPOS="1673"/>
							<String ID="STRING58" STYLEREFS="STYLE2" HEIGHT="74" WIDTH="74" HPOS="1761" VPOS="1676" CONTENT="de" WC="0.79" LANG="dan"/>
							<SP ID="SP49" WIDTH="34" HPOS="1835" VPOS="1676"/>
							<String ID="STRING59" STYLEREFS="STYLE2" HEIGHT="94" WIDTH="292" HPOS="1869" VPOS="1672" CONTENT="ringere," WC="0.75" LANG="dan"/>
							<SP ID="SP50" WIDTH="72" HPOS="2161" VPOS="1672"/>
							<String ID="STRING60" STYLEREFS="STYLE2" HEIGHT="72" WIDTH="82" HPOS="2233" VPOS="1695" CONTENT="og" WC="0.7" LANG="dan"/>
							<SP ID="SP51" WIDTH="52" HPOS="2315" VPOS="1695"/>
							<String ID="STRING61" STYLEREFS="STYLE2" HEIGHT="94" WIDTH="196" HPOS="2367" VPOS="1675" CONTENT="tillige" WC="0.76" LANG="dan"/>
							<SP ID="SP52" WIDTH="32" HPOS="2563" VPOS="1675"/>
							<String ID="STRING62" STYLEREFS="STYLE2" HEIGHT="62" WIDTH="76" HPOS="2595" VPOS="1693" CONTENT="ar" WC="0.63" LANG="dan"/>
							<SP ID="SP53" WIDTH="34" HPOS="2671" VPOS="1693"/>
							<String ID="STRING63" STYLEREFS="STYLE2" HEIGHT="92" WIDTH="184" HPOS="2705" VPOS="1679" CONTENT="giøre" WC="0.74" LANG="dan"/>
						</TextLine>
						<TextLine ID="LINE11" HEIGHT="109" WIDTH="1770" HPOS="1091" VPOS="1792">
							<String ID="STRING64" STYLEREFS="STYLE2" HEIGHT="64" WIDTH="62" HPOS="1091" VPOS="1823" CONTENT="et" WC="0.58" LANG="dan"/>
							<SP ID="SP54" WIDTH="38" HPOS="1153" VPOS="1823"/>
							<String ID="STRING65" STYLEREFS="STYLE2" HEIGHT="92" WIDTH="210" HPOS="1191" VPOS="1809" CONTENT="større" WC="0.68" LANG="dan"/>
							<SP ID="SP55" WIDTH="44" HPOS="1401" VPOS="1809"/>
							<String ID="STRING66" STYLEREFS="STYLE2" HEIGHT="82" WIDTH="218" HPOS="1445" VPOS="1795" CONTENT="Antal" WC="0.75" LANG="dan"/>
							<SP ID="SP56" WIDTH="34" HPOS="1663" VPOS="1795"/>
							<String ID="STRING67" STYLEREFS="STYLE2" HEIGHT="100" WIDTH="308" HPOS="1697" VPOS="1792" CONTENT="Fattige," WC="0.74" LANG="dan"/>
							<SP ID="SP57" WIDTH="66" HPOS="2005" VPOS="1792"/>
							<String ID="STRING68" STYLEREFS="STYLE2" HEIGHT="62" WIDTH="164" HPOS="2071" VPOS="1812" CONTENT="maa" WC="0.65" LANG="dan"/>
							<SP ID="SP58" WIDTH="52" HPOS="2235" VPOS="1812"/>
							<String ID="STRING69" STYLEREFS="STYLE2" HEIGHT="100" WIDTH="132" HPOS="2287" VPOS="1793" CONTENT="hele" WC="0.93" LANG="dan"/>
							<SP ID="SP59" WIDTH="56" HPOS="2419" VPOS="1793"/>
							<String ID="STRING70" STYLEREFS="STYLE2" HEIGHT="86" WIDTH="278" HPOS="2475" VPOS="1795" CONTENT="Staten" WC="0.81" LANG="dan"/>
							<SP ID="SP60" WIDTH="36" HPOS="2753" VPOS="1795"/>
							<String ID="STRING71" STYLEREFS="STYLE2" HEIGHT="78" WIDTH="72" HPOS="2789" VPOS="1803" CONTENT="til" SUBS_TYPE="HypPart1" SUBS_CONTENT="tilsidst" WC="0.68" LANG="dan"/>
							<HYP CONTENT="-"/>
						</TextLine>
						<TextLine ID="LINE12" HEIGHT="113" WIDTH="1771" HPOS="1083" VPOS="1914">
							<String ID="STRING72" STYLEREFS="STYLE2" HEIGHT="98" WIDTH="156" HPOS="1083" VPOS="1929" CONTENT="sidst" SUBS_TYPE="HypPart2" SUBS_CONTENT="tilsidst" WC="0.43" LANG="dan"/>
							<SP ID="SP61" WIDTH="26" HPOS="1239" VPOS="1929"/>
							<String ID="STRING73" STYLEREFS="STYLE2" HEIGHT="96" WIDTH="396" HPOS="1265" VPOS="1921" CONTENT="forvandles" WC="0.78" LANG="dan"/>
							<SP ID="SP62" WIDTH="44" HPOS="1661" VPOS="1921"/>
							<String ID="STRING74" STYLEREFS="STYLE2" HEIGHT="78" WIDTH="76" HPOS="1705" VPOS="1920" CONTENT="til" WC="1" LANG="dan"/>
							<SP ID="SP63" WIDTH="50" HPOS="1781" VPOS="1920"/>
							<String ID="STRING75" STYLEREFS="STYLE2" HEIGHT="62" WIDTH="58" HPOS="1831" VPOS="1934" CONTENT="er" WC="0.62" LANG="dan"/>
							<SP ID="SP64" WIDTH="44" HPOS="1889" VPOS="1934"/>
							<String ID="STRING76" STYLEREFS="STYLE2" HEIGHT="100" WIDTH="344" HPOS="1933" VPOS="1914" CONTENT="Hospital." WC="0.74" LANG="dan"/>
							<SP ID="SP65" WIDTH="136" HPOS="2277" VPOS="1914"/>
							<String ID="STRING77" STYLEREFS="STYLE2" HEIGHT="88" WIDTH="178" HPOS="2413" VPOS="1915" CONTENT="Ved" WC="0.61" LANG="dan"/>
							<SP ID="SP66" WIDTH="34" HPOS="2591" VPOS="1915"/>
							<String ID="STRING78" STYLEREFS="STYLE2" HEIGHT="56" WIDTH="80" HPOS="2625" VPOS="1943" CONTENT="en" WC="1" LANG="dan"/>
							<SP ID="SP67" WIDTH="36" HPOS="2705" VPOS="1943"/>
							<String ID="STRING79" STYLEREFS="STYLE4" HEIGHT="92" WIDTH="113" HPOS="2741" VPOS="1920" CONTENT="saa" SUBS_TYPE="HypPart1" SUBS_CONTENT="saa·dan«sOeconomie," WC="0.91" LANG="dan"/>
							<HYP CONTENT="-"/>
						</TextLine>
						<TextLine ID="LINE13" HEIGHT="106" WIDTH="1782" HPOS="1073" VPOS="2037">
							<String ID="STRING80" STYLEREFS="STYLE3" HEIGHT="89" WIDTH="642" HPOS="1073" VPOS="2042" CONTENT="·dan«sOeconomie," SUBS_TYPE="HypPart2" SUBS_CONTENT="saa·dan«sOeconomie," WC="0.86" LANG="dan"/>
							<SP ID="SP68" WIDTH="-452" HPOS="1715" VPOS="2042"/>
							<String ID="STRING81" STYLEREFS="STYLE2" HEIGHT="88" WIDTH="454" HPOS="1263" VPOS="2044" CONTENT="Oeeonomie," WC="0.87" LANG="dan"/>
							<SP ID="SP69" WIDTH="56" HPOS="1717" VPOS="2044"/>
							<String ID="STRING82" STYLEREFS="STYLE2" HEIGHT="76" WIDTH="108" HPOS="1773" VPOS="2044" CONTENT="der" WC="0.7" LANG="dan"/>
							<SP ID="SP70" WIDTH="44" HPOS="1881" VPOS="2044"/>
							<String ID="STRING83" STYLEREFS="STYLE2" HEIGHT="78" WIDTH="18" HPOS="1925" VPOS="2042" CONTENT="i" WC="0.6" LANG="dan"/>
							<SP ID="SP71" WIDTH="24" HPOS="1943" VPOS="2042"/>
							<String ID="STRING84" STYLEREFS="STYLE2" HEIGHT="86" WIDTH="348" HPOS="1967" VPOS="2038" CONTENT="Grunden" WC="0.78" LANG="dan"/>
							<SP ID="SP72" WIDTH="34" HPOS="2315" VPOS="2038"/>
							<String ID="STRING85" STYLEREFS="STYLE2" HEIGHT="98" WIDTH="338" HPOS="2349" VPOS="2037" CONTENT="forderver" WC="0.81" LANG="nob"/>
							<SP ID="SP73" WIDTH="38" HPOS="2687" VPOS="2037"/>
							<String ID="STRING86" STYLEREFS="STYLE2" HEIGHT="98" WIDTH="130" HPOS="2725" VPOS="2045" CONTENT="Fol" SUBS_TYPE="HypPart1" SUBS_CONTENT="Folkets" WC="0.94" LANG="dan"/>
							<HYP CONTENT="-"/>
						</TextLine>
						<TextLine ID="LINE14" HEIGHT="98" WIDTH="1764" HPOS="1085" VPOS="2162">
							<String ID="STRING87" STYLEREFS="STYLE2" HEIGHT="80" WIDTH="142" HPOS="1085" VPOS="2173" CONTENT="kets" SUBS_TYPE="HypPart2" SUBS_CONTENT="Folkets" WC="0.74" LANG="dan"/>
							<SP ID="SP74" WIDTH="36" HPOS="1227" VPOS="2173"/>
							<String ID="STRING88" STYLEREFS="STYLE2" HEIGHT="95" WIDTH="528" HPOS="1263" VPOS="2165" CONTENT="Tænkemaade," WC="0.79" LANG="dan"/>
							<SP ID="SP75" WIDTH="58" HPOS="1791" VPOS="2165"/>
							<String ID="STRING89" STYLEREFS="STYLE2" HEIGHT="82" WIDTH="372" HPOS="1849" VPOS="2162" CONTENT="ovecbliver" WC="0.75" LANG="dan"/>
							<SP ID="SP76" WIDTH="38" HPOS="2221" VPOS="2162"/>
							<String ID="STRING90" STYLEREFS="STYLE2" HEIGHT="80" WIDTH="164" HPOS="2259" VPOS="2165" CONTENT="inter" WC="0.76" LANG="nob"/>
							<SP ID="SP77" WIDTH="28" HPOS="2423" VPOS="2165"/>
							<String ID="STRING91" STYLEREFS="STYLE2" HEIGHT="76" WIDTH="204" HPOS="2451" VPOS="2171" CONTENT="ander" WC="0.76" LANG="dan"/>
							<SP ID="SP78" WIDTH="34" HPOS="2655" VPOS="2171"/>
							<String ID="STRING92" STYLEREFS="STYLE2" HEIGHT="82" WIDTH="160" HPOS="2689" VPOS="2167" CONTENT="Mid" SUBS_TYPE="HypPart1" SUBS_CONTENT="Middel" WC="0.35" LANG="dan"/>
							<HYP CONTENT="-"/>
						</TextLine>
						<TextLine ID="LINE15" HEIGHT="107" WIDTH="1795" HPOS="1083" VPOS="2282">
							<String ID="STRING93" STYLEREFS="STYLE2" HEIGHT="78" WIDTH="107" HPOS="1083" VPOS="2299" CONTENT="del" SUBS_TYPE="HypPart2" SUBS_CONTENT="Middel" WC="0.85" LANG="dan"/>
							<SP ID="SP79" WIDTH="46" HPOS="1190" VPOS="2299"/>
							<String ID="STRING94" STYLEREFS="STYLE2" HEIGHT="80" WIDTH="76" HPOS="1236" VPOS="2293" CONTENT="til" WC="0.75" LANG="dan"/>
							<SP ID="SP80" WIDTH="49" HPOS="1312" VPOS="2293"/>
							<String ID="STRING95" STYLEREFS="STYLE2" HEIGHT="101" WIDTH="403" HPOS="1361" VPOS="2288" CONTENT="Flittigheds" WC="0.59" LANG="dan"/>
							<SP ID="SP81" WIDTH="63" HPOS="1764" VPOS="2288"/>
							<String ID="STRING96" STYLEREFS="STYLE2" HEIGHT="101" WIDTH="535" HPOS="1827" VPOS="2282" CONTENT="Opmuntring," WC="0.8" LANG="dan"/>
							<SP ID="SP82" WIDTH="92" HPOS="2362" VPOS="2282"/>
							<String ID="STRING97" STYLEREFS="STYLE2" HEIGHT="72" WIDTH="128" HPOS="2454" VPOS="2297" CONTENT="end" WC="0.77" LANG="dan"/>
							<SP ID="SP83" WIDTH="52" HPOS="2582" VPOS="2297"/>
							<String ID="STRING98" STYLEREFS="STYLE2" HEIGHT="92" WIDTH="244" HPOS="2634" VPOS="2293" CONTENT="yderlig" WC="0.69" LANG="dan"/>
						</TextLine>
						<TextLine ID="LINE16" HEIGHT="105" WIDTH="1796" HPOS="1080" VPOS="2404">
							<String ID="STRING99" STYLEREFS="STYLE2" HEIGHT="84" WIDTH="184" HPOS="1080" VPOS="2415" CONTENT="Nød" WC="0.65" LANG="dan"/>
							<SP ID="SP84" WIDTH="46" HPOS="1264" VPOS="2415"/>
							<String ID="STRING100" STYLEREFS="STYLE2" HEIGHT="72" WIDTH="80" HPOS="1310" VPOS="2435" CONTENT="og" WC="0.73" LANG="dan"/>
							<SP ID="SP85" WIDTH="34" HPOS="1390" VPOS="2435"/>
							<String ID="STRING101" STYLEREFS="STYLE2" HEIGHT="95" WIDTH="286" HPOS="1424" VPOS="2409" CONTENT="Trang," WC="0.64" LANG="dan"/>
							<SP ID="SP86" WIDTH="58" HPOS="1710" VPOS="2409"/>
							<String ID="STRING102" STYLEREFS="STYLE2" HEIGHT="96" WIDTH="138" HPOS="1768" VPOS="2406" CONTENT="som" WC="0.82" LANG="dan"/>
							<SP ID="SP87" WIDTH="34" HPOS="1906" VPOS="2406"/>
							<String ID="STRING103" STYLEREFS="STYLE2" HEIGHT="98" WIDTH="80" HPOS="1940" VPOS="2404" CONTENT="af" WC="1" LANG="dan"/>
							<SP ID="SP88" WIDTH="28" HPOS="2020" VPOS="2404"/>
							<String ID="STRING104" STYLEREFS="STYLE2" HEIGHT="76" WIDTH="126" HPOS="2048" VPOS="2414" CONTENT="alle" WC="0.87" LANG="dan"/>
							<SP ID="SP89" WIDTH="32" HPOS="2174" VPOS="2414"/>
							<String ID="STRING105" STYLEREFS="STYLE2" HEIGHT="58" WIDTH="68" HPOS="2206" VPOS="2431" CONTENT="er" WC="0.78" LANG="dan"/>
							<SP ID="SP90" WIDTH="32" HPOS="2274" VPOS="2431"/>
							<String ID="STRING106" STYLEREFS="STYLE2" HEIGHT="72" WIDTH="104" HPOS="2306" VPOS="2419" CONTENT="det" WC="0.7" LANG="dan"/>
							<SP ID="SP91" WIDTH="34" HPOS="2410" VPOS="2419"/>
							<String ID="STRING107" STYLEREFS="STYLE2" HEIGHT="96" WIDTH="300" HPOS="2444" VPOS="2413" CONTENT="sietteste," WC="0.66" LANG="dan"/>
							<SP ID="SP92" WIDTH="52" HPOS="2744" VPOS="2413"/>
							<String ID="STRING108" STYLEREFS="STYLE2" HEIGHT="74" WIDTH="80" HPOS="2796" VPOS="2435" CONTENT="og" WC="0.63" LANG="dan"/>
						</TextLine>
						<TextLine ID="LINE17" HEIGHT="116" WIDTH="1798" HPOS="1076" VPOS="2528">
							<String ID="STRING109" STYLEREFS="STYLE2" HEIGHT="82" WIDTH="194" HPOS="1076" VPOS="2539" CONTENT="dertil" WC="0.75" LANG="dan"/>
							<SP ID="SP93" WIDTH="34" HPOS="1270" VPOS="2539"/>
							<String ID="STRING110" STYLEREFS="STYLE2" HEIGHT="62" WIDTH="60" HPOS="1304" VPOS="2553" CONTENT="er" WC="0.65" LANG="dan"/>
							<SP ID="SP94" WIDTH="28" HPOS="1364" VPOS="2553"/>
							<String ID="STRING111" STYLEREFS="STYLE2" HEIGHT="96" WIDTH="350" HPOS="1392" VPOS="2531" CONTENT="ulyksaligt" WC="0.85" LANG="dan"/>
							<SP ID="SP95" WIDTH="24" HPOS="1742" VPOS="2531"/>
							<String ID="STRING112" STYLEREFS="STYLE2" HEIGHT="84" WIDTH="294" HPOS="1766" VPOS="2528" CONTENT="Middel." WC="0.7" LANG="dan"/>
							<SP ID="SP96" WIDTH="114" HPOS="2060" VPOS="2528"/>
							<String ID="STRING113" STYLEREFS="STYLE2" HEIGHT="101" WIDTH="146" HPOS="2174" VPOS="2530" CONTENT="Jeg" WC="0.86" LANG="dan"/>
							<SP ID="SP97" WIDTH="19" HPOS="2320" VPOS="2530"/>
							<String ID="STRING114" STYLEREFS="STYLE3" HEIGHT="108" WIDTH="346" HPOS="2339" VPOS="2536" CONTENT="tilsaaet-," WC="0.84" LANG="dan"/>
							<SP ID="SP98" WIDTH="55" HPOS="2685" VPOS="2536"/>
							<String ID="STRING115" STYLEREFS="STYLE2" HEIGHT="96" WIDTH="134" HPOS="2740" VPOS="2531" CONTENT="som" WC="0.67" LANG="dan"/>
						</TextLine>
						<TextLine ID="LINE18" HEIGHT="105" WIDTH="1810" HPOS="1072" VPOS="2652">
							<String ID="STRING116" STYLEREFS="STYLE2" HEIGHT="96" WIDTH="182" HPOS="1072" VPOS="2661" CONTENT="sagt:" WC="0.67" LANG="dan"/>
							<SP ID="SP99" WIDTH="52" HPOS="1254" VPOS="2661"/>
							<String ID="STRING117" STYLEREFS="STYLE2" HEIGHT="84" WIDTH="98" HPOS="1306" VPOS="2657" CONTENT="At" WC="0.4" LANG="dan"/>
							<SP ID="SP100" WIDTH="48" HPOS="1404" VPOS="2657"/>
							<String ID="STRING118" STYLEREFS="STYLE2" HEIGHT="78" WIDTH="124" HPOS="1452" VPOS="2661" CONTENT="den" WC="0.88" LANG="deu"/>
							<SP ID="SP101" WIDTH="56" HPOS="1576" VPOS="2661"/>
							<String ID="STRING119" STYLEREFS="STYLE2" HEIGHT="98" WIDTH="162" HPOS="1632" VPOS="2652" CONTENT="beste" WC="0.67" LANG="deu"/>
							<SP ID="SP102" WIDTH="50" HPOS="1794" VPOS="2652"/>
							<String ID="STRING120" STYLEREFS="STYLE2" HEIGHT="100" WIDTH="266" HPOS="1844" VPOS="2652" CONTENT="Nytte," WC="0.76" LANG="dan"/>
							<SP ID="SP103" WIDTH="68" HPOS="2110" VPOS="2652"/>
							<String ID="STRING121" STYLEREFS="STYLE2" HEIGHT="92" WIDTH="138" HPOS="2178" VPOS="2658" CONTENT="som" WC="0.68" LANG="dan"/>
							<SP ID="SP104" WIDTH="48" HPOS="2316" VPOS="2658"/>
							<String ID="STRING122" STYLEREFS="STYLE2" HEIGHT="82" WIDTH="130" HPOS="2364" VPOS="2655" CONTENT="kan" WC="1" LANG="dan"/>
							<SP ID="SP105" WIDTH="48" HPOS="2494" VPOS="2655"/>
							<String ID="STRING123" STYLEREFS="STYLE2" HEIGHT="96" WIDTH="226" HPOS="2542" VPOS="2659" CONTENT="giøres" WC="0.86" LANG="dan"/>
							<SP ID="SP106" WIDTH="32" HPOS="2768" VPOS="2659"/>
							<String ID="STRING124" STYLEREFS="STYLE2" HEIGHT="94" WIDTH="82" HPOS="2800" VPOS="2655" CONTENT="af" WC="0.71" LANG="dan"/>
						</TextLine>
						<TextLine ID="LINE19" HEIGHT="107" WIDTH="1802" HPOS="1072" VPOS="2772">
							<String ID="STRING125" STYLEREFS="STYLE2" HEIGHT="62" WIDTH="64" HPOS="1072" VPOS="2803" CONTENT="er" WC="0.63" LANG="deu"/>
							<SP ID="SP107" WIDTH="18" HPOS="1136" VPOS="2803"/>
							<String ID="STRING126" STYLEREFS="STYLE2" HEIGHT="94" WIDTH="304" HPOS="1154" VPOS="2783" CONTENT="Lotterie," WC="0.68" LANG="deu"/>
							<SP ID="SP108" WIDTH="46" HPOS="1458" VPOS="2783"/>
							<String ID="STRING127" STYLEREFS="STYLE2" HEIGHT="96" WIDTH="228" HPOS="1504" VPOS="2777" CONTENT="giøres" WC="0.8" LANG="dan"/>
							<SP ID="SP109" WIDTH="34" HPOS="1732" VPOS="2777"/>
							<String ID="STRING128" STYLEREFS="STYLE2" HEIGHT="98" WIDTH="82" HPOS="1766" VPOS="2772" CONTENT="af" WC="0.87" LANG="dan"/>
							<SP ID="SP110" WIDTH="22" HPOS="1848" VPOS="2772"/>
							<String ID="STRING129" STYLEREFS="STYLE2" HEIGHT="74" WIDTH="106" HPOS="1870" VPOS="2782" CONTENT="der" WC="0.61" LANG="dan"/>
							<SP ID="SP111" WIDTH="30" HPOS="1976" VPOS="2782"/>
							<String ID="STRING130" STYLEREFS="STYLE2" HEIGHT="101" WIDTH="580" HPOS="2006" VPOS="2778" CONTENT="Kiøbenhavnffe." WC="0.72" LANG="dan"/>
							<SP ID="SP112" WIDTH="104" HPOS="2586" VPOS="2778"/>
							<String ID="STRING131" STYLEREFS="STYLE2" HEIGHT="90" WIDTH="184" HPOS="2690" VPOS="2779" CONTENT="Men" WC="0.83" LANG="dan"/>
						</TextLine>
						<TextLine ID="LINE20" HEIGHT="109" WIDTH="1795" HPOS="1076" VPOS="2898">
							<String ID="STRING132" STYLEREFS="STYLE2" HEIGHT="102" WIDTH="185" HPOS="1076" VPOS="2905" CONTENT="hvad" WC="0.69" LANG="dan"/>
							<SP ID="SP113" WIDTH="47" HPOS="1261" VPOS="2905"/>
							<String ID="STRING133" STYLEREFS="STYLE2" HEIGHT="80" WIDTH="285" HPOS="1308" VPOS="2905" CONTENT="derom?" WC="0.68" LANG="dan"/>
							<SP ID="SP114" WIDTH="73" HPOS="1593" VPOS="2905"/>
							<String ID="STRING134" STYLEREFS="STYLE2" HEIGHT="82" WIDTH="221" HPOS="1666" VPOS="2898" CONTENT="Naar" WC="0.86" LANG="dan"/>
							<SP ID="SP115" WIDTH="53" HPOS="1887" VPOS="2898"/>
							<String ID="STRING135" STYLEREFS="STYLE2" HEIGHT="101" WIDTH="351" HPOS="1940" VPOS="2898" CONTENT="Lotterier," WC="0.76" LANG="dan"/>
							<SP ID="SP116" WIDTH="87" HPOS="2291" VPOS="2898"/>
							<String ID="STRING136" STYLEREFS="STYLE2" HEIGHT="94" WIDTH="135" HPOS="2378" VPOS="2901" CONTENT="som" WC="1" LANG="dan"/>
							<SP ID="SP117" WIDTH="65" HPOS="2513" VPOS="2901"/>
							<String ID="STRING137" STYLEREFS="STYLE2" HEIGHT="96" WIDTH="187" HPOS="2578" VPOS="2905" CONTENT="viist," WC="0.62" LANG="dan"/>
							<SP ID="SP118" WIDTH="83" HPOS="2765" VPOS="2905"/>
							<String ID="STRING138" STYLEREFS="STYLE2" HEIGHT="76" WIDTH="23" HPOS="2848" VPOS="2905" CONTENT="i" WC="1" LANG="dan"/>
						</TextLine>
						<TextLine ID="LINE21" HEIGHT="101" WIDTH="1796" HPOS="1075" VPOS="3020">
							<String ID="STRING139" STYLEREFS="STYLE2" HEIGHT="84" WIDTH="354" HPOS="1075" VPOS="3027" CONTENT="Grunden" WC="0.75" LANG="dan"/>
							<SP ID="SP119" WIDTH="44" HPOS="1429" VPOS="3027"/>
							<String ID="STRING140" STYLEREFS="STYLE2" HEIGHT="60" WIDTH="98" HPOS="1473" VPOS="3045" CONTENT="ere" WC="0.93" LANG="nob"/>
							<SP ID="SP120" WIDTH="31" HPOS="1571" VPOS="3045"/>
							<String ID="STRING141" STYLEREFS="STYLE3" HEIGHT="99" WIDTH="168" HPOS="1602" VPOS="3021" CONTENT="høis" WC="0.84" LANG="dan"/>
							<SP ID="SP121" WIDTH="45" HPOS="1770" VPOS="3021"/>
							<String ID="STRING142" STYLEREFS="STYLE2" HEIGHT="101" WIDTH="468" HPOS="1815" VPOS="3020" CONTENT="fordervelige," WC="0.73" LANG="nob"/>
							<SP ID="SP122" WIDTH="52" HPOS="2283" VPOS="3020"/>
							<String ID="STRING143" STYLEREFS="STYLE2" HEIGHT="98" WIDTH="424" HPOS="2335" VPOS="3021" CONTENT="forarmende" WC="0.82" LANG="dan"/>
							<SP ID="SP123" WIDTH="28" HPOS="2759" VPOS="3021"/>
							<String ID="STRING144" STYLEREFS="STYLE2" HEIGHT="74" WIDTH="84" HPOS="2787" VPOS="3047" CONTENT="og" WC="0.65" LANG="dan"/>
						</TextLine>
						<TextLine ID="LINE22" HEIGHT="102" WIDTH="1800" HPOS="1069" VPOS="3143">
							<String ID="STRING145" STYLEREFS="STYLE2" HEIGHT="92" WIDTH="430" HPOS="1069" VPOS="3153" CONTENT="ødeleggende" WC="0.82" LANG="nob"/>
							<SP ID="SP124" WIDTH="48" HPOS="1499" VPOS="3153"/>
							<String ID="STRING146" STYLEREFS="STYLE2" HEIGHT="95" WIDTH="108" HPOS="1547" VPOS="3143" CONTENT="for" WC="0.79" LANG="dan"/>
							<SP ID="SP125" WIDTH="64" HPOS="1655" VPOS="3143"/>
							<String ID="STRING147" STYLEREFS="STYLE2" HEIGHT="84" WIDTH="302" HPOS="1719" VPOS="3144" CONTENT="Staten." WC="0.83" LANG="dan"/>
							<SP ID="SP126" WIDTH="150" HPOS="2021" VPOS="3144"/>
							<String ID="STRING148" STYLEREFS="STYLE2" HEIGHT="87" WIDTH="184" HPOS="2171" VPOS="3144" CONTENT="Den" WC="0.77" LANG="deu"/>
							<SP ID="SP127" WIDTH="60" HPOS="2355" VPOS="3144"/>
							<String ID="STRING149" STYLEREFS="STYLE2" HEIGHT="96" WIDTH="162" HPOS="2415" VPOS="3147" CONTENT="beste" WC="0.68" LANG="deu"/>
							<SP ID="SP128" WIDTH="48" HPOS="2577" VPOS="3147"/>
							<String ID="STRING150" STYLEREFS="STYLE2" HEIGHT="98" WIDTH="244" HPOS="2625" VPOS="3145" CONTENT="Nytte," WC="0.78" LANG="dan"/>
						</TextLine>
						<TextLine ID="LINE23" HEIGHT="102" WIDTH="1800" HPOS="1067" VPOS="3265">
							<String ID="STRING151" STYLEREFS="STYLE2" HEIGHT="94" WIDTH="144" HPOS="1067" VPOS="3271" CONTENT="som" WC="0.75" LANG="dan"/>
							<SP ID="SP129" WIDTH="36" HPOS="1211" VPOS="3271"/>
							<String ID="STRING152" STYLEREFS="STYLE2" HEIGHT="74" WIDTH="128" HPOS="1247" VPOS="3277" CONTENT="den" WC="0.93" LANG="dan"/>
							<SP ID="SP130" WIDTH="30" HPOS="1375" VPOS="3277"/>
							<String ID="STRING153" STYLEREFS="STYLE2" HEIGHT="98" WIDTH="442" HPOS="1405" VPOS="3267" CONTENT="Hundebidte" WC="0.72" LANG="dan"/>
							<SP ID="SP131" WIDTH="48" HPOS="1847" VPOS="3267"/>
							<String ID="STRING154" STYLEREFS="STYLE2" HEIGHT="80" WIDTH="134" HPOS="1895" VPOS="3268" CONTENT="kan" WC="0.76" LANG="dan"/>
							<SP ID="SP132" WIDTH="32" HPOS="2029" VPOS="3268"/>
							<String ID="STRING155" STYLEREFS="STYLE2" HEIGHT="94" WIDTH="186" HPOS="2061" VPOS="3268" CONTENT="giøre" WC="0.83" LANG="dan"/>
							<SP ID="SP133" WIDTH="40" HPOS="2247" VPOS="3268"/>
							<String ID="STRING156" STYLEREFS="STYLE2" HEIGHT="96" WIDTH="80" HPOS="2287" VPOS="3265" CONTENT="af" WC="0.81" LANG="dan"/>
							<SP ID="SP134" WIDTH="30" HPOS="2367" VPOS="3265"/>
							<String ID="STRING157" STYLEREFS="STYLE2" HEIGHT="98" WIDTH="352" HPOS="2397" VPOS="3269" CONTENT="Hunden," WC="0.84" LANG="dan"/>
							<SP ID="SP135" WIDTH="52" HPOS="2749" VPOS="3269"/>
							<String ID="STRING158" STYLEREFS="STYLE2" HEIGHT="60" WIDTH="66" HPOS="2801" VPOS="3289" CONTENT="er" WC="0.63" LANG="dan"/>
						</TextLine>
						<TextLine ID="LINE24" HEIGHT="101" WIDTH="1800" HPOS="1067" VPOS="3388">
							<String ID="STRING159" STYLEREFS="STYLE2" HEIGHT="94" WIDTH="244" HPOS="1067" VPOS="3395" CONTENT="muelig" WC="0.62" LANG="dan"/>
							<SP ID="SP136" WIDTH="42" HPOS="1311" VPOS="3395"/>
							<String ID="STRING160" STYLEREFS="STYLE2" HEIGHT="66" WIDTH="74" HPOS="1353" VPOS="3407" CONTENT="at" WC="0.74" LANG="dan"/>
							<SP ID="SP137" WIDTH="34" HPOS="1427" VPOS="3407"/>
							<String ID="STRING161" STYLEREFS="STYLE2" HEIGHT="97" WIDTH="276" HPOS="1461" VPOS="3388" CONTENT="aftrekke" WC="0.9" LANG="dan"/>
							<SP ID="SP138" WIDTH="42" HPOS="1737" VPOS="3388"/>
							<String ID="STRING162" STYLEREFS="STYLE2" HEIGHT="98" WIDTH="160" HPOS="1779" VPOS="3390" CONTENT="ham" WC="0.8" LANG="dan"/>
							<SP ID="SP139" WIDTH="38" HPOS="1939" VPOS="3390"/>
							<String ID="STRING163" STYLEREFS="STYLE2" HEIGHT="90" WIDTH="190" HPOS="1977" VPOS="3394" CONTENT="nogle" WC="0.86" LANG="dan"/>
							<SP ID="SP140" WIDTH="40" HPOS="2167" VPOS="3394"/>
							<String ID="STRING164" STYLEREFS="STYLE2" HEIGHT="99" WIDTH="216" HPOS="2207" VPOS="3388" CONTENT="Haar" WC="0.76" LANG="dan"/>
							<SP ID="SP141" WIDTH="32" HPOS="2423" VPOS="3388"/>
							<String ID="STRING165" STYLEREFS="STYLE2" HEIGHT="98" WIDTH="104" HPOS="2455" VPOS="3389" CONTENT="for" WC="0.67" LANG="dan"/>
							<SP ID="SP142" WIDTH="32" HPOS="2559" VPOS="3389"/>
							<String ID="STRING166" STYLEREFS="STYLE2" HEIGHT="64" WIDTH="72" HPOS="2591" VPOS="3409" CONTENT="ar" WC="0.62" LANG="dan"/>
							<SP ID="SP143" WIDTH="32" HPOS="2663" VPOS="3409"/>
							<String ID="STRING167" STYLEREFS="STYLE2" HEIGHT="90" WIDTH="172" HPOS="2695" VPOS="3399" CONTENT="legge" WC="0.87" LANG="deu"/>
						</TextLine>
						<TextLine ID="LINE25" HEIGHT="102" WIDTH="1802" HPOS="1063" VPOS="3508">
							<String ID="STRING168" STYLEREFS="STYLE2" HEIGHT="74" WIDTH="142" HPOS="1063" VPOS="3535" CONTENT="paa" WC="0.77" LANG="dan"/>
							<SP ID="SP144" WIDTH="52" HPOS="1205" VPOS="3535"/>
							<String ID="STRING169" STYLEREFS="STYLE2" HEIGHT="86" WIDTH="304" HPOS="1257" VPOS="3513" CONTENT="Skaden" WC="0.82" LANG="dan"/>
							<SP ID="SP145" WIDTH="48" HPOS="1561" VPOS="3513"/>
							<String ID="STRING170" STYLEREFS="STYLE2" HEIGHT="100" WIDTH="196" HPOS="1609" VPOS="3510" CONTENT="(ifald" WC="0.77" LANG="dan"/>
							<SP ID="SP146" WIDTH="58" HPOS="1805" VPOS="3510"/>
							<String ID="STRING171" STYLEREFS="STYLE2" HEIGHT="76" WIDTH="164" HPOS="1863" VPOS="3518" CONTENT="dette" WC="0.61" LANG="dan"/>
							<SP ID="SP147" WIDTH="52" HPOS="2027" VPOS="3518"/>
							<String ID="STRING172" STYLEREFS="STYLE2" HEIGHT="100" WIDTH="158" HPOS="2079" VPOS="3508" CONTENT="efter" WC="0.91" LANG="dan"/>
							<SP ID="SP148" WIDTH="50" HPOS="2237" VPOS="3508"/>
							<String ID="STRING173" STYLEREFS="STYLE2" HEIGHT="88" WIDTH="290" HPOS="2287" VPOS="3521" CONTENT="gammel" WC="0.9" LANG="dan"/>
							<SP ID="SP149" WIDTH="60" HPOS="2577" VPOS="3521"/>
							<String ID="STRING174" STYLEREFS="STYLE2" HEIGHT="96" WIDTH="228" HPOS="2637" VPOS="3513" CONTENT="Sagn" WC="0.84" LANG="dan"/>
						</TextLine>
						<TextLine ID="LINE26" HEIGHT="107" WIDTH="1799" HPOS="1063" VPOS="3632">
							<String ID="STRING175" STYLEREFS="STYLE2" HEIGHT="100" WIDTH="245" HPOS="1063" VPOS="3637" CONTENT="hielper" WC="0.68" LANG="dan"/>
							<SP ID="SP150" WIDTH="38" HPOS="1308" VPOS="3637"/>
							<String ID="STRING176" STYLEREFS="STYLE2" HEIGHT="100" WIDTH="254" HPOS="1346" VPOS="3635" CONTENT="noget):" WC="0.62" LANG="dan"/>
							<SP ID="SP151" WIDTH="51" HPOS="1600" VPOS="3635"/>
							<String ID="STRING177" STYLEREFS="STYLE2" HEIGHT="100" WIDTH="189" HPOS="1651" VPOS="3632" CONTENT="Dog" WC="0.51" LANG="dan"/>
							<SP ID="SP152" WIDTH="42" HPOS="1840" VPOS="3632"/>
							<String ID="STRING178" STYLEREFS="STYLE2" HEIGHT="64" WIDTH="66" HPOS="1882" VPOS="3656" CONTENT="er" WC="0.65" LANG="dan"/>
							<SP ID="SP153" WIDTH="37" HPOS="1948" VPOS="3656"/>
							<String ID="STRING179" STYLEREFS="STYLE2" HEIGHT="82" WIDTH="113" HPOS="1985" VPOS="3638" CONTENT="der" WC="0.52" LANG="dan"/>
							<SP ID="SP154" WIDTH="40" HPOS="2098" VPOS="3638"/>
							<String ID="STRING180" STYLEREFS="STYLE2" HEIGHT="79" WIDTH="106" HPOS="2138" VPOS="3640" CONTENT="vel" WC="0.77" LANG="dan"/>
							<SP ID="SP155" WIDTH="33" HPOS="2244" VPOS="3640"/>
							<String ID="STRING181" STYLEREFS="STYLE2" HEIGHT="100" WIDTH="237" HPOS="2277" VPOS="3639" CONTENT="ingen," WC="0.73" LANG="dan"/>
							<SP ID="SP156" WIDTH="59" HPOS="2514" VPOS="3639"/>
							<String ID="STRING182" STYLEREFS="STYLE2" HEIGHT="94" WIDTH="135" HPOS="2573" VPOS="3635" CONTENT="som" WC="0.86" LANG="dan"/>
							<SP ID="SP157" WIDTH="45" HPOS="2708" VPOS="3635"/>
							<String ID="STRING183" STYLEREFS="STYLE2" HEIGHT="100" WIDTH="109" HPOS="2753" VPOS="3633" CONTENT="for" WC="0.73" LANG="dan"/>
						</TextLine>
					</TextBlock>
					<TextBlock xs:type="TextBlockType" ID="ZONE1304313" HEIGHT="82" WIDTH="214" HPOS="2536" VPOS="3763" xlink:type="simple">
						<TextLine ID="LINE27" HEIGHT="82" WIDTH="214" HPOS="2536" VPOS="3763">
							<String ID="STRING184" STYLEREFS="STYLE2" HEIGHT="82" WIDTH="214" HPOS="2536" VPOS="3763" CONTENT="denn»" WC="0.99" LANG="deu"/>
						</TextLine>
					</TextBlock>
				</ComposedBlock>
			</PrintSpace>
		</Page>
	</Layout>
</alto>
