3036 4471
683 263 164 80 DL
939 261 82 86 U
1115 263 162 82 LL

161 463 60 80 5.
269 445 190 96 Den
549 445 138 94 som
737 441 122 102 har
907 441 496 106 Forhaanden,
1477 447 124 100 har
1645 449 160 102 først

393 571 248 102 Frihed
687 587 72 64 ar
799 567 128 102 sige
971 593 110 60 om
1127 571 138 100 han
1307 577 94 78 vil
1443 575 172 96 spille
1661 583 144 76 eller

383 719 108 80 ey,
543 701 176 98 siden
751 703 76 74 de
863 703 206 78 andre
1105 699 154 100 efter
1291 699 264 86 Orden.

155 983 70 80 6.
275 973 250 106 Passer
575 985 80 74 de
731 983 122 78 alle
905 975 296 98 omkring
1263 997 342 84 eengang,
1675 983 130 84 kan

375 1101 454 104 Forhaanden
871 1111 216 74 endda
1129 1103 172 98 spille
1347 1107 20 78 i
1413 1113 106 74 det
1561 1109 134 94 som
1737 1133 68 60 er

379 1229 282 102 Tromf,
713 1239 140 76 eller
893 1253 78 58 en
1007 1237 220 74 anden
1265 1229 338 104 Couleur;
1653 1259 152 60 men

385 1357 212 100 passer
643 1365 122 76 den
805 1353 236 104 første,
1095 1377 78 78 og
1205 1353 278 92 Touren
1517 1361 290 86 kommer

379 1487 80 78 til
491 1491 76 74 de
609 1493 230 92 andre,
877 1503 194 62 maae
1091 1491 76 72 de
1191 1503 72 78 ey
1287 1481 172 100 spille
1485 1491 20 80 i
1531 1487 274 106 Troms,

379 1629 160 64 men
575 1617 102 78 vel
721 1633 80 62 en
839 1617 218 80 anden
1097 1607 316 84 Couleur.

173 1691 892 64 Isse-Dyr
1069 1805 8 10 ..
1691 1713 90 36 '''
2075 1705 4 10 '
2343 1797 14 14 .
2653 1691 30 150 I

151 1911 72 80 7.
273 1891 184 90 Den
521 1891 138 96 som
705 1893 186 96 faaer
941 1897 78 74 de
1063 1907 68 62 to
1173 1891 194 98 første
1405 1887 222 98 Stik,
1681 1885 124 98 har

389 2025 276 94 vundet,
719 2017 198 84 NB.
955 2035 172 60 naar
1161 2035 76 60 en
1275 2021 216 76 anden
1525 2011 280 96 Spiller

379 2163 86 76 og
499 2143 188 98 faaer
715 2159 68 62 to
817 2141 220 98 Stik;
1093 2161 148 64 men
1271 2141 190 98 faaes
1495 2155 96 64 tre
1619 2133 186 88 Stik

375 2267 84 98 af
485 2287 102 78 en,
641 2269 122 96 har
799 2273 126 76 den
957 2275 278 92 vundet,
1277 2265 138 96 som
1447 2265 80 100 af
1547 2267 92 96 sig
1675 2263 122 94 selv

375 2411 70 62 er
479 2411 76 60 en
587 2391 230 100 Følge.
