3221 4453
1723 383 464 116 Hundrede
2223 407 98 92 og
2363 387 180 96 Eet.

1943 647 404 86 Saaledes:

1485 847 46 78 il
1587 849 166 76 dette
1811 849 188 96 Spil
2053 849 356 100 udfordres
2475 855 94 90 z6
2617 851 178 84 Kort
2849 850 116 115 sjq

1321 967 182 102 Esser
1539 971 74 80 til
1647 969 284 100 Sexen;
1981 971 212 98 spilles
2231 973 174 98 bedst
2439 971 82 98 af
2553 999 42 48 2
2633 971 320 98 Spillere.

1329 1161 62 52 1.
1445 1133 246 84 Kortet
1723 1137 280 80 blandes
2039 1143 142 92 vel,
2235 1159 80 76 og
2349 1141 270 92 dernæst
2651 1149 184 84 tages
2865 1139 90 98 af.

1321 1327 72 54 2.
1445 1303 232 84 Gives
1731 1329 34 68 z
1821 1303 184 86 Korr
2051 1303 80 98 af
2163 1303 344 100 Gangen,
2577 1323 80 76 og
2697 1305 262 94 dernæst

1543 1427 268 102 Tromf.

1445 1593 182 92 Den
1679 1597 136 94 som
1875 1595 162 100 først
2081 1599 128 80 kan
2255 1601 164 76 tælle
2459 1595 370 102 Hundrede
2877 1617 80 76 og

1545 1721 98 86 Et
1677 1723 82 96 af
1785 1727 130 96 sine
1949 1725 302 80 bekomne
2283 1723 206 98 Stik,
2541 1725 122 96 har
2695 1731 262 78 vundet,

1319 1873 72 72 4.
1447 1847 178 102 Esset
1685 1871 86 60 er"
1789 1859 104 70 det
1925 1851 274 96 hoyeste,
2255 1871 82 72 og
2371 1851 236 92 gieldrr
2652 1868 118 78 11,
2821 1857 136 72 der¬

1539 1979 156 94 næst
1725 1975 174 90 Den
1928 1975 236 101 gjelder
2201 2001 118 72 10,
2355 1973 292 98 Kongen
2671 1999 78 74 4,
2783 1973 144 86 Da-

1537 2121 152 60 men
1741 2125 84 74 z,
1875 2099 326 84 Knækten
2255 2127 88 72 2,
2397 2107 76 72 de
2523 2109 206 74 andre
2773 2099 186 84 Kort

1537 2227 130 82 kan
1709 2227 126 82 ikke
1873 2227 300 98 benyttes
2211 2243 74 64 at
2321 2233 164 76 tælle
2509 2235 174 72 med.

1331 2423 60 70 5.
1454 2392 329 103 Trome
1823 2395 216 100 stikker
2077 2401 122 76 alle
2239 2401 78 72 de
2357 2401 206 74 andre
2601 2389 202 84 Kort.

1323 2573 68 78 6.
1441 2565 182 88 Den
1687 2565 138 94 som
1885 2563 272 100 stikker,
2247 2577 184 84 tager
2521 2559 160 100 først
2745 2581 82 76 op
2885 2557 82 102 af

1547 2691 410 88 Stammen.

1321 2883 72 72 7.
1443 2859 142 108 For
1627 2867 106 76 det
1765 2865 184 96 sidste
1987 2859 188 88 Stik
2211 2859 22 78 i
2271 2855 272 102 Spillet
2591 2861 232 100 regnes
2863 2875 90 54 10

1541 2985 44 60 a
1621 2979 208 84 parre.
