<?xml version="1.0" encoding="utf-8"?>
<alto xmlns="http://www.loc.gov/standards/alto/ns-v3#" xmlns:xs="http://www.w3.org/2001/XMLSchema-instance" xmlns:xlink="http://www.w3.org/1999/xlink">
	<Description>
		<MeasurementUnit>pixel</MeasurementUnit>
		<sourceImageInformation>
			<fileName>130013940364_2_023_015_011.tif</fileName>
		</sourceImageInformation>
		<OCRProcessing ID="OCR1">
			<ocrProcessingStep>
				<processingDateTime>2018-09-15</processingDateTime>
				<processingAgency>Zissor AS</processingAgency>
				<processingStepSettings>Combined OCR</processingStepSettings>
				<processingSoftware>
					<softwareCreator>Zissor AS</softwareCreator>
					<softwareName>ContentOCR-11; ContentOCR-Tesseract</softwareName>
					<softwareVersion>2.0.2; 2.0.0</softwareVersion>
					<applicationDescription>OCR Component for Zissor Content System</applicationDescription>
				</processingSoftware>
			</ocrProcessingStep>
		</OCRProcessing>
	</Description>
	<Styles>
		<TextStyle ID="STYLE1" FONTFAMILY="Arial" FONTSIZE="12" FONTSTYLE=""/>
		<TextStyle ID="STYLE2" FONTFAMILY="Arial" FONTSIZE="18" FONTSTYLE="italics"/>
		<TextStyle ID="STYLE3" FONTFAMILY="Arial" FONTSIZE="13" FONTSTYLE=""/>
		<TextStyle ID="STYLE4" FONTFAMILY="Arial" FONTSIZE="11" FONTSTYLE=""/>
	</Styles>
	<Layout>
		<Page ID="PAGE225" HEIGHT="4447" WIDTH="3020" PHYSICAL_IMG_NR="225" PROCESSING="OCR1" PC="0.76">
			<TopMargin HEIGHT="0" WIDTH="3020" HPOS="0" VPOS="0"/>
			<LeftMargin HEIGHT="4445" WIDTH="0" HPOS="0" VPOS="0"/>
			<RightMargin HEIGHT="4445" WIDTH="97" HPOS="2923" VPOS="0"/>
			<BottomMargin HEIGHT="0" WIDTH="3020" HPOS="0" VPOS="4447"/>
			<PrintSpace ID="PRINTSPACE1" HEIGHT="4445" WIDTH="2921" HPOS="1" VPOS="1">
				<ComposedBlock xs:type="ComposedBlockType" ID="ARTICLE127238" HEIGHT="4445" WIDTH="2921" HPOS="1" VPOS="1" xlink:type="simple">
					<TextBlock xs:type="TextBlockType" ID="ZONE1307194" HEIGHT="89" WIDTH="1113" HPOS="714" VPOS="256" xlink:type="simple">
						<TextLine ID="LINE1" HEIGHT="85" WIDTH="1112" HPOS="714" VPOS="260">
							<String ID="STRING1" STYLEREFS="STYLE1" HEIGHT="80" WIDTH="163" HPOS="714" VPOS="265" CONTENT="DL" WC="0.23" LANG="dan"/>
							<SP ID="SP1" WIDTH="89" HPOS="877" VPOS="265"/>
							<String ID="STRING2" STYLEREFS="STYLE2" HEIGHT="84" WIDTH="85" HPOS="966" VPOS="260" CONTENT="m" WC="0" LANG="dan"/>
							<SP ID="SP2" WIDTH="89" HPOS="1051" VPOS="260"/>
							<String ID="STRING3" STYLEREFS="STYLE1" HEIGHT="79" WIDTH="163" HPOS="1140" VPOS="261" CONTENT="DL" WC="0.23" LANG="dan"/>
							<SP ID="SP3" WIDTH="442" HPOS="1303" VPOS="261"/>
							<String ID="STRING4" STYLEREFS="STYLE3" HEIGHT="49" WIDTH="81" HPOS="1745" VPOS="273" CONTENT="II" WC="0.72" LANG="dan"/>
						</TextLine>
					</TextBlock>
					<TextBlock xs:type="TextBlockType" ID="ZONE1307195" HEIGHT="110" WIDTH="1643" HPOS="195" VPOS="436" xlink:type="simple">
						<TextLine ID="LINE2" HEIGHT="109" WIDTH="1643" HPOS="195" VPOS="437">
							<String ID="STRING5" STYLEREFS="STYLE4" HEIGHT="70" WIDTH="65" HPOS="195" VPOS="476" CONTENT="5." WC="1" LANG="dan"/>
							<SP ID="SP4" WIDTH="53" HPOS="260" VPOS="476"/>
							<String ID="STRING6" STYLEREFS="STYLE4" HEIGHT="88" WIDTH="213" HPOS="313" VPOS="447" CONTENT="Naar" WC="0.7" LANG="dan"/>
							<SP ID="SP5" WIDTH="65" HPOS="526" VPOS="447"/>
							<String ID="STRING7" STYLEREFS="STYLE4" HEIGHT="84" WIDTH="387" HPOS="591" VPOS="446" CONTENT="Stammen" WC="0.79" LANG="dan"/>
							<SP ID="SP6" WIDTH="53" HPOS="978" VPOS="446"/>
							<String ID="STRING8" STYLEREFS="STYLE4" HEIGHT="61" WIDTH="67" HPOS="1031" VPOS="462" CONTENT="er" WC="0.64" LANG="dan"/>
							<SP ID="SP7" WIDTH="61" HPOS="1098" VPOS="462"/>
							<String ID="STRING9" STYLEREFS="STYLE4" HEIGHT="92" WIDTH="305" HPOS="1159" VPOS="446" CONTENT="optages," WC="0.78" LANG="dan"/>
							<SP ID="SP8" WIDTH="73" HPOS="1464" VPOS="446"/>
							<String ID="STRING10" STYLEREFS="STYLE4" HEIGHT="98" WIDTH="301" HPOS="1537" VPOS="437" CONTENT="beholder" WC="0.73" LANG="dan"/>
						</TextLine>
					</TextBlock>
					<TextBlock xs:type="TextBlockType" ID="ZONE1307196" HEIGHT="361" WIDTH="1422" HPOS="418" VPOS="562" xlink:type="simple">
						<TextLine ID="LINE3" HEIGHT="112" WIDTH="1388" HPOS="418" VPOS="563">
							<String ID="STRING11" STYLEREFS="STYLE4" HEIGHT="98" WIDTH="158" HPOS="418" VPOS="577" CONTENT="hver" WC="0.64" LANG="dan"/>
							<SP ID="SP9" WIDTH="44" HPOS="576" VPOS="577"/>
							<String ID="STRING12" STYLEREFS="STYLE4" HEIGHT="98" WIDTH="174" HPOS="620" VPOS="572" CONTENT="hvad" WC="0.75" LANG="dan"/>
							<SP ID="SP10" WIDTH="42" HPOS="794" VPOS="572"/>
							<String ID="STRING13" STYLEREFS="STYLE4" HEIGHT="81" WIDTH="186" HPOS="836" VPOS="569" CONTENT="Kort" WC="0.71" LANG="dan"/>
							<SP ID="SP11" WIDTH="52" HPOS="1022" VPOS="569"/>
							<String ID="STRING14" STYLEREFS="STYLE4" HEIGHT="99" WIDTH="136" HPOS="1074" VPOS="568" CONTENT="han" WC="0.86" LANG="dan"/>
							<SP ID="SP12" WIDTH="50" HPOS="1210" VPOS="568"/>
							<String ID="STRING15" STYLEREFS="STYLE4" HEIGHT="99" WIDTH="122" HPOS="1260" VPOS="567" CONTENT="har" WC="0.78" LANG="dan"/>
							<SP ID="SP13" WIDTH="36" HPOS="1382" VPOS="567"/>
							<String ID="STRING16" STYLEREFS="STYLE4" HEIGHT="77" WIDTH="136" HPOS="1418" VPOS="585" CONTENT="paa" WC="0.78" LANG="dan"/>
							<SP ID="SP14" WIDTH="32" HPOS="1554" VPOS="585"/>
							<String ID="STRING17" STYLEREFS="STYLE4" HEIGHT="100" WIDTH="220" HPOS="1586" VPOS="563" CONTENT="Haan" SUBS_TYPE="HypPart1" SUBS_CONTENT="Haanden," WC="0.82" LANG="dan"/>
							<HYP CONTENT="-"/>
						</TextLine>
						<TextLine ID="LINE4" HEIGHT="110" WIDTH="1420" HPOS="419" VPOS="690">
							<String ID="STRING18" STYLEREFS="STYLE4" HEIGHT="91" WIDTH="166" HPOS="419" VPOS="709" CONTENT="den," SUBS_TYPE="HypPart2" SUBS_CONTENT="Haanden," WC="0.74" LANG="dan"/>
							<SP ID="SP15" WIDTH="54" HPOS="585" VPOS="709"/>
							<String ID="STRING19" STYLEREFS="STYLE4" HEIGHT="73" WIDTH="80" HPOS="639" VPOS="720" CONTENT="og" WC="0.77" LANG="dan"/>
							<SP ID="SP16" WIDTH="36" HPOS="719" VPOS="720"/>
							<String ID="STRING20" STYLEREFS="STYLE4" HEIGHT="98" WIDTH="154" HPOS="755" VPOS="697" CONTENT="hver" WC="0.72" LANG="dan"/>
							<SP ID="SP17" WIDTH="48" HPOS="909" VPOS="697"/>
							<String ID="STRING21" STYLEREFS="STYLE4" HEIGHT="80" WIDTH="184" HPOS="957" VPOS="712" CONTENT="tager" WC="0.69" LANG="dan"/>
							<SP ID="SP18" WIDTH="46" HPOS="1141" VPOS="712"/>
							<String ID="STRING22" STYLEREFS="STYLE4" HEIGHT="96" WIDTH="130" HPOS="1187" VPOS="697" CONTENT="sine" WC="0.94" LANG="dan"/>
							<SP ID="SP19" WIDTH="32" HPOS="1317" VPOS="697"/>
							<String ID="STRING23" STYLEREFS="STYLE4" HEIGHT="88" WIDTH="182" HPOS="1349" VPOS="690" CONTENT="Stik" WC="0.56" LANG="dan"/>
							<SP ID="SP20" WIDTH="46" HPOS="1531" VPOS="690"/>
							<String ID="STRING24" STYLEREFS="STYLE4" HEIGHT="78" WIDTH="128" HPOS="1577" VPOS="711" CONTENT="op," WC="0.87" LANG="dan"/>
							<SP ID="SP21" WIDTH="52" HPOS="1705" VPOS="711"/>
							<String ID="STRING25" STYLEREFS="STYLE4" HEIGHT="74" WIDTH="82" HPOS="1757" VPOS="708" CONTENT="og" WC="0.7" LANG="dan"/>
						</TextLine>
						<TextLine ID="LINE5" HEIGHT="102" WIDTH="979" HPOS="419" VPOS="821">
							<String ID="STRING26" STYLEREFS="STYLE4" HEIGHT="77" WIDTH="139" HPOS="419" VPOS="846" CONTENT="paa" WC="0.78" LANG="dan"/>
							<SP ID="SP22" WIDTH="39" HPOS="558" VPOS="846"/>
							<String ID="STRING27" STYLEREFS="STYLE4" HEIGHT="76" WIDTH="125" HPOS="597" VPOS="845" CONTENT="nye" WC="0.79" LANG="dan"/>
							<SP ID="SP23" WIDTH="33" HPOS="722" VPOS="845"/>
							<String ID="STRING28" STYLEREFS="STYLE4" HEIGHT="95" WIDTH="323" HPOS="755" VPOS="823" CONTENT="begynder" WC="0.65" LANG="dan"/>
							<SP ID="SP24" WIDTH="33" HPOS="1078" VPOS="823"/>
							<String ID="STRING29" STYLEREFS="STYLE4" HEIGHT="96" WIDTH="287" HPOS="1111" VPOS="821" CONTENT="Spillet." WC="0.91" LANG="dan"/>
						</TextLine>
					</TextBlock>
					<TextBlock xs:type="TextBlockType" ID="ZONE1307197" HEIGHT="108" WIDTH="1650" HPOS="198" VPOS="982" xlink:type="simple">
						<TextLine ID="LINE6" HEIGHT="103" WIDTH="1650" HPOS="198" VPOS="984">
							<String ID="STRING30" STYLEREFS="STYLE4" HEIGHT="76" WIDTH="68" HPOS="198" VPOS="996" CONTENT="6." WC="0.54" LANG="dan"/>
							<SP ID="SP25" WIDTH="52" HPOS="266" VPOS="996"/>
							<String ID="STRING31" STYLEREFS="STYLE1" HEIGHT="88" WIDTH="184" HPOS="318" VPOS="989" CONTENT="Den" WC="0.77" LANG="dan"/>
							<SP ID="SP26" WIDTH="66" HPOS="502" VPOS="989"/>
							<String ID="STRING32" STYLEREFS="STYLE4" HEIGHT="80" WIDTH="138" HPOS="568" VPOS="990" CONTENT="som" WC="0.76" LANG="dan"/>
							<SP ID="SP27" WIDTH="30" HPOS="706" VPOS="990"/>
							<String ID="STRING33" STYLEREFS="STYLE4" HEIGHT="98" WIDTH="148" HPOS="736" VPOS="989" CONTENT="sidst" WC="0.46" LANG="dan"/>
							<SP ID="SP28" WIDTH="32" HPOS="884" VPOS="989"/>
							<String ID="STRING34" STYLEREFS="STYLE4" HEIGHT="98" WIDTH="174" HPOS="916" VPOS="986" CONTENT="stak," WC="0.76" LANG="dan"/>
							<SP ID="SP29" WIDTH="50" HPOS="1090" VPOS="986"/>
							<String ID="STRING35" STYLEREFS="STYLE4" HEIGHT="96" WIDTH="208" HPOS="1140" VPOS="985" CONTENT="spiller" WC="0.8" LANG="dan"/>
							<SP ID="SP30" WIDTH="34" HPOS="1348" VPOS="985"/>
							<String ID="STRING36" STYLEREFS="STYLE4" HEIGHT="96" WIDTH="164" HPOS="1382" VPOS="984" CONTENT="først" WC="0.72" LANG="dan"/>
							<SP ID="SP31" WIDTH="30" HPOS="1546" VPOS="984"/>
							<String ID="STRING37" STYLEREFS="STYLE4" HEIGHT="97" WIDTH="136" HPOS="1576" VPOS="985" CONTENT="ud," WC="0.56" LANG="dan"/>
							<SP ID="SP32" WIDTH="52" HPOS="1712" VPOS="985"/>
							<String ID="STRING38" STYLEREFS="STYLE4" HEIGHT="78" WIDTH="84" HPOS="1764" VPOS="998" CONTENT="og" WC="0.66" LANG="dan"/>
						</TextLine>
					</TextBlock>
					<TextBlock xs:type="TextBlockType" ID="ZONE1307198" HEIGHT="106" WIDTH="1174" HPOS="423" VPOS="1107" xlink:type="simple">
						<TextLine ID="LINE7" HEIGHT="103" WIDTH="1174" HPOS="423" VPOS="1109">
							<String ID="STRING39" STYLEREFS="STYLE4" HEIGHT="97" WIDTH="324" HPOS="423" VPOS="1115" CONTENT="Tromfen" WC="0.86" LANG="dan"/>
							<SP ID="SP33" WIDTH="38" HPOS="747" VPOS="1115"/>
							<String ID="STRING40" STYLEREFS="STYLE4" HEIGHT="97" WIDTH="214" HPOS="785" VPOS="1112" CONTENT="stikker" WC="0.79" LANG="dan"/>
							<SP ID="SP34" WIDTH="40" HPOS="999" VPOS="1112"/>
							<String ID="STRING41" STYLEREFS="STYLE4" HEIGHT="98" WIDTH="110" HPOS="1039" VPOS="1112" CONTENT="her" WC="0.78" LANG="dan"/>
							<SP ID="SP35" WIDTH="28" HPOS="1149" VPOS="1112"/>
							<String ID="STRING42" STYLEREFS="STYLE4" HEIGHT="96" WIDTH="136" HPOS="1177" VPOS="1109" CONTENT="som" WC="0.79" LANG="dan"/>
							<SP ID="SP36" WIDTH="38" HPOS="1313" VPOS="1109"/>
							<String ID="STRING43" STYLEREFS="STYLE4" HEIGHT="96" WIDTH="246" HPOS="1351" VPOS="1110" CONTENT="tilforn." WC="0.87" LANG="dan"/>
						</TextLine>
					</TextBlock>
					<TextBlock xs:type="TextBlockType" ID="ZONE1307199" HEIGHT="108" WIDTH="1653" HPOS="199" VPOS="1272" xlink:type="simple">
						<TextLine ID="LINE8" HEIGHT="98" WIDTH="1653" HPOS="199" VPOS="1278">
							<String ID="STRING44" STYLEREFS="STYLE4" HEIGHT="66" WIDTH="75" HPOS="199" VPOS="1302" CONTENT="7." WC="0.53" LANG="dan"/>
							<SP ID="SP37" WIDTH="49" HPOS="274" VPOS="1302"/>
							<String ID="STRING45" STYLEREFS="STYLE4" HEIGHT="82" WIDTH="173" HPOS="323" VPOS="1279" CONTENT="Kan" WC="0.78" LANG="dan"/>
							<SP ID="SP38" WIDTH="69" HPOS="496" VPOS="1279"/>
							<String ID="STRING46" STYLEREFS="STYLE4" HEIGHT="93" WIDTH="305" HPOS="565" VPOS="1278" CONTENT="udspilles" WC="0.84" LANG="dan"/>
							<SP ID="SP39" WIDTH="57" HPOS="870" VPOS="1278"/>
							<String ID="STRING47" STYLEREFS="STYLE4" HEIGHT="74" WIDTH="89" HPOS="927" VPOS="1302" CONTENT="2," WC="0.79" LANG="dan"/>
							<SP ID="SP40" WIDTH="55" HPOS="1016" VPOS="1302"/>
							<String ID="STRING48" STYLEREFS="STYLE4" HEIGHT="71" WIDTH="37" HPOS="1071" VPOS="1300" CONTENT="z" WC="0.22" LANG="dan"/>
							<SP ID="SP41" WIDTH="53" HPOS="1108" VPOS="1300"/>
							<String ID="STRING49" STYLEREFS="STYLE4" HEIGHT="60" WIDTH="47" HPOS="1161" VPOS="1297" CONTENT="a" WC="0.39" LANG="dan"/>
							<SP ID="SP42" WIDTH="41" HPOS="1208" VPOS="1297"/>
							<String ID="STRING50" STYLEREFS="STYLE4" HEIGHT="71" WIDTH="53" HPOS="1249" VPOS="1297" CONTENT="4" WC="1" LANG="dan"/>
							<SP ID="SP43" WIDTH="43" HPOS="1302" VPOS="1297"/>
							<String ID="STRING51" STYLEREFS="STYLE4" HEIGHT="78" WIDTH="141" HPOS="1345" VPOS="1292" CONTENT="paa" WC="1" LANG="dan"/>
							<SP ID="SP44" WIDTH="43" HPOS="1486" VPOS="1292"/>
							<String ID="STRING52" STYLEREFS="STYLE4" HEIGHT="80" WIDTH="323" HPOS="1529" VPOS="1290" CONTENT="eengang," WC="0.87" LANG="dan"/>
						</TextLine>
					</TextBlock>
					<TextBlock xs:type="TextBlockType" ID="ZONE1307200" HEIGHT="605" WIDTH="1433" HPOS="426" VPOS="1398" xlink:type="simple">
						<TextLine ID="LINE9" HEIGHT="100" WIDTH="1428" HPOS="426" VPOS="1400">
							<String ID="STRING53" STYLEREFS="STYLE4" HEIGHT="58" WIDTH="172" HPOS="426" VPOS="1426" CONTENT="naar" WC="0.9" LANG="dan"/>
							<SP ID="SP45" WIDTH="60" HPOS="598" VPOS="1426"/>
							<String ID="STRING54" STYLEREFS="STYLE4" HEIGHT="69" WIDTH="76" HPOS="658" VPOS="1414" CONTENT="de" WC="0.68" LANG="dan"/>
							<SP ID="SP46" WIDTH="50" HPOS="734" VPOS="1414"/>
							<String ID="STRING55" STYLEREFS="STYLE4" HEIGHT="60" WIDTH="100" HPOS="784" VPOS="1423" CONTENT="ere" WC="0.86" LANG="dan"/>
							<SP ID="SP47" WIDTH="46" HPOS="884" VPOS="1423"/>
							<String ID="STRING56" STYLEREFS="STYLE4" HEIGHT="96" WIDTH="162" HPOS="930" VPOS="1404" CONTENT="lige," WC="0.67" LANG="dan"/>
							<SP ID="SP48" WIDTH="66" HPOS="1092" VPOS="1404"/>
							<String ID="STRING57" STYLEREFS="STYLE4" HEIGHT="94" WIDTH="240" HPOS="1158" VPOS="1400" CONTENT="nemlig" WC="0.93" LANG="dan"/>
							<SP ID="SP49" WIDTH="60" HPOS="1398" VPOS="1400"/>
							<String ID="STRING58" STYLEREFS="STYLE4" HEIGHT="71" WIDTH="86" HPOS="1458" VPOS="1424" CONTENT="2," WC="1" LANG="dan"/>
							<SP ID="SP50" WIDTH="68" HPOS="1544" VPOS="1424"/>
							<String ID="STRING59" STYLEREFS="STYLE4" HEIGHT="70" WIDTH="36" HPOS="1612" VPOS="1421" CONTENT="3" WC="0.24" LANG="dan"/>
							<SP ID="SP51" WIDTH="62" HPOS="1648" VPOS="1421"/>
							<String ID="STRING60" STYLEREFS="STYLE4" HEIGHT="57" WIDTH="46" HPOS="1710" VPOS="1419" CONTENT="a" WC="0" LANG="dan"/>
							<SP ID="SP52" WIDTH="46" HPOS="1756" VPOS="1419"/>
							<String ID="STRING61" STYLEREFS="STYLE4" HEIGHT="72" WIDTH="52" HPOS="1802" VPOS="1418" CONTENT="4" WC="0.85" LANG="dan"/>
						</TextLine>
						<TextLine ID="LINE10" HEIGHT="104" WIDTH="1388" HPOS="433" VPOS="1523">
							<String ID="STRING62" STYLEREFS="STYLE4" HEIGHT="96" WIDTH="258" HPOS="433" VPOS="1531" CONTENT="Sexer," WC="0.67" LANG="dan"/>
							<SP ID="SP53" WIDTH="48" HPOS="691" VPOS="1531"/>
							<String ID="STRING63" STYLEREFS="STYLE4" HEIGHT="72" WIDTH="72" HPOS="739" VPOS="1555" CONTENT="2," WC="0.45" LANG="dan"/>
							<SP ID="SP54" WIDTH="40" HPOS="811" VPOS="1555"/>
							<String ID="STRING64" STYLEREFS="STYLE4" HEIGHT="70" WIDTH="38" HPOS="851" VPOS="1553" CONTENT="3" WC="0.39" LANG="dan"/>
							<SP ID="SP55" WIDTH="36" HPOS="889" VPOS="1553"/>
							<String ID="STRING65" STYLEREFS="STYLE4" HEIGHT="60" WIDTH="44" HPOS="925" VPOS="1550" CONTENT="a" WC="1" LANG="dan"/>
							<SP ID="SP56" WIDTH="34" HPOS="969" VPOS="1550"/>
							<String ID="STRING66" STYLEREFS="STYLE4" HEIGHT="68" WIDTH="52" HPOS="1003" VPOS="1554" CONTENT="4" WC="1" LANG="dan"/>
							<SP ID="SP57" WIDTH="24" HPOS="1055" VPOS="1554"/>
							<String ID="STRING67" STYLEREFS="STYLE4" HEIGHT="97" WIDTH="276" HPOS="1079" VPOS="1528" CONTENT="Syver," WC="0.59" LANG="dan"/>
							<SP ID="SP58" WIDTH="46" HPOS="1355" VPOS="1528"/>
							<String ID="STRING68" STYLEREFS="STYLE4" HEIGHT="76" WIDTH="80" HPOS="1401" VPOS="1544" CONTENT="og" WC="0.7" LANG="dan"/>
							<SP ID="SP59" WIDTH="28" HPOS="1481" VPOS="1544"/>
							<String ID="STRING69" STYLEREFS="STYLE4" HEIGHT="94" WIDTH="120" HPOS="1509" VPOS="1523" CONTENT="saa" WC="0.83" LANG="dan"/>
							<SP ID="SP60" WIDTH="32" HPOS="1629" VPOS="1523"/>
							<String ID="STRING70" STYLEREFS="STYLE4" HEIGHT="98" WIDTH="160" HPOS="1661" VPOS="1523" CONTENT="frem" SUBS_TYPE="HypPart1" SUBS_CONTENT="fremdeles;" WC="0.76" LANG="dan"/>
							<HYP CONTENT="-"/>
						</TextLine>
						<TextLine ID="LINE11" HEIGHT="102" WIDTH="1421" HPOS="437" VPOS="1652">
							<String ID="STRING71" STYLEREFS="STYLE4" HEIGHT="92" WIDTH="217" HPOS="437" VPOS="1662" CONTENT="deles;" SUBS_TYPE="HypPart2" SUBS_CONTENT="fremdeles;" WC="0.78" LANG="dan"/>
							<SP ID="SP61" WIDTH="53" HPOS="654" VPOS="1662"/>
							<String ID="STRING72" STYLEREFS="STYLE4" HEIGHT="80" WIDTH="127" HPOS="707" VPOS="1655" CONTENT="kan" WC="0.86" LANG="dan"/>
							<SP ID="SP62" WIDTH="39" HPOS="834" VPOS="1655"/>
							<String ID="STRING73" STYLEREFS="STYLE4" HEIGHT="71" WIDTH="77" HPOS="873" VPOS="1663" CONTENT="de" WC="0.64" LANG="dan"/>
							<SP ID="SP63" WIDTH="41" HPOS="950" VPOS="1663"/>
							<String ID="STRING74" STYLEREFS="STYLE4" HEIGHT="80" WIDTH="127" HPOS="991" VPOS="1654" CONTENT="ikke" WC="0.87" LANG="dan"/>
							<SP ID="SP64" WIDTH="35" HPOS="1118" VPOS="1654"/>
							<String ID="STRING75" STYLEREFS="STYLE4" HEIGHT="74" WIDTH="121" HPOS="1153" VPOS="1661" CONTENT="alle" WC="1" LANG="dan"/>
							<SP ID="SP65" WIDTH="45" HPOS="1274" VPOS="1661"/>
							<String ID="STRING76" STYLEREFS="STYLE4" HEIGHT="98" WIDTH="221" HPOS="1319" VPOS="1652" CONTENT="stikkes" WC="0.65" LANG="dan"/>
							<SP ID="SP66" WIDTH="21" HPOS="1540" VPOS="1652"/>
							<String ID="STRING77" STYLEREFS="STYLE4" HEIGHT="46" WIDTH="23" HPOS="1561" VPOS="1701" CONTENT="," WC="0.85" LANG="dan"/>
							<SP ID="SP67" WIDTH="51" HPOS="1584" VPOS="1701"/>
							<String ID="STRING78" STYLEREFS="STYLE4" HEIGHT="64" WIDTH="75" HPOS="1635" VPOS="1665" CONTENT="at" WC="0.69" LANG="dan"/>
							<SP ID="SP68" WIDTH="35" HPOS="1710" VPOS="1665"/>
							<String ID="STRING79" STYLEREFS="STYLE4" HEIGHT="60" WIDTH="113" HPOS="1745" VPOS="1668" CONTENT="om" WC="0.75" LANG="dan"/>
						</TextLine>
						<TextLine ID="LINE12" HEIGHT="112" WIDTH="1420" HPOS="438" VPOS="1766">
							<String ID="STRING80" STYLEREFS="STYLE4" HEIGHT="71" WIDTH="124" HPOS="438" VPOS="1790" CONTENT="end" WC="0.81" LANG="dan"/>
							<SP ID="SP69" WIDTH="38" HPOS="562" VPOS="1790"/>
							<String ID="STRING81" STYLEREFS="STYLE4" HEIGHT="90" WIDTH="186" HPOS="600" VPOS="1785" CONTENT="nogle" WC="0.89" LANG="dan"/>
							<SP ID="SP70" WIDTH="30" HPOS="786" VPOS="1785"/>
							<String ID="STRING82" STYLEREFS="STYLE4" HEIGHT="96" WIDTH="252" HPOS="816" VPOS="1782" CONTENT="stikkes," WC="0.83" LANG="dan"/>
							<SP ID="SP71" WIDTH="40" HPOS="1068" VPOS="1782"/>
							<String ID="STRING83" STYLEREFS="STYLE4" HEIGHT="96" WIDTH="208" HPOS="1108" VPOS="1779" CONTENT="spiller" WC="0.72" LANG="dan"/>
							<SP ID="SP72" WIDTH="30" HPOS="1316" VPOS="1779"/>
							<String ID="STRING84" STYLEREFS="STYLE4" HEIGHT="86" WIDTH="130" HPOS="1346" VPOS="1786" CONTENT="dog" WC="0.81" LANG="dan"/>
							<SP ID="SP73" WIDTH="32" HPOS="1476" VPOS="1786"/>
							<String ID="STRING85" STYLEREFS="STYLE4" HEIGHT="72" WIDTH="124" HPOS="1508" VPOS="1783" CONTENT="den" WC="0.77" LANG="dan"/>
							<SP ID="SP74" WIDTH="32" HPOS="1632" VPOS="1783"/>
							<String ID="STRING86" STYLEREFS="STYLE4" HEIGHT="107" WIDTH="194" HPOS="1664" VPOS="1766" CONTENT="første" WC="0.62" LANG="dan"/>
						</TextLine>
						<TextLine ID="LINE13" HEIGHT="96" WIDTH="543" HPOS="440" VPOS="1906">
							<String ID="STRING87" STYLEREFS="STYLE4" HEIGHT="96" WIDTH="319" HPOS="440" VPOS="1906" CONTENT="Udspiller" WC="0.77" LANG="dan"/>
							<SP ID="SP75" WIDTH="33" HPOS="759" VPOS="1906"/>
							<String ID="STRING88" STYLEREFS="STYLE4" HEIGHT="94" WIDTH="191" HPOS="792" VPOS="1907" CONTENT="igien." WC="0.77" LANG="dan"/>
						</TextLine>
					</TextBlock>
					<TextBlock xs:type="TextBlockType" ID="ZONE1307201" HEIGHT="112" WIDTH="1651" HPOS="211" VPOS="2060" xlink:type="simple">
						<TextLine ID="LINE14" HEIGHT="107" WIDTH="1651" HPOS="211" VPOS="2062">
							<String ID="STRING89" STYLEREFS="STYLE4" HEIGHT="76" WIDTH="67" HPOS="211" VPOS="2088" CONTENT="8." WC="0.81" LANG="dan"/>
							<SP ID="SP76" WIDTH="51" HPOS="278" VPOS="2088"/>
							<String ID="STRING90" STYLEREFS="STYLE1" HEIGHT="90" WIDTH="181" HPOS="329" VPOS="2071" CONTENT="Den" WC="0.78" LANG="dan"/>
							<SP ID="SP77" WIDTH="51" HPOS="510" VPOS="2071"/>
							<String ID="STRING91" STYLEREFS="STYLE4" HEIGHT="92" WIDTH="137" HPOS="561" VPOS="2072" CONTENT="som" WC="0.8" LANG="dan"/>
							<SP ID="SP78" WIDTH="71" HPOS="698" VPOS="2072"/>
							<String ID="STRING92" STYLEREFS="STYLE4" HEIGHT="100" WIDTH="301" HPOS="769" VPOS="2069" CONTENT="beholder" WC="0.74" LANG="dan"/>
							<SP ID="SP79" WIDTH="41" HPOS="1070" VPOS="2069"/>
							<String ID="STRING93" STYLEREFS="STYLE4" HEIGHT="72" WIDTH="107" HPOS="1111" VPOS="2075" CONTENT="det" WC="0.55" LANG="dan"/>
							<SP ID="SP80" WIDTH="43" HPOS="1218" VPOS="2075"/>
							<String ID="STRING94" STYLEREFS="STYLE4" HEIGHT="96" WIDTH="183" HPOS="1261" VPOS="2068" CONTENT="sidste" WC="0.74" LANG="dan"/>
							<SP ID="SP81" WIDTH="43" HPOS="1444" VPOS="2068"/>
							<String ID="STRING95" STYLEREFS="STYLE4" HEIGHT="83" WIDTH="187" HPOS="1487" VPOS="2062" CONTENT="Kort" WC="0.67" LANG="dan"/>
							<SP ID="SP82" WIDTH="47" HPOS="1674" VPOS="2062"/>
							<String ID="STRING96" STYLEREFS="STYLE4" HEIGHT="76" WIDTH="141" HPOS="1721" VPOS="2084" CONTENT="paa" WC="1" LANG="dan"/>
						</TextLine>
					</TextBlock>
					<TextBlock xs:type="TextBlockType" ID="ZONE1307202" HEIGHT="111" WIDTH="1420" HPOS="436" VPOS="2188" xlink:type="simple">
						<TextLine ID="LINE15" HEIGHT="109" WIDTH="1420" HPOS="436" VPOS="2189">
							<String ID="STRING97" STYLEREFS="STYLE4" HEIGHT="101" WIDTH="378" HPOS="436" VPOS="2197" CONTENT="Haanden," WC="0.81" LANG="dan"/>
							<SP ID="SP83" WIDTH="52" HPOS="814" VPOS="2197"/>
							<String ID="STRING98" STYLEREFS="STYLE4" HEIGHT="97" WIDTH="124" HPOS="866" VPOS="2195" CONTENT="har" WC="0.71" LANG="dan"/>
							<SP ID="SP84" WIDTH="34" HPOS="990" VPOS="2195"/>
							<String ID="STRING99" STYLEREFS="STYLE4" HEIGHT="82" WIDTH="148" HPOS="1024" VPOS="2196" CONTENT="tabt" WC="0.61" LANG="dan"/>
							<SP ID="SP85" WIDTH="34" HPOS="1172" VPOS="2196"/>
							<String ID="STRING100" STYLEREFS="STYLE4" HEIGHT="97" WIDTH="258" HPOS="1206" VPOS="2192" CONTENT="ligesom" WC="0.7" LANG="dan"/>
							<SP ID="SP86" WIDTH="34" HPOS="1464" VPOS="2192"/>
							<String ID="STRING101" STYLEREFS="STYLE4" HEIGHT="79" WIDTH="22" HPOS="1498" VPOS="2192" CONTENT="i" WC="1" LANG="dan"/>
							<SP ID="SP87" WIDTH="30" HPOS="1520" VPOS="2192"/>
							<String ID="STRING102" STYLEREFS="STYLE4" HEIGHT="104" WIDTH="306" HPOS="1550" VPOS="2189" CONTENT="Hanrey." WC="0.78" LANG="dan"/>
						</TextLine>
					</TextBlock>
					<Illustration xs:type="IllustrationType" ID="ZONE1307203" HEIGHT="545" WIDTH="637" HPOS="733" VPOS="2298" xlink:type="simple"/>
					<Illustration xs:type="IllustrationType" ID="ZONE1307204" HEIGHT="2837" WIDTH="756" HPOS="2164" VPOS="1" xlink:type="simple"/>
					<Illustration xs:type="IllustrationType" ID="ZONE1307205" HEIGHT="1450" WIDTH="2921" HPOS="1" VPOS="2996" xlink:type="simple"/>
				</ComposedBlock>
			</PrintSpace>
		</Page>
	</Layout>
</alto>
