3102 4568
1838 332 46 67 ?

485 506 106 80 Ste
635 486 222 101 Kore,
909 507 82 77 og
1039 494 168 92 den,
1255 488 136 97 som
1433 489 220 103 høyest
1683 492 216 102 stikker

473 616 378 98 Byderens
881 613 226 101 Kort,
1161 616 124 100 har
1319 625 266 74 vundet.

264 825 112 54 ir.
426 800 182 88 Den
652 800 134 94 som
834 805 20 78 i
910 805 180 96 sidste
1132 802 186 98 Spil
1358 803 86 98 fik
1486 803 160 97 først
1688 802 210 101 Kort,

478 948 67 60 er
576 928 221 86 Giver
830 931 73 80 til
936 937 103 73 det
1088 930 299 96 følgende
1420 929 207 96 Spil.

259 1139 36 48 i
313 1137 60 72 z.
425 1112 184 88 Den
647 1134 144 61 eene
823 1111 272 98 Spiller
1127 1134 192 61 maae
1359 1115 128 80 ikke
1527 1124 206 74 raade
1773 1124 122 75 den

479 1248 217 72 anden
741 1243 335 98 hvorledes
1127 1242 133 98 han
1311 1241 123 96 stal
1475 1241 211 99 spille;
1741 1244 155 96 hver

470 1368 130 96 stal
632 1366 162 98 have
818 1371 98 92 sin
943 1385 153 92 egen
1390 1389 80 74 og
1496 1369 194 97 ingen
1720 1370 176 94 støde

470 1496 95 98 sig
592 1514 151 60 over
766 1499 121 72 den
912 1500 257 72 andens
1194 1492 503 102 Spillemaade,
1720 1515 173 70 naar

475 1620 138 98 han
645 1620 122 98 har
793 1617 204 96 spillet
1021 1618 154 96 efter
1197 1618 354 101 Reglerne,
1579 1638 184 64 enten
1789 1628 106 73 det

473 1746 118 96 fan
623 1746 208 98 falder
863 1751 92 74 ud
991 1746 74 80 til
1092 1743 276 99 Fordeel
1399 1751 144 78 eller
1571 1746 272 84 Skade.

258 1947 110 70 14.
420 1922 164 86 Det
654 1923 276 94 mindste
986 1922 136 92 som
1172 1924 128 79 kan
1352 1931 170 76 tales
1572 1936 172 72 uden
1790 1926 106 98 for

470 2048 311 95 Spillet,
834 2067 66 58 er
944 2055 106 73 det
1090 2048 243 99 bedste,
1386 2053 96 96 thi
1522 2058 186 74 ellers
1742 2072 118 60 con-

471 2172 314 98 funderes
817 2179 144 92 det;
1005 2174 246 84 Orden
1281 2195 66 62 er
1377 2183 104 72 det
1505 2177 354 94 fornemme-

473 2304 128 94 ste,
653 2300 138 93 som
831 2299 126 96 stal
991 2302 224 96 giøre,
1267 2319 74 64 at
1391 2301 272 96 Spillet
1703 2322 66 66 er
1817 2303 76 88 til

468 2410 333 111 PlaisinM

256 2629 112 74 15.
422 2604 276 98 Enhver
760 2605 276 98 Spiller
1078 2606 128 82 kan
1250 2608 186 101 holde
1480 2631 82 79 op
1608 2624 74 66 at
1722 2608 172 98 spille

473 2732 350 97 naar-han
689 2732 134 99 han
863 2733 112 80 vil.

255 2925 111 74 16.
419 2920 213 82 Naar
665 2918 107 97 feil
797 2919 235 97 gives,
1076 2921 471 95 gaaer-Komet
1305 2921 243 84 Kortet
1575 2920 313 97 sammen,

472 3066 82 74 og
594 3046 188 94 gives
816 3065 134 76 paa
990 3066 142 80 nye.

955 3553 213 107 Aa
1104 3574 64 88 4
1677 3552 207 112 Fem
