3110 4568
693 320 160 80 DL
947 318 82 80 m
1121 322 176 79 mm-
1717 339 90 62 -3

394 507 130 89 dog
543 500 123 96 stal
684 500 394 96 Udspilleren
1098 524 170 59 naar
1294 509 102 74 det
1415 501 191 98 første
1625 501 181 84 Stik

388 627 278 95 er'giort
702 626 168 98 spille
912 632 90 74 ud
1036 626 102 98 fra
1171 625 312 97 Knegt-sn
1518 631 74 78 til
1630 627 174 98 Esset

370 751 272 103 Jomf-
686 774 106 58 om
830 754 128 96 han
994 752 122 96 har
1150 760 128 73 der.
1304 797 100 18 —
1470 753 176 98 Esser
1676 755 126 94 stal

391 852 168 93 srax
610 832 172 112 falde
834 872 78 76 og
948 850 294 98 Kongen
1294 875 106 58 om
1440 853 176 98 Esser
1666 875 64 58 er
1784 855 16 74 i

388 947 286 86 Velten.

160 1203 69 70 7.
282 1179 219 101 Den,
542 1186 133 94 som
712 1188 175 94 giver
946 1186 183 82 Kort
1182 1186 121 95 stal
1358 1183 201 80 betale
1612 1185 71 78 til
1720 1189 73 72 de

397 1311 324 83 vindende
755 1312 316 98 Spillere
1113 1312 102 96 for
1251 1313 152 96 hver
1434 1309 198 80 Skik

159 1553 64 72 8.
273 1541 226 101 Den,
533 1586 6 10 -
583 1550 134 86 som
759 1546 206 94 spiller
1029 1554 186 87 med,
1277 1567 78 74 og
1391 1547 190 92 ingen
1625 1539 180 84 Stik

389 1669 188 96 faaer
619 1724 22 46 ,
683 1674 204 78 bliver
937 1674 136 78 beer
1135 1695 134 73 paa
1319 1671 232 96 ligesaa
1597 1685 204 78 meget

389 1795 196 99 første
621 1796 248 98 Gang,
903 1800 134 92 som
1075 1799 440 94 Kortgiveren
1545 1795 122 96 stal
1703 1795 72 78 be-

388 1929 150 89 tale,
562 1944 78 72 og
663 1926 169 92 siden
856 1924 154 94 efter
1030 1944 168 58 naar
1218 1943 208 74 nogen
1449 1923 197 80 bliver
1673 1919 131 80 beer

388 2047 202 79 bliver
634 2056 124 70 den
808 2050 162 78 altid
1004 2064 60 62 et
1096 2046 460 93 Kortgivende
1602 2047 202 92 større

382 2179 120 70 end
544 2178 122 72 den
708 2172 272 96 mindste
1012 2172 184 86 Beer
1228 2193 132 74 paa
1382 2169 294 84 Border.
1704 2211 100 16 —

382 2295 134 84 De
544 2296 216 90 smaae
800 2296 280 100 Beerer,
1118 2300 246 79 betales
1382 2289 159 105 førs
1574 2303 116 88 ud,
1720 2315 78 74 og

384 2423 176 94 siden
610 2420 154 98 ester
794 2420 264 82 Orden.

155 2679 70 68 9.
275 2653 242 98 Ingen
589 2650 278 92 Spiller
911 2670 190 62 mane
1133 2649 172 98 passe
1351 2647 232 94 førend
1625 2651 174 98 hans

395 2777 216 88 Tour.

165 3039 112 52 10.
331 3011 102 84 Er
499 3018 88 72 da
657 3034 34 68 3
747 3014 142 76 eller
937 3016 188 92 fleere
1183 3010 354 97 Spillere,
1589 3009 210 94 spilles

399 3140 168 93 srax
601 3134 256 98 Tromf
903 3146 90 70 ud
1041 3136 192 97 første
1265 3137 262 96 Gang,
1579 3135 110 84 faa
1723 3157 76 74 og

389 3271 216 72 anden
641 3262 217 96 Gang
893 3284 108 56 om
1035 3262 245 98 haves,
1335 3263 118 96 har
1497 3261 274 94 Udspille-

382 3409 116 62 ren
548 3410 72 74 ey
668 3386 256 98 Tromf
962 3396 216 70 anden
1214 3389 218 96 Gang
1488 3403 72 64 ar
1602 3385 198 98 spille,

944 3512 88 84 B
1086 3536 50 70 4
1670 3521 128 84 leg-

2835 3183 79 228 E

2655 3339 271 198 II
