2979 4557
1666 545 117 88 29

141 721 292 94 Staten,
459 717 130 83 kan
629 716 406 96 ingenlunde
1061 719 254 81 komme
1349 722 20 76 i
1391 720 516 101 Consideration

143 847 169 78 imod
375 849 119 74 den
551 840 525 99 hoistbetydelige
1139 861 81 79 og
1267 842 339 99 ubodelige
1653 843 257 85 Skade

140 963 76 100 af
246 965 572 92 Tænkemaadens
852 963 462 100 Fordervelse,
1368 966 194 96 Flids
1616 989 78 76 og
1726 967 150 90 Tar-

138 1093 324 94 veligheds
496 1088 176 102 Fald
714 1108 80 74 og
826 1085 590 103 Landflygtighed,
1470 1110 80 79 og
1588 1091 324 84 Statens

136 1219 259 76 dermed
424 1205 401 101 forknyttede
858 1211 199 84 Nuin
1112 1229 77 79 og
1238 1208 447 101 Ødeleggelse.
1792 1213 119 99 Aa

143 1343 66 74 al
243 1345 120 72 den
395 1335 372 95 Vinding,
825 1331 132 92 som
989 1353 78 60 en
1103 1340 144 74 eller
1287 1340 220 76 anden
1545 1333 198 86 Stat
1783 1344 126 76 ved

145 1467 156 76 dette
331 1458 408 97 spitsfindige
781 1454 202 83 Kneb
1029 1475 80 78 og
1163 1456 218 98 Klygt
1427 1466 82 84 (et
1555 1459 354 100 Paafund

144 1579 78 98 af
247 1589 119 74 den
403 1579 273 99 Jødiske
719 1578 303 99 Cabale,
1076 1601 148 61 men
1261 1580 493 101 høistuvavdigt
1788 1594 84 69 no-

146 1701 301 106 gensinde
484 1720 72 64 at
584 1702 176 96 finde
794 1700 296 101 Indpas
1130 1703 20 81 i
1184 1720 194 82 noget
1416 1702 460 87 Stats-Kabi-

152 1827 132 98 ner)
316 1827 122 92 har
472 1826 238 80 kunder
730 1832 200 91 drage
960 1823 108 98 fra
1088 1823 382 100 Fremmede
1494 1845 82 78 og
1600 1827 314 101 Naboer,

147 1945 130 82 kan
311 1949 18 74 i
361 1949 190 93 ingen
583 1946 264 82 Maade
877 1947 210 84 erfctte
1121 1953 102 75 det
1253 1946 198 100 Tab,
1505 1949 136 94 som
1665 1951 248 94 samme

145 2069 122 96 har
291 2073 114 78 lidt
433 2076 116 74 ved
573 2066 572 90 Tænkemaadens
1187 2072 436 102 Fordervelse.
1731 2075 180 86 Ved

139 2191 178 96 sidste
375 2189 120 100 har
547 2196 74 76 de
679 2186 154 100 efter
903 2207 98 64 ret
1067 2193 403 99 Beregning
1523 2203 385 97 nødvendig

138 2329 280 66 maattet
458 2314 148 82 tabe
640 2334 214 79 mere,
906 2321 124 80 end
1064 2321 74 78 de
1170 2316 122 102 har
1338 2326 252 77 vundet
1648 2331 120 78 ved
1802 2331 106 77 det

136 2433 216 100 første.

334 2551 125 102 Og
508 2554 165 98 frem
720 2556 105 98 for
874 2565 231 94 øvrige
1158 2582 99 62 ere
1308 2570 75 76 de
1448 2562 265 103 Fyrster
1760 2576 147 78 med

135 2679 438 94 Raadgivere
621 2684 244 95 mindst
917 2701 72 64 at
1025 2688 388 100 undskylde,
1485 2690 152 97 hvis
1687 2691 224 85 Lande

137 2803 266 96 ganske,
475 2800 144 84 eller
661 2802 104 96 for
807 2809 224 94 største
1083 2805 280 103 Delen,
1429 2834 96 59 ere
1559 2813 352 101 særffildte,

137 2947 83 72 og
271 2927 137 94 som
459 2924 127 82 ikke
645 2924 121 94 har
821 2949 241 74 mange
1129 2927 187 97 smaa
1377 2928 301 107 Stater,
1761 2945 151 79 eller

138 3047 454 97 Rigsstader,
646 3050 68 76 til
756 3046 326 105 Naboer;
1134 3052 138 100 Thi
1310 3058 110 78 der
1456 3056 246 103 kunde,
1754 3061 158 100 helst

140 3189 176 62 naar
354 3177 72 74 de
460 3168 126 84 ikke
616 3170 122 92 selv
776 3195 130 74 gav
940 3171 492 103 Indbyggerne
1484 3180 250 101 Smag
1768 3207 140 76 paa

140 3285 345 107 Lotterier,
541 3300 118 76 ved
695 3298 290 97 tilbørlig
1021 3300 396 102 Agtsomhed
1467 3307 230 94 lettelig
1741 3303 136 98 fore-

139 3413 294 96 bygges,
485 3432 74 64 ar
593 3420 192 92 ingen
823 3419 272 100 anseelig
1135 3421 332 105 Vinding
1531 3427 224 98 derfra
1789 3436 88 80 ud-

133 3533 102 94 gik
275 3537 72 80 til
379 3533 354 98 fremmede
769 3538 326 89 Lotterier.

1626 3795 180 92 Men
