3080 4675
1130 687 162 80 4f-'.
2046 717 96 54 11

667 886 162 91 Det
867 909 160 65 maa
1069 897 134 94 mig
1241 898 260 81 tillades
1535 897 196 99 forud
1763 911 70 66 at
1863 896 310 101 fremsette
2203 926 78 60 en

474 1027 446 103 Anmerkning
968 1054 150 59 over
1160 1039 492 79 Bommando
1674 1066 24 40 -
1724 1043 172 78 Ord
1938 1042 18 80 i
2015 1040 231 84 Almin-

473 1169 280 100 delighed
473 1169 330 102 delighed,
881 1171 136 95 som
1051 1174 124 97 stal
1201 1175 166 81 blive
1391 1175 496 101 Prøvestenen,
1957 1182 322 102 hvorefter

474 1327 160 63 man
669 1314 169 94 siden
869 1311 125 82 kan
1027 1314 333 84 bedømme
1391 1317 283 96 sammes
1703 1317 399 103 Gyldighed.

669 1592 141 100 Jeg
845 1590 211 98 anseer
1083 1597 489 80 Rommands
1589 1628 23 40 -
1645 1600 225 96 Ord,
1949 1620 135 76 paa
2113 1605 165 81 dette

480 1727 221 103 Sted,
754 1732 103 99 for
884 1737 73 77 de
986 1732 459 100 BefalnmgS-
1472 1735 185 91 Ord,
1712 1739 289 96 hvorved
2034 1739 245 101 Office«

481 1891 137 77 ren,
653 1878 139 75 eller
821 1877 119 77 den
967 1870 395 100 Befalende,
1399 1874 465 98 tilkjendegiver
1903 1882 119 76 den
2051 1894 195 82 een-ce-

477 2014 189 76 rende
714 2008 297 100 Soldat,
1066 2032 132 75 paa
1240 2014 174 96 hvad
1456 2013 264 82 Maade
1764 2017 134 94 han
1928 2017 122 94 skal
2080 2026 200 76 tumle

475 2153 142 75 eller
643 2148 232 98 handle
897 2153 76 95 sit
1001 2150 312 100 Gevæhr.
1393 2151 164 86 Der
1591 2152 242 83 kræves
1863 2156 208 94 altsaa
2101 2161 174 95 billig

476 2291 120 78 ved
640 2304 56 64 et
736 2286 280 97 saadant
1046 2292 488 79 Bommando
1564 2324 26 40 -
1628 2298 198 95 Ord,
1868 2314 72 62 ar
1994 2302 104 77 det
2148 2300 129 94 skal

475 2445 166 63 være
679 2428 64 96 i)
793 2431 184 97 korr,
1049 2431 70 98 2)
1173 2437 104 74 læt
1303 2434 20 76 i
1349 2432 316 96 Udtalen,
1741 2435 66 98 z)
1861 2436 160 96 have
2051 2444 224 92 engod

480 2587 80 74 og
610 2572 104 76 læt
747 2566 235 100 Klang
1026 2572 80 91 til.
1132 2583 74 68 at
1249 2570 239 99 klingre
1530 2578 138 74 eller
1697 2576 580 99 gjennemtrænges
2254 2582 24 80 i

476 2703 313 86 Marken.

672 2982 161 89 Det
890 2987 197 83 bliver
1144 2992 239 99 dernest
1434 3013 49 60 et
1528 2993 107 99 her
1678 2999 135 78 min
1846 2995 305 100 Hensigt,
2206 3014 73 64 at

479 3123 171 96 giore
699 3144 73 61 en
815 3127 293 100 nøjagtig
1153 3128 419 98 Oversettelse
1617 3132 79 99 af
1731 3139 73 76 de
1835 3136 205 93 tydske
2065 3135 183 84 Kom-

476 3265 513 99 mando-Ord;
1094 3267 210 99 Sligt
1344 3270 122 81 bør
1518 3275 89 95 sig
1646 3276 86 79 ci:
1856 3274 174 84 Nei!
2128 3277 151 99 Her

479 3399 120 81 bør
645 3400 128 94 sees
817 3403 150 96 efter
1013 3422 74 63 ar
1123 3409 174 94 sinde
1345 3410 364 97 beqvemme
1747 3411 279 98 Danske
2065 3413 211 101 Ord,

474 3535 136 96 som
660 3538 442 96 fuldkommen
1142 3546 330 98 indeholde
1502 3573 80 75 og
1616 3554 428 96 tilkieudegive
2070 3559 100 78 det
2204 3562 76 78 de

471 3675 126 98 stal
625 3677 238 100 anvise,
897 3688 142 74 eller
1069 3685 142 96 sige.

2046 3969 135 86 Nu
