3222 4517
1945 281 160 82 AL
2197 279 82 84 R
2369 281 160 80 AL

1425 492 109 60 12-
1611 469 212 88 Naar
1861 473 112 76 der
2003 487 66 60 er
2101 465 218 98 Appel
2347 463 244 98 aaben,
2629 461 126 84 kan
2789 485 108 78 en,
2925 467 118 94 som

1647 599 126 100 har
1819 597 146 96 mist
2009 597 132 96 sine
2177 591 304 98 Streger
2535 593 172 96 sidde
2757 599 292 90 overkom

1645 725 142 100 han
1817 725 92 80 vil
1927 741 284 80 engang,
2249 741 148 60 men
2413 719 92 80 vil
2545 717 132 100 han
2707 739 168 64 mere
2893 721 162 100 spille

1647 859 174 92 med,
1853 871 162 60 maa
2057 849 136 100 han
2229 851 340 96 appellere.

1431 1051 32 50 i
1479 1049 62 70 Z.
1619 1021 116 86 En
1775 1019 216 100 Appel
2019 1019 198 98 koster
2249 1015 238 102 ligesaa
2521 1031 232 86 meget,
2779 1015 128 94 som
2925 1017 100 102 før-

1647 1155 88 94 ste
1765 1149 298 100 Jndsatz.

1439 1343 114 70 14.
1623 1317 216 86 Naar
1871 1343 42 52 2
1933 1318 237 109 tilsids
2203 1325 246 90 drages
2481 1337 110 60 om
2625 1315 306 102 Spillet,
2981 1339 76 74 og

1645 1447 124 98 har
1807 1447 158 98 hver
2005 1465 80 60 en
2119 1445 276 98 Streg,
2431 1467 82 76 og
2545 1453 126 72 den
2707 1441 194 86 Enne
2941 1443 116 98 har

1649 1593 80 60 en
1763 1571 212 98 Nar,
2007 1593 204 76 gaaer
2245 1573 272 96 Spillet
2547 1593 108 60 om
2689 1577 146 74 med
2869 1579 74 72 de
2987 1597 68 70 2,

1647 1707 150 74 med
1833 1699 256 80 mindre
2131 1707 126 72 den
2307 1705 218 74 anden
2563 1701 124 94 har
2727 1717 78 60 en
2841 1697 216 98 Giog,

1649 1833 126 76 den
1825 1825 128 82 kan
1991 1825 282 84 Narren
2325 1829 126 78 ikke
2487 1843 148 78 tage
2669 1833 146 72 med
2851 1827 110 96 sig.

1423 2017 112 70 15.
1613 1993 182 84 Den
1815 2047 26 44 ,
1883 1993 134 94 som
2049 1999 88 72 da
2179 1993 298 100 beholder
2517 1997 76 74 de
2625 1993 184 96 sidste
2845 1989 186 84 Stre-

1637 2141 112 74 ger
1785 2125 202 76 allene
2011 2119 124 100 har
2157 2125 276 90 vundet,
2469 2139 80 74 og
2569 2115 184 96 faaer
2785 2119 126 96 hos
2939 2125 120 76 alle

1641 2255 80 72 de
1751 2253 232 94 andre,
2017 2245 136 96 som
2197 2253 78 72 de
2315 2245 124 100 har
2481 2245 146 80 tabt
2659 2243 94 80 til.

1421 2419 110 76 16.
1599 2413 68 100 I
1699 2421 166 78 dette
1901 2415 188 98 Spil
2143 2415 130 78 kan
2319 2431 170 64 være
2527 2435 92 76 37
2659 2421 326 100 Spillere.

1419 2607 112 70 17.
1597 2585 230 100 Den,
1883 2583 138 94 som
2083 2583 204 80 bliver
2353 2583 198 100 kisset,
2585 2585 184 96 faaer
2819 2593 234 98 tilbage

1637 2715 102 96 sin
1769 2709 286 98 Brikke,
2075 2733 110 58 om
2225 2717 122 74 den
2383 2713 134 98 han
2555 2713 140 82 blev
2739 2717 168 100 kisset
2925 2741 128 76 paa

1633 2861 70 60 er
1753 2841 204 96 byttet
2011 2841 74 80 til
2123 2841 206 96 ham,
2401 2863 78 74 og
2513 2839 292 94 saaledes
2837 2845 212 98 byttes

1637 2973 212 76 rundt
1883 2989 136 76 om,
2051 2969 76 78 til
2161 2967 156 98 hver
2353 2965 188 100 faaer
2577 2971 98 94 sin
2707 2989 180 82 egen,
2923 2971 130 96 som

1637 3095 138 100 han
1807 3093 88 100 fik
1923 3095 108 98 fra
2067 3093 244 100 Posen.

1407 3411 182 90 Trykt
1637 3417 108 80 hos
1795 3413 290 84 Lauritz
2133 3419 268 82 Christ.
2453 3415 552 74 Simmelkiær.
