3224 4520
2871 1269 78 76 og
2979 1253 116 96 sid-

1831 1375 292 92 saaledes
2161 1385 72 64 at
2257 1371 368 94 Macherne
2657 1391 72 78 ey
2765 1375 204 96 sidder
2999 1379 70 80 til-

1685 1501 292 94 sammen
2003 1551 22 46 ,
2063 1499 282 78 blandes
2375 1495 252 84 Kortet
2663 1521 82 72 og
2783 1507 184 88 tages
2999 1501 94 102 af,

1685 1649 86 76 og
1811 1635 152 88 den,
1991 1623 136 94 som
2167 1637 184 80 tager
2369 1623 98 98 af,
2483 1621 128 96 seer
2637 1633 206 72 under
2863 1647 102 60 om
2981 1647 77 61 no-

1685 1751 489 99 gen-Mated·or
1687 1775 126 76 gen
1845 1751 330 84 Matedor
2201 1769 66 60 er
2299 1759 254 90 under;
2607 1759 88 74 da
2731 1757 208 92 legges
2973 1761 116 74 den

1683 1881 172 100 frem
1887 1899 108 58 om
2019 1897 210 76 nogen
2251 1875 276 98 Spiller
2563 1877 184 98 Dulle
2763 1877 148 100 faae
2925 1877 138 90 Da-

1685 2029 154 60 men
1885 2005 80 98 af
1995 2013 122 72 den
2169 2003 236 98 Sort,
2451 2009 142 74 eller
2637 2007 20 76 i
2689 2005 290 96 Mangel
3019 2003 82 104 af

1683 2135 298 86 Damen
1999 2139 88 72 da
2101 2129 316 98 Kongen,
2453 2127 128 82 kan
2605 2129 216 98 derfor
2841 2133 252 96 tilbytte

1677 2265 98 98 sig
1795 2261 430 94 Maredoren,
2251 2275 148 60 men
2417 2275 192 62 maae
2629 2257 126 80 ikke
2775 2255 132 96 sees
2925 2277 164 64 mere

1685 2395 124 76 end
1855 2401 76 84 ey
1967 2385 190 84 Kort
2201 2389 232 76 under.

1459 2603 68 58 2.
1593 2577 198 106 Hver
1827 2577 278 98 Spiller
2139 2575 184 100 faaer
2355 2599 44 68 9
2435 2573 228 102 Kort,
2715 2597 36 72 z
2791 2573 80 100 af
2891 2575 160 88 Gan-

1681 2729 126 76 gen
1855 2727 82 74 og
1995 2705 274 98 dernæst
2317 2709 304 94 oplegges
2661 2725 42 52 2
2752 2695 323 115 Troen-see,

1873 2839 148 74 med
2053 2829 176 90 Tien
2307 2831 128 80 kan
2491 2831 218 98 byttes
2767 2829 80 100 af
2891 2837 72 72 de
3011 2825 72 100 af

1853 2965 216 96 lierne,
2109 2959 134 94 som
2272 2971 252 67 maatte
2559 2957 166 100 have
2753 2965 142 72 den.

1455 3181 66 54 3.
1582 3142 183 89 Den
1795 3165 144 60 eene
1969 3141 284 102 Macher
2291 3163 194 60 maae
2513 3141 128 82 ikke
2671 3145 126 98 sige
2821 3149 120 74 den
2969 3161 76 62 an-

1675 3279 122 72 den
1827 3273 80 94 sit
1937 3269 214 104 Kort,
2199 3275 208 82 allene
2441 3291 108 64 om
2583 3271 136 100 han
2751 3271 126 82 kan
2911 3267 164 104 stikke

1679 3401 144 80 eller
1853 3415 96 84 ey.

2871 3561 202 90 Stik-
