3001 4543
1829 302 97 70 39

989 279 101 58 m

978 337 112 42 ■7nS

272 500 226 78 mange
576 482 598 96 Etablissementer,
1286 477 340 94 formeerer
1698 472 196 100 Folke-

280 594 352 84 mængden,
686 606 78 74 og
816 590 116 72 alle
976 579 540 98 Nærings-Veie
1570 580 124 82 kan
1748 594 172 62 være

284 684 370 98 betænkelige
706 702 70 62 at
826 679 392 100 indskrænke.

330 883 357 83 Bønderne
739 890 246 73 overalt
1035 901 64 58 er
1150 877 313 98 formeget
1515 882 210 92 plaget
1771 882 146 76 med

177 981 308 100 Hoverie,
539 1008 78 72 og
669 984 242 92 dersom
967 991 74 70 de
1095 983 170 78 bleve
1305 978 354 99 Hovefrie,
1713 976 202 82 kunde

175 1091 94 72 det
319 1107 158 58 være
525 1094 140 70 dem
719 1088 68 76 til
839 1108 72 56 en
973 1085 126 94 stor
1153 1081 278 92 Lettelse,
1519 1090 126 84 dog
1701 1100 60 56 er
1813 1090 100 70 det

171 1193 136 72 dem
353 1186 120 78 ikke
533 1188 200 94 nyttig
785 1194 164 72 uden
1001 1183 160 98 hvor
1213 1191 74 70 de
1333 1181 200 82 kunde
1571 1178 216 90 udløse
1823 1182 94 94 sig

167 1285 116 92 selv
333 1285 106 94 fra
491 1286 620 98 Proprietærerne;
1201 1285 94 90 thi
1355 1303 166 57 naar
1589 1288 74 72 de
1713 1282 204 84 skulde

169 1389 195 76 betale
409 1386 549 98 Hoverie-Penge
1015 1409 43 48 t
1111 1379 203 92 Rdlr.
1369 1379 77 98 af
1481 1383 153 93 hver
1681 1380 237 90 Tønde

168 1487 384 96 Hartkorn,
608 1486 198 80 kunde
856 1496 74 70 de
976 1503 132 78 paa
1154 1491 72 70 de
1278 1483 296 93 Steder,
1632 1480 160 98 hvor
1840 1490 78 72 de

172 1609 96 58 ere
316 1587 264 95 fattige,
638 1584 124 80 ikke
814 1588 178 92 holde
1042 1591 98 72 det
1190 1591 124 80 ud,
1372 1605 142 56 men
1568 1582 200 78 kunde
1814 1584 70 78 be-

172 1695 110 70 dre
334 1687 242 79 komme
628 1686 216 96 afstæd
922 1691 140 72 med
1128 1701 68 60 at
1260 1679 254 96 forrette
1566 1682 344 96 Hoverier,

158 1799 134 78 .ved
336 1797 136 70 dem
528 1786 114 88 selv
694 1808 80 74 og
826 1796 72 70 de
950 1785 234 92 samme
1238 1783 198 98 Folk,
1488 1781 132 91 som
1674 1792 72 70 be
1782 1784 102 94 hol-

172 1897 106 70 der
348 1891 72 75 til
482 1894 178 72 deres
724 1904 128 74 eger
890 1887 314 94 Arbeide;
1308 1891 124 88 dog
1486 1903 124 59 var
1676 1894 104 68 der
1828 1906 78 58 en

168 1991 125 92 stor
336 1987 211 91 Nytte
598 1984 103 94 for
744 1986 331 91 Bonden,
1129 2005 108 58 om
1270 1983 315 98 Hoveriet
1633 2004 132 74 paa
1793 2006 86 56 no-

167 2109 114 74 gen
333 2087 240 95 Slags
619 2088 258 80 Maade
931 2097 142 70 med
1103 2083 208 90 Tiden
1363 2102 168 62 reent
1575 2084 200 80 kunde
1813 2082 80 96 af-

167 2185 254 99 skaffes;
471 2190 88 92 thi
611 2188 294 84 Bonden
957 2193 228 88 plages
1245 2193 94 72 alt
1383 2183 104 90 for
1539 2202 238 78 meget,
1827 2208 82 74 og

167 2307 62 60 er
283 2288 242 93 ligesom
579 2308 72 60 en
701 2286 222 90 Træld
977 2297 200 72 under
1223 2293 94 72 alt
1367 2283 104 94 for
1515 2286 124 94 stor
1657 2284 254 96 Tvang

167 2411 78 72 og
293 2389 272 91 Byrde,
641 2388 130 86 især
825 2388 162 100 hvor
1045 2385 472 100 Huusbonden
1569 2406 64 60 er
1694 2386 213 94 haard

167 2511 77 74 og
291 2488 481 98 ubarmhjertig.

326 2684 292 94 Dersom
664 2688 224 96 enhver
916 2686 246 85 Bonde
1214 2685 204 98 havde
1474 2687 90 91 sin
1588 2684 184 100 Jord
1802 2682 104 98 for

170 2791 86 94 fig
308 2787 116 90 selv
478 2786 262 92 afdeelr,
816 2810 78 76 og
962 2791 90 94 sin
1116 2787 250 82 Gaard
1420 2795 244 85 derpaa
1714 2788 162 96 belig-

162 2895 228 88 gende,
462 2906 124 58 var
648 2898 100 70 det
796 2910 132 72 paa
996 2897 72 70 de
1128 2891 160 92 fleste
1342 2885 260 82 Steder
1654 2908 110 74 got
1822 2910 84 72 og

160 2993 72 76 ril
276 2991 126 92 stor
450 2986 246 96 Nytte,
754 2988 276 93 saasom,
1088 2989 158 96 hvor
1290 3007 70 58 en
1388 2985 368 93 Bondebye
1794 2992 84 90 lig-

161 3109 104 74 ger
328 3089 213 88 samler
593 3098 116 70 ved
775 3112 74 54 en
916 3091 227 94 Udside
1207 3083 78 98 af
1342 3087 253 96 Byens
1660 3090 245 90 Mark,

161 3209 78 72 og
291 3187 190 96 haver
529 3190 122 88 sine
705 3192 214 96 længst
987 3191 430 94 bortliggenbe
1471 3189 430 97 Markjorder

159 3309 72 54 en
283 3287 144 96 halv
490 3288 164 84 Miil
715 3296 136 76 eller
907 3312 74 58 en
1049 3297 152 90 lang
1269 3287 148 84 Vei
1481 3291 176 77 borte
1713 3292 162 94 belig-

155 3395 224 94 gende,
433 3398 104 74 der
603 3390 120 82 kan
789 3414 76 60 en
931 3392 252 85 Bonde
1253 3411 132 78 paa
1455 3399 74 76 de
1607 3390 292 92 Steder,

875 3492 64 86 C
985 3517 52 70 4
1729 3512 170 64 naar

2471 618 396 248 il,«
