3058 4630
924 395 98 63 m

924 439 95 55 Siv«

1796 420 87 71 15

239 601 268 93 Landet,
567 600 68 80 til
673 606 144 71 dets
849 597 520 93 Understøttelse,
1415 591 244 99 faafont
1691 600 102 76 det
1823 619 66 58 er

247 703 161 78 klart
437 718 61 62 at
541 698 299 82 Levnets;
857 701 253 78 Midler
1159 722 77 72 og
1283 699 263 96 Penge,
1615 696 127 94 som
1789 719 99 60 ere

248 815 150 84 gode
430 824 78 72 og
558 805 394 104 nødvendig
998 798 460 96 vedligeholder
1504 802 112 74 alle
1662 820 78 74 og
1784 822 72 55 en-

244 905 142 92 hver
414 902 158 86 samt
602 900 320 93 befordrer
950 921 78 75 og
1056 901 422 90 understøtter
1506 909 182 69 deres
1720 898 128 88 fore-

238 1012 293 85 tagende,
570 1024 141 57 men
744 1001 243 82 Stads
1040 997 555 98 Overdaadighed
1636 1022 77 72 og
1764 1005 85 76 mi-

237 1105 196 94 stelige
467 1102 178 94 Ting
681 1107 286 74 ruinerer
995 1110 186 80 dem,
1235 1101 172 90 især,
1461 1122 172 56 naar
1677 1110 72 68 de
1791 1106 60 75 in-

233 1219 82 64 tet
341 1201 308 99 foretager
681 1205 112 96 sig,
831 1203 128 90 som
1009 1224 64 60 er
1125 1198 438 100 fordeelaztig,
1609 1200 168 88 samt

134 1399 72 102 7)
276 1399 88 86 At
392 1424 164 60 naar
590 1412 74 70 de
692 1399 234 100 Penge
962 1420 86 60 nu
1080 1400 206 94 havde
1308 1417 194 62 været
1546 1402 18 76 i
1598 1400 280 97 Europa

226 1499 130 90 som
384 1504 214 84 derfra
646 1506 70 74 til
772 1503 218 90 China
1040 1524 64 56 er
1146 1498 224 97 udført
1418 1503 18 74 i
1484 1499 110 92 saa
1646 1524 232 77 mange

221 1603 168 90 Aar,
421 1604 106 88 saa
563 1604 202 86 havde
799 1613 98 68 det
930 1605 170 93 gjort
1135 1621 188 76 noget
1369 1599 326 101 anseeligt,
1743 1604 132 94 som

225 1723 92 58 nu
353 1723 154 59 maa
547 1702 244 94 savnes.

132 1901 76 96 8)
284 1899 88 82 At
418 1906 72 72 dr
522 1899 352 98 Ostindiske
920 1921 80 75 og
1052 1897 344 98 Chmesiske
1442 1901 244 99 Vare,
1736 1904 130 88 som

224 2019 96 60 ere
362 2019 196 75 meget
602 2000 316 101 kostbare,
974 2002 176 94 snart
1190 2005 274 96 opflides
1510 2010 140 74 eller
1729 2005 107 95 son-

140 2133 6 23 ·s

119 2301 80 98 9)
273 2297 88 84 At
395 2300 202 82 baade
625 2300 266 83 Mands
923 2322 80 76 og
1031 2300 324 84 Qvindes
1381 2303 318 100 Personer
1729 2308 134 90 som

217 2419 93 60 ere
339 2397 73 89 af
453 2402 287 93 Stand,
793 2403 123 78 kan
965 2404 187 78 klæde
1205 2408 87 91 sig
1341 2410 261 91 gandske
1655 2414 203 93 ziirlig

216 2501 24 76 i
276 2499 262 83 Klædes
588 2502 256 81 Klæder
888 2509 136 74 eller
1074 2504 262 80 Klæder
1388 2505 76 92 af
1506 2520 192 66 andet
1738 2514 122 94 fint

212 2599 432 96 Indenlands
676 2603 186 94 Toy,
916 2626 80 70 og
1052 2614 72 68 de
1172 2615 232 82 andre,
1474 2607 130 88 som
1638 2632 94 56 ere
1786 2611 80 96 af

216 2705 245 86 ringere
506 2702 247 82 Stand
798 2725 79 72 og
930 2703 327 97 Formue,
1312 2707 271 86 behøver
1630 2732 71 78 ey
1746 2734 85 61 an-

217 2805 104 78 det
359 2810 112 72 end
505 2802 130 94 som
669 2811 154 88 gode
859 2804 424 98 indenlandske
1331 2805 230 86 Vare.

121 2997 117 100 ro)
281 2997 87 84 At
411 3004 115 74 alle
573 3022 77 74 og
692 3003 228 92 enhver
961 3006 229 96 bruger
1245 3005 201 84 Silke
1488 3031 80 75 og
1607 3012 211 100 Porce-

206 3103 154 90 lain,
406 3100 264 96 saasom,
698 3101 266 96 foruden
1010 3104 348 96 fornemme
1400 3107 192 98 Folk,
1650 3118 196 92 ogsaa

198 3199 302 95 Borgere
552 3224 78 74 og
678 3207 426 94 Håndværks
1146 3208 194 96 Folk,
1378 3209 467 108 Tienstepiger,

202 3299 245 97 Born,
524 3302 283 83 Bønder
867 3329 80 74 og
989 3312 182 92 hvem
1215 3318 100 71 det
1363 3333 96 64 er,
1533 3314 130 92 som
1717 3318 132 83 kan

203 3399 190 92 samle
427 3422 72 58 en
517 3402 298 99 Skilling
853 3414 214 82 dertil,
1103 3410 110 94 saa
1243 3429 72 64 at
1353 3411 244 98 saadan
1631 3418 216 101 Brug

196 3519 220 88 gaaer
443 3506 86 82 alt
571 3502 99 104 for
719 3525 198 84 meget
947 3511 17 87 i
997 3512 287 101 Svang.

1694 3626 148 95 ir.)

2556 724 39 80 ■.
2684 625 139 196 §
2864 625 61 196 i

2503 716 36 131 tyk
2656 740 269 249 Si
