<?xml version="1.0" encoding="utf-8"?>
<alto xmlns="http://www.loc.gov/standards/alto/ns-v3#" xmlns:xs="http://www.w3.org/2001/XMLSchema-instance" xmlns:xlink="http://www.w3.org/1999/xlink">
	<Description>
		<MeasurementUnit>pixel</MeasurementUnit>
		<sourceImageInformation>
			<fileName>130017168364_1_005_001_034.tif</fileName>
		</sourceImageInformation>
		<OCRProcessing ID="OCR1">
			<ocrProcessingStep>
				<processingDateTime>2018-09-04</processingDateTime>
				<processingAgency>Zissor AS</processingAgency>
				<processingStepSettings>Combined OCR</processingStepSettings>
				<processingSoftware>
					<softwareCreator>Zissor AS</softwareCreator>
					<softwareName>ContentOCR-11; ContentOCR-Tesseract</softwareName>
					<softwareVersion>2.0.2; 2.0.0</softwareVersion>
					<applicationDescription>OCR Component for Zissor Content System</applicationDescription>
				</processingSoftware>
			</ocrProcessingStep>
		</OCRProcessing>
	</Description>
	<Styles>
		<TextStyle ID="STYLE1" FONTFAMILY="Times New Roman" FONTSIZE="5.5" FONTSTYLE="bold italics"/>
		<TextStyle ID="STYLE2" FONTFAMILY="Times New Roman" FONTSIZE="4" FONTSTYLE=""/>
		<TextStyle ID="STYLE3" FONTFAMILY="Times New Roman" FONTSIZE="12" FONTSTYLE=""/>
		<TextStyle ID="STYLE4" FONTFAMILY="Times New Roman" FONTSIZE="14" FONTSTYLE=""/>
		<TextStyle ID="STYLE5" FONTFAMILY="Arial" FONTSIZE="13" FONTSTYLE=""/>
		<TextStyle ID="STYLE6" FONTFAMILY="Arial" FONTSIZE="11" FONTSTYLE=""/>
		<TextStyle ID="STYLE7" FONTFAMILY="Arial" FONTSIZE="12" FONTSTYLE=""/>
	</Styles>
	<Layout>
		<Page ID="PAGE34" HEIGHT="4644" WIDTH="2990" PHYSICAL_IMG_NR="34" PROCESSING="OCR1" PC="0.88">
			<TopMargin HEIGHT="39" WIDTH="2990" HPOS="0" VPOS="0"/>
			<LeftMargin HEIGHT="4603" WIDTH="135" HPOS="0" VPOS="39"/>
			<RightMargin HEIGHT="4603" WIDTH="-5" HPOS="2995" VPOS="39"/>
			<BottomMargin HEIGHT="0" WIDTH="2990" HPOS="0" VPOS="4644"/>
			<PrintSpace ID="PRINTSPACE1" HEIGHT="4603" WIDTH="2858" HPOS="136" VPOS="40">
				<ComposedBlock xs:type="ComposedBlockType" ID="ARTICLE105465" HEIGHT="4603" WIDTH="2858" HPOS="136" VPOS="40" xlink:type="simple">
					<Illustration xs:type="IllustrationType" ID="ZONE1103649" HEIGHT="23" WIDTH="668" HPOS="168" VPOS="40" xlink:type="simple"/>
					<Illustration xs:type="IllustrationType" ID="ZONE1103650" HEIGHT="1783" WIDTH="663" HPOS="168" VPOS="64" xlink:type="simple"/>
					<TextBlock xs:type="TextBlockType" ID="ZONE1103651" HEIGHT="58" WIDTH="442" HPOS="919" VPOS="70" xlink:type="simple">
						<TextLine ID="LINE1" HEIGHT="57" WIDTH="442" HPOS="919" VPOS="70">
							<String ID="STRING1" STYLEREFS="STYLE1" HEIGHT="57" WIDTH="96" HPOS="919" VPOS="70" CONTENT="tt&amp;f" WC="0.22" LANG="nob"/>
							<SP ID="SP1" WIDTH="95" HPOS="1015" VPOS="70"/>
							<String ID="STRING2" STYLEREFS="STYLE2" HEIGHT="4" WIDTH="3" HPOS="1110" VPOS="90" CONTENT="'" WC="0.47" LANG="nob"/>
							<SP ID="SP2" WIDTH="15" HPOS="1113" VPOS="90"/>
							<String ID="STRING3" STYLEREFS="STYLE1" HEIGHT="33" WIDTH="30" HPOS="1128" VPOS="87" CONTENT=";S." WC="0.53" LANG="nob"/>
							<SP ID="SP3" WIDTH="190" HPOS="1158" VPOS="87"/>
							<String ID="STRING4" STYLEREFS="STYLE2" HEIGHT="4" WIDTH="13" HPOS="1348" VPOS="117" CONTENT="-" WC="0.27" LANG="nob"/>
						</TextLine>
					</TextBlock>
					<TextBlock xs:type="TextBlockType" ID="ZONE1103652" HEIGHT="78" WIDTH="98" HPOS="1008" VPOS="495" xlink:type="simple">
						<TextLine ID="LINE2" HEIGHT="78" WIDTH="98" HPOS="1008" VPOS="495">
							<String ID="STRING5" STYLEREFS="STYLE3" HEIGHT="78" WIDTH="98" HPOS="1008" VPOS="495" CONTENT="34" WC="0.27" LANG="nob"/>
						</TextLine>
					</TextBlock>
					<TextBlock xs:type="TextBlockType" ID="ZONE1103653" HEIGHT="1581" WIDTH="1779" HPOS="1002" VPOS="652" xlink:type="simple">
						<TextLine ID="LINE3" HEIGHT="109" WIDTH="1766" HPOS="1012" VPOS="652">
							<String ID="STRING6" STYLEREFS="STYLE4" HEIGHT="84" WIDTH="150" HPOS="1012" VPOS="677" CONTENT="dre," WC="0.8" LANG="nob"/>
							<SP ID="SP4" WIDTH="62" HPOS="1162" VPOS="677"/>
							<String ID="STRING7" STYLEREFS="STYLE4" HEIGHT="78" WIDTH="248" HPOS="1224" VPOS="665" CONTENT="brænde" WC="0.67" LANG="dan"/>
							<SP ID="SP5" WIDTH="24" HPOS="1472" VPOS="665"/>
							<String ID="STRING8" STYLEREFS="STYLE4" HEIGHT="96" WIDTH="194" HPOS="1496" VPOS="662" CONTENT="Affe," WC="0.53" LANG="deu"/>
							<SP ID="SP6" WIDTH="60" HPOS="1690" VPOS="662"/>
							<String ID="STRING9" STYLEREFS="STYLE4" HEIGHT="76" WIDTH="164" HPOS="1750" VPOS="662" CONTENT="male" WC="0.83" LANG="dan"/>
							<SP ID="SP7" WIDTH="42" HPOS="1914" VPOS="662"/>
							<String ID="STRING10" STYLEREFS="STYLE4" HEIGHT="84" WIDTH="164" HPOS="1956" VPOS="656" CONTENT="Olie" WC="0.92" LANG="dan"/>
							<SP ID="SP8" WIDTH="52" HPOS="2120" VPOS="656"/>
							<String ID="STRING11" STYLEREFS="STYLE4" HEIGHT="76" WIDTH="82" HPOS="2172" VPOS="677" CONTENT="og" WC="0.7" LANG="dan"/>
							<SP ID="SP9" WIDTH="48" HPOS="2254" VPOS="677"/>
							<String ID="STRING12" STYLEREFS="STYLE4" HEIGHT="90" WIDTH="200" HPOS="2302" VPOS="655" CONTENT="kaage" WC="0.87" LANG="dan"/>
							<SP ID="SP10" WIDTH="30" HPOS="2502" VPOS="655"/>
							<String ID="STRING13" STYLEREFS="STYLE4" HEIGHT="90" WIDTH="246" HPOS="2532" VPOS="652" CONTENT="Sæbe," WC="0.73" LANG="dan"/>
						</TextLine>
						<TextLine ID="LINE4" HEIGHT="108" WIDTH="1770" HPOS="1008" VPOS="753">
							<String ID="STRING14" STYLEREFS="STYLE4" HEIGHT="92" WIDTH="136" HPOS="1008" VPOS="769" CONTENT="som" WC="0.66" LANG="dan"/>
							<SP ID="SP11" WIDTH="30" HPOS="1144" VPOS="769"/>
							<String ID="STRING15" STYLEREFS="STYLE4" HEIGHT="72" WIDTH="94" HPOS="1174" VPOS="771" CONTENT="alt" WC="0.81" LANG="dan"/>
							<SP ID="SP12" WIDTH="38" HPOS="1268" VPOS="771"/>
							<String ID="STRING16" STYLEREFS="STYLE4" HEIGHT="78" WIDTH="122" HPOS="1306" VPOS="763" CONTENT="kan" WC="0.95" LANG="dan"/>
							<SP ID="SP13" WIDTH="48" HPOS="1428" VPOS="763"/>
							<String ID="STRING17" STYLEREFS="STYLE4" HEIGHT="61" WIDTH="164" HPOS="1476" VPOS="781" CONTENT="være" WC="0.89" LANG="dan"/>
							<SP ID="SP14" WIDTH="48" HPOS="1640" VPOS="781"/>
							<String ID="STRING18" STYLEREFS="STYLE4" HEIGHT="78" WIDTH="128" HPOS="1688" VPOS="776" CONTENT="gok." WC="0.72" LANG="dan"/>
							<SP ID="SP15" WIDTH="130" HPOS="1816" VPOS="776"/>
							<String ID="STRING19" STYLEREFS="STYLE4" HEIGHT="82" WIDTH="274" HPOS="1946" VPOS="758" CONTENT="Skulde" WC="0.57" LANG="dan"/>
							<SP ID="SP16" WIDTH="50" HPOS="2220" VPOS="758"/>
							<String ID="STRING20" STYLEREFS="STYLE4" HEIGHT="68" WIDTH="100" HPOS="2270" VPOS="765" CONTENT="det" WC="0.55" LANG="dan"/>
							<SP ID="SP17" WIDTH="50" HPOS="2370" VPOS="765"/>
							<String ID="STRING21" STYLEREFS="STYLE4" HEIGHT="93" WIDTH="358" HPOS="2420" VPOS="753" CONTENT="formedelst" WC="0.66" LANG="dan"/>
						</TextLine>
						<TextLine ID="LINE5" HEIGHT="102" WIDTH="1767" HPOS="1010" VPOS="855">
							<String ID="STRING22" STYLEREFS="STYLE4" HEIGHT="60" WIDTH="75" HPOS="1010" VPOS="885" CONTENT="at" WC="0.62" LANG="dan"/>
							<SP ID="SP18" WIDTH="49" HPOS="1085" VPOS="885"/>
							<String ID="STRING23" STYLEREFS="STYLE4" HEIGHT="92" WIDTH="233" HPOS="1134" VPOS="865" CONTENT="Norge" WC="0.79" LANG="dan"/>
							<SP ID="SP19" WIDTH="51" HPOS="1367" VPOS="865"/>
							<String ID="STRING24" STYLEREFS="STYLE4" HEIGHT="92" WIDTH="123" HPOS="1418" VPOS="861" CONTENT="har" WC="0.68" LANG="dan"/>
							<SP ID="SP20" WIDTH="53" HPOS="1541" VPOS="861"/>
							<String ID="STRING25" STYLEREFS="STYLE4" HEIGHT="58" WIDTH="73" HPOS="1594" VPOS="882" CONTENT="en" WC="1" LANG="dan"/>
							<SP ID="SP21" WIDTH="57" HPOS="1667" VPOS="882"/>
							<String ID="STRING26" STYLEREFS="STYLE4" HEIGHT="96" WIDTH="243" HPOS="1724" VPOS="858" CONTENT="Slags" WC="0.84" LANG="dan"/>
							<SP ID="SP22" WIDTH="65" HPOS="1967" VPOS="858"/>
							<String ID="STRING27" STYLEREFS="STYLE4" HEIGHT="91" WIDTH="287" HPOS="2032" VPOS="858" CONTENT="Mangel" WC="0.88" LANG="dan"/>
							<SP ID="SP23" WIDTH="51" HPOS="2319" VPOS="858"/>
							<String ID="STRING28" STYLEREFS="STYLE4" HEIGHT="74" WIDTH="134" HPOS="2370" VPOS="873" CONTENT="paa" WC="0.89" LANG="dan"/>
							<SP ID="SP24" WIDTH="50" HPOS="2504" VPOS="873"/>
							<String ID="STRING29" STYLEREFS="STYLE4" HEIGHT="89" WIDTH="223" HPOS="2554" VPOS="855" CONTENT="Korn," WC="0.67" LANG="dan"/>
						</TextLine>
						<TextLine ID="LINE6" HEIGHT="108" WIDTH="1738" HPOS="1009" VPOS="953">
							<String ID="STRING30" STYLEREFS="STYLE4" HEIGHT="100" WIDTH="172" HPOS="1009" VPOS="961" CONTENT="falde" WC="0.72" LANG="dan"/>
							<SP ID="SP25" WIDTH="52" HPOS="1181" VPOS="961"/>
							<String ID="STRING31" STYLEREFS="STYLE4" HEIGHT="94" WIDTH="102" HPOS="1233" VPOS="959" CONTENT="for" WC="0.54" LANG="dan"/>
							<SP ID="SP26" WIDTH="54" HPOS="1335" VPOS="959"/>
							<String ID="STRING32" STYLEREFS="STYLE4" HEIGHT="96" WIDTH="290" HPOS="1389" VPOS="960" CONTENT="kostbar," WC="0.67" LANG="dan"/>
							<SP ID="SP27" WIDTH="52" HPOS="1679" VPOS="960"/>
							<String ID="STRING33" STYLEREFS="STYLE4" HEIGHT="72" WIDTH="110" HPOS="1731" VPOS="966" CONTENT="der" WC="0.69" LANG="dan"/>
							<SP ID="SP28" WIDTH="38" HPOS="1841" VPOS="966"/>
							<String ID="STRING34" STYLEREFS="STYLE4" HEIGHT="62" WIDTH="72" HPOS="1879" VPOS="974" CONTENT="at" WC="0.67" LANG="dan"/>
							<SP ID="SP29" WIDTH="42" HPOS="1951" VPOS="974"/>
							<String ID="STRING35" STYLEREFS="STYLE4" HEIGHT="94" WIDTH="426" HPOS="1993" VPOS="959" CONTENT="vedligeholde" WC="0.7" LANG="dan"/>
							<SP ID="SP30" WIDTH="36" HPOS="2419" VPOS="959"/>
							<String ID="STRING36" STYLEREFS="STYLE4" HEIGHT="84" WIDTH="292" HPOS="2455" VPOS="953" CONTENT="Værker" SUBS_TYPE="HypPart1" SUBS_CONTENT="Værkerne," WC="0.8" LANG="dan"/>
							<HYP CONTENT="-"/>
						</TextLine>
						<TextLine ID="LINE7" HEIGHT="102" WIDTH="1742" HPOS="1009" VPOS="1053">
							<String ID="STRING37" STYLEREFS="STYLE4" HEIGHT="68" WIDTH="110" HPOS="1009" VPOS="1087" CONTENT="ne," SUBS_TYPE="HypPart2" SUBS_CONTENT="Værkerne," WC="0.84" LANG="dan"/>
							<SP ID="SP31" WIDTH="58" HPOS="1119" VPOS="1087"/>
							<String ID="STRING38" STYLEREFS="STYLE4" HEIGHT="88" WIDTH="130" HPOS="1177" VPOS="1065" CONTENT="som" WC="0.4" LANG="dan"/>
							<SP ID="SP32" WIDTH="52" HPOS="1307" VPOS="1065"/>
							<String ID="STRING39" STYLEREFS="STYLE4" HEIGHT="94" WIDTH="96" HPOS="1359" VPOS="1061" CONTENT="jeg" WC="0.74" LANG="dan"/>
							<SP ID="SP33" WIDTH="52" HPOS="1455" VPOS="1061"/>
							<String ID="STRING40" STYLEREFS="STYLE4" HEIGHT="80" WIDTH="124" HPOS="1507" VPOS="1058" CONTENT="ikke" WC="0.84" LANG="dan"/>
							<SP ID="SP34" WIDTH="52" HPOS="1631" VPOS="1058"/>
							<String ID="STRING41" STYLEREFS="STYLE4" HEIGHT="74" WIDTH="210" HPOS="1683" VPOS="1074" CONTENT="troer," WC="0.76" LANG="nob"/>
							<SP ID="SP35" WIDTH="64" HPOS="1893" VPOS="1074"/>
							<String ID="STRING42" STYLEREFS="STYLE4" HEIGHT="92" WIDTH="174" HPOS="1957" VPOS="1058" CONTENT="især," WC="0.67" LANG="dan"/>
							<SP ID="SP36" WIDTH="54" HPOS="2131" VPOS="1058"/>
							<String ID="STRING43" STYLEREFS="STYLE4" HEIGHT="68" WIDTH="88" HPOS="2185" VPOS="1065" CONTENT="da" WC="0.62" LANG="dan"/>
							<SP ID="SP37" WIDTH="48" HPOS="2273" VPOS="1065"/>
							<String ID="STRING44" STYLEREFS="STYLE4" HEIGHT="70" WIDTH="74" HPOS="2321" VPOS="1063" CONTENT="de" WC="0.65" LANG="dan"/>
							<SP ID="SP38" WIDTH="54" HPOS="2395" VPOS="1063"/>
							<String ID="STRING45" STYLEREFS="STYLE4" HEIGHT="76" WIDTH="66" HPOS="2449" VPOS="1057" CONTENT="til" WC="0.62" LANG="dan"/>
							<SP ID="SP39" WIDTH="54" HPOS="2515" VPOS="1057"/>
							<String ID="STRING46" STYLEREFS="STYLE4" HEIGHT="90" WIDTH="182" HPOS="2569" VPOS="1053" CONTENT="forar" SUBS_TYPE="HypPart1" SUBS_CONTENT="forarbeidelse" WC="0.88" LANG="nob"/>
							<HYP CONTENT="-"/>
						</TextLine>
						<TextLine ID="LINE8" HEIGHT="105" WIDTH="1774" HPOS="1005" VPOS="1152">
							<String ID="STRING47" STYLEREFS="STYLE4" HEIGHT="90" WIDTH="262" HPOS="1005" VPOS="1159" CONTENT="beidelse" SUBS_TYPE="HypPart2" SUBS_CONTENT="forarbeidelse" WC="0.82" LANG="nob"/>
							<SP ID="SP40" WIDTH="56" HPOS="1267" VPOS="1159"/>
							<String ID="STRING48" STYLEREFS="STYLE4" HEIGHT="96" WIDTH="360" HPOS="1323" VPOS="1161" CONTENT="behøvende" WC="0.79" LANG="dan"/>
							<SP ID="SP41" WIDTH="46" HPOS="1683" VPOS="1161"/>
							<String ID="STRING49" STYLEREFS="STYLE4" HEIGHT="94" WIDTH="248" HPOS="1729" VPOS="1156" CONTENT="Vare," WC="0.77" LANG="dan"/>
							<SP ID="SP42" WIDTH="58" HPOS="1977" VPOS="1156"/>
							<String ID="STRING50" STYLEREFS="STYLE4" HEIGHT="69" WIDTH="108" HPOS="2035" VPOS="1166" CONTENT="der" WC="0.56" LANG="dan"/>
							<SP ID="SP43" WIDTH="44" HPOS="2143" VPOS="1166"/>
							<String ID="STRING51" STYLEREFS="STYLE4" HEIGHT="88" WIDTH="422" HPOS="2187" VPOS="1161" CONTENT="produceres," WC="0.79" LANG="dan"/>
							<SP ID="SP44" WIDTH="56" HPOS="2609" VPOS="1161"/>
							<String ID="STRING52" STYLEREFS="STYLE4" HEIGHT="86" WIDTH="114" HPOS="2665" VPOS="1152" CONTENT="saa" WC="1" LANG="dan"/>
						</TextLine>
						<TextLine ID="LINE9" HEIGHT="99" WIDTH="1740" HPOS="1007" VPOS="1252">
							<String ID="STRING53" STYLEREFS="STYLE4" HEIGHT="78" WIDTH="128" HPOS="1007" VPOS="1261" CONTENT="kan" WC="0.82" LANG="dan"/>
							<SP ID="SP45" WIDTH="50" HPOS="1135" VPOS="1261"/>
							<String ID="STRING54" STYLEREFS="STYLE4" HEIGHT="90" WIDTH="64" HPOS="1185" VPOS="1261" CONTENT="jo" WC="0.35" LANG="dan"/>
							<SP ID="SP46" WIDTH="50" HPOS="1249" VPOS="1261"/>
							<String ID="STRING55" STYLEREFS="STYLE4" HEIGHT="72" WIDTH="72" HPOS="1299" VPOS="1267" CONTENT="de" WC="0.63" LANG="dan"/>
							<SP ID="SP47" WIDTH="54" HPOS="1371" VPOS="1267"/>
							<String ID="STRING56" STYLEREFS="STYLE4" HEIGHT="90" WIDTH="172" HPOS="1425" VPOS="1261" CONTENT="sidste" WC="0.49" LANG="dan"/>
							<SP ID="SP48" WIDTH="52" HPOS="1597" VPOS="1261"/>
							<String ID="STRING57" STYLEREFS="STYLE4" HEIGHT="82" WIDTH="208" HPOS="1649" VPOS="1256" CONTENT="Vare" WC="0.89" LANG="dan"/>
							<SP ID="SP49" WIDTH="52" HPOS="1857" VPOS="1256"/>
							<String ID="STRING58" STYLEREFS="STYLE4" HEIGHT="71" WIDTH="142" HPOS="1909" VPOS="1262" CONTENT="med" WC="0.77" LANG="dan"/>
							<SP ID="SP50" WIDTH="56" HPOS="2051" VPOS="1262"/>
							<String ID="STRING59" STYLEREFS="STYLE4" HEIGHT="92" WIDTH="118" HPOS="2107" VPOS="1257" CONTENT="lige" WC="0.89" LANG="dan"/>
							<SP ID="SP51" WIDTH="52" HPOS="2225" VPOS="1257"/>
							<String ID="STRING60" STYLEREFS="STYLE4" HEIGHT="92" WIDTH="112" HPOS="2277" VPOS="1253" CONTENT="saa" WC="1" LANG="dan"/>
							<SP ID="SP52" WIDTH="52" HPOS="2389" VPOS="1253"/>
							<String ID="STRING61" STYLEREFS="STYLE4" HEIGHT="76" WIDTH="162" HPOS="2441" VPOS="1257" CONTENT="liden" WC="0.82" LANG="dan"/>
							<SP ID="SP53" WIDTH="24" HPOS="2603" VPOS="1257"/>
							<String ID="STRING62" STYLEREFS="STYLE4" HEIGHT="84" WIDTH="120" HPOS="2627" VPOS="1252" CONTENT="Be" SUBS_TYPE="HypPart1" SUBS_CONTENT="Bekostning" WC="0.75" LANG="dan"/>
							<HYP CONTENT="-"/>
						</TextLine>
						<TextLine ID="LINE10" HEIGHT="103" WIDTH="1766" HPOS="1007" VPOS="1352">
							<String ID="STRING63" STYLEREFS="STYLE4" HEIGHT="94" WIDTH="290" HPOS="1007" VPOS="1361" CONTENT="kostning" SUBS_TYPE="HypPart2" SUBS_CONTENT="Bekostning" WC="0.7" LANG="dan"/>
							<SP ID="SP54" WIDTH="52" HPOS="1297" VPOS="1361"/>
							<String ID="STRING64" STYLEREFS="STYLE4" HEIGHT="95" WIDTH="296" HPOS="1349" VPOS="1355" CONTENT="indføres" WC="0.77" LANG="dan"/>
							<SP ID="SP55" WIDTH="60" HPOS="1645" VPOS="1355"/>
							<String ID="STRING65" STYLEREFS="STYLE4" HEIGHT="92" WIDTH="104" HPOS="1705" VPOS="1354" CONTENT="fra" WC="0.68" LANG="dan"/>
							<SP ID="SP56" WIDTH="58" HPOS="1809" VPOS="1354"/>
							<String ID="STRING66" STYLEREFS="STYLE4" HEIGHT="95" WIDTH="236" HPOS="1867" VPOS="1354" CONTENT="Norge" WC="0.71" LANG="dan"/>
							<SP ID="SP57" WIDTH="54" HPOS="2103" VPOS="1354"/>
							<String ID="STRING67" STYLEREFS="STYLE4" HEIGHT="78" WIDTH="74" HPOS="2157" VPOS="1355" CONTENT="til" WC="1" LANG="dan"/>
							<SP ID="SP58" WIDTH="58" HPOS="2231" VPOS="1355"/>
							<String ID="STRING68" STYLEREFS="STYLE4" HEIGHT="94" WIDTH="484" HPOS="2289" VPOS="1352" CONTENT="Dannemark," WC="0.68" LANG="dan"/>
						</TextLine>
						<TextLine ID="LINE11" HEIGHT="101" WIDTH="1761" HPOS="1009" VPOS="1450">
							<String ID="STRING69" STYLEREFS="STYLE4" HEIGHT="70" WIDTH="87" HPOS="1009" VPOS="1481" CONTENT="og" WC="0.38" LANG="dan"/>
							<SP ID="SP59" WIDTH="51" HPOS="1096" VPOS="1481"/>
							<String ID="STRING70" STYLEREFS="STYLE4" HEIGHT="72" WIDTH="107" HPOS="1147" VPOS="1465" CONTENT="der" WC="0.71" LANG="dan"/>
							<SP ID="SP60" WIDTH="51" HPOS="1254" VPOS="1465"/>
							<String ID="STRING71" STYLEREFS="STYLE4" HEIGHT="94" WIDTH="433" HPOS="1305" VPOS="1455" CONTENT="forarbejdes," WC="0.7" LANG="dan"/>
							<SP ID="SP61" WIDTH="47" HPOS="1738" VPOS="1455"/>
							<String ID="STRING72" STYLEREFS="STYLE4" HEIGHT="96" WIDTH="135" HPOS="1785" VPOS="1450" CONTENT="som" WC="0.81" LANG="dan"/>
							<SP ID="SP62" WIDTH="45" HPOS="1920" VPOS="1450"/>
							<String ID="STRING73" STYLEREFS="STYLE4" HEIGHT="68" WIDTH="75" HPOS="1965" VPOS="1464" CONTENT="de" WC="0.63" LANG="dan"/>
							<SP ID="SP63" WIDTH="53" HPOS="2040" VPOS="1464"/>
							<String ID="STRING74" STYLEREFS="STYLE4" HEIGHT="82" WIDTH="121" HPOS="2093" VPOS="1453" CONTENT="kan" WC="0.77" LANG="dan"/>
							<SP ID="SP64" WIDTH="41" HPOS="2214" VPOS="1453"/>
							<String ID="STRING75" STYLEREFS="STYLE4" HEIGHT="92" WIDTH="179" HPOS="2255" VPOS="1451" CONTENT="fores" WC="0.8" LANG="dan"/>
							<SP ID="SP65" WIDTH="27" HPOS="2434" VPOS="1451"/>
							<String ID="STRING76" STYLEREFS="STYLE4" HEIGHT="76" WIDTH="73" HPOS="2461" VPOS="1457" CONTENT="til" WC="0.77" LANG="dan"/>
							<SP ID="SP66" WIDTH="33" HPOS="2534" VPOS="1457"/>
							<String ID="STRING77" STYLEREFS="STYLE4" HEIGHT="70" WIDTH="203" HPOS="2567" VPOS="1460" CONTENT="andre" WC="0.72" LANG="dan"/>
						</TextLine>
						<TextLine ID="LINE12" HEIGHT="97" WIDTH="1745" HPOS="1008" VPOS="1553">
							<String ID="STRING78" STYLEREFS="STYLE4" HEIGHT="84" WIDTH="296" HPOS="1008" VPOS="1559" CONTENT="Steder;" WC="0.51" LANG="dan"/>
							<SP ID="SP67" WIDTH="56" HPOS="1304" VPOS="1559"/>
							<String ID="STRING79" STYLEREFS="STYLE4" HEIGHT="72" WIDTH="186" HPOS="1360" VPOS="1563" CONTENT="veler" WC="0.75" LANG="dan"/>
							<SP ID="SP68" WIDTH="46" HPOS="1546" VPOS="1563"/>
							<String ID="STRING80" STYLEREFS="STYLE4" HEIGHT="72" WIDTH="104" HPOS="1592" VPOS="1562" CONTENT="det" WC="0.53" LANG="dan"/>
							<SP ID="SP69" WIDTH="50" HPOS="1696" VPOS="1562"/>
							<String ID="STRING81" STYLEREFS="STYLE4" HEIGHT="92" WIDTH="172" HPOS="1746" VPOS="1554" CONTENT="sant," WC="0.91" LANG="dan"/>
							<SP ID="SP70" WIDTH="54" HPOS="1918" VPOS="1554"/>
							<String ID="STRING82" STYLEREFS="STYLE4" HEIGHT="62" WIDTH="72" HPOS="1972" VPOS="1570" CONTENT="at" WC="0.8" LANG="dan"/>
							<SP ID="SP71" WIDTH="24" HPOS="2044" VPOS="1570"/>
							<String ID="STRING83" STYLEREFS="STYLE4" HEIGHT="84" WIDTH="450" HPOS="2068" VPOS="1553" CONTENT="Dannemark" WC="0.81" LANG="dan"/>
							<SP ID="SP72" WIDTH="31" HPOS="2518" VPOS="1553"/>
							<String ID="STRING84" STYLEREFS="STYLE5" HEIGHT="83" WIDTH="204" HPOS="2549" VPOS="1567" CONTENT="mang" SUBS_TYPE="HypPart1" SUBS_CONTENT="mangler" WC="0.88" LANG="dan"/>
							<HYP CONTENT="-"/>
						</TextLine>
						<TextLine ID="LINE13" HEIGHT="99" WIDTH="1772" HPOS="1006" VPOS="1648">
							<String ID="STRING85" STYLEREFS="STYLE6" HEIGHT="72" WIDTH="93" HPOS="1006" VPOS="1663" CONTENT="ler" SUBS_TYPE="HypPart2" SUBS_CONTENT="mangler" WC="0.86" LANG="dan"/>
							<SP ID="SP73" WIDTH="-91" HPOS="1099" VPOS="1663"/>
							<String ID="STRING86" STYLEREFS="STYLE4" HEIGHT="72" WIDTH="92" HPOS="1008" VPOS="1663" CONTENT="ler" WC="0.99" LANG="dan"/>
							<SP ID="SP74" WIDTH="68" HPOS="1100" VPOS="1663"/>
							<String ID="STRING87" STYLEREFS="STYLE4" HEIGHT="92" WIDTH="228" HPOS="1168" VPOS="1655" CONTENT="Kuul," WC="0.71" LANG="dan"/>
							<SP ID="SP75" WIDTH="84" HPOS="1396" VPOS="1655"/>
							<String ID="STRING88" STYLEREFS="STYLE4" HEIGHT="87" WIDTH="130" HPOS="1480" VPOS="1655" CONTENT="som" WC="0.82" LANG="dan"/>
							<SP ID="SP76" WIDTH="70" HPOS="1610" VPOS="1655"/>
							<String ID="STRING89" STYLEREFS="STYLE6" HEIGHT="93" WIDTH="219" HPOS="1680" VPOS="1651" CONTENT="altsaa" WC="0.91" LANG="dan"/>
							<SP ID="SP77" WIDTH="53" HPOS="1899" VPOS="1651"/>
							<String ID="STRING90" STYLEREFS="STYLE4" HEIGHT="60" WIDTH="248" HPOS="1952" VPOS="1671" CONTENT="maakte" WC="0.7" LANG="dan"/>
							<SP ID="SP78" WIDTH="76" HPOS="2200" VPOS="1671"/>
							<String ID="STRING91" STYLEREFS="STYLE4" HEIGHT="94" WIDTH="328" HPOS="2276" VPOS="1651" CONTENT="forssastes" WC="0.82" LANG="dan"/>
							<SP ID="SP79" WIDTH="62" HPOS="2604" VPOS="1651"/>
							<String ID="STRING92" STYLEREFS="STYLE4" HEIGHT="90" WIDTH="112" HPOS="2666" VPOS="1648" CONTENT="fra" WC="0.58" LANG="dan"/>
						</TextLine>
						<TextLine ID="LINE14" HEIGHT="98" WIDTH="1768" HPOS="1008" VPOS="1750">
							<String ID="STRING93" STYLEREFS="STYLE4" HEIGHT="94" WIDTH="344" HPOS="1008" VPOS="1753" CONTENT="fremmeve" WC="0.75" LANG="dan"/>
							<SP ID="SP80" WIDTH="52" HPOS="1352" VPOS="1753"/>
							<String ID="STRING94" STYLEREFS="STYLE4" HEIGHT="93" WIDTH="300" HPOS="1404" VPOS="1755" CONTENT="Sreder;" WC="0.65" LANG="dan"/>
							<SP ID="SP81" WIDTH="84" HPOS="1704" VPOS="1755"/>
							<String ID="STRING95" STYLEREFS="STYLE4" HEIGHT="58" WIDTH="144" HPOS="1788" VPOS="1772" CONTENT="men" WC="0.92" LANG="dan"/>
							<SP ID="SP82" WIDTH="54" HPOS="1932" VPOS="1772"/>
							<String ID="STRING96" STYLEREFS="STYLE4" HEIGHT="92" WIDTH="130" HPOS="1986" VPOS="1750" CONTENT="som" WC="0.79" LANG="dan"/>
							<SP ID="SP83" WIDTH="50" HPOS="2116" VPOS="1750"/>
							<String ID="STRING97" STYLEREFS="STYLE4" HEIGHT="72" WIDTH="120" HPOS="2166" VPOS="1759" CONTENT="ved" WC="0.77" LANG="dan"/>
							<SP ID="SP84" WIDTH="58" HPOS="2286" VPOS="1759"/>
							<String ID="STRING98" STYLEREFS="STYLE4" HEIGHT="58" WIDTH="74" HPOS="2344" VPOS="1771" CONTENT="en" WC="1" LANG="dan"/>
							<SP ID="SP85" WIDTH="48" HPOS="2418" VPOS="1771"/>
							<String ID="STRING99" STYLEREFS="STYLE4" HEIGHT="91" WIDTH="310" HPOS="2466" VPOS="1751" CONTENT="Skieppe" WC="0.66" LANG="dan"/>
						</TextLine>
						<TextLine ID="LINE15" HEIGHT="99" WIDTH="1770" HPOS="1006" VPOS="1846">
							<String ID="STRING100" STYLEREFS="STYLE4" HEIGHT="82" WIDTH="336" HPOS="1006" VPOS="1851" CONTENT="Steenkul" WC="0.75" LANG="dan"/>
							<SP ID="SP86" WIDTH="52" HPOS="1342" VPOS="1851"/>
							<String ID="STRING101" STYLEREFS="STYLE4" HEIGHT="76" WIDTH="124" HPOS="1394" VPOS="1855" CONTENT="kan" WC="0.85" LANG="dan"/>
							<SP ID="SP87" WIDTH="54" HPOS="1518" VPOS="1855"/>
							<String ID="STRING102" STYLEREFS="STYLE4" HEIGHT="80" WIDTH="202" HPOS="1572" VPOS="1864" CONTENT="meget" WC="0.77" LANG="dan"/>
							<SP ID="SP88" WIDTH="44" HPOS="1774" VPOS="1864"/>
							<String ID="STRING103" STYLEREFS="STYLE4" HEIGHT="97" WIDTH="336" HPOS="1818" VPOS="1848" CONTENT="forrettes," WC="0.81" LANG="dan"/>
							<SP ID="SP89" WIDTH="56" HPOS="2154" VPOS="1848"/>
							<String ID="STRING104" STYLEREFS="STYLE4" HEIGHT="92" WIDTH="112" HPOS="2210" VPOS="1851" CONTENT="saa" WC="1" LANG="dan"/>
							<SP ID="SP90" WIDTH="54" HPOS="2322" VPOS="1851"/>
							<String ID="STRING105" STYLEREFS="STYLE4" HEIGHT="78" WIDTH="94" HPOS="2376" VPOS="1851" CONTENT="vil" WC="0.87" LANG="dan"/>
							<SP ID="SP91" WIDTH="57" HPOS="2470" VPOS="1851"/>
							<String ID="STRING106" STYLEREFS="STYLE7" HEIGHT="92" WIDTH="249" HPOS="2527" VPOS="1846" CONTENT="saadan" WC="0.89" LANG="dan"/>
						</TextLine>
						<TextLine ID="LINE16" HEIGHT="97" WIDTH="1770" HPOS="1006" VPOS="1948">
							<String ID="STRING107" STYLEREFS="STYLE4" HEIGHT="92" WIDTH="290" HPOS="1006" VPOS="1953" CONTENT="Mangel" WC="0.81" LANG="dan"/>
							<SP ID="SP92" WIDTH="50" HPOS="1296" VPOS="1953"/>
							<String ID="STRING108" STYLEREFS="STYLE4" HEIGHT="74" WIDTH="134" HPOS="1346" VPOS="1971" CONTENT="paa" WC="0.96" LANG="dan"/>
							<SP ID="SP93" WIDTH="62" HPOS="1480" VPOS="1971"/>
							<String ID="STRING109" STYLEREFS="STYLE4" HEIGHT="82" WIDTH="190" HPOS="1542" VPOS="1950" CONTENT="Kuul" WC="0.73" LANG="dan"/>
							<SP ID="SP94" WIDTH="54" HPOS="1732" VPOS="1950"/>
							<String ID="STRING110" STYLEREFS="STYLE4" HEIGHT="80" WIDTH="126" HPOS="1786" VPOS="1948" CONTENT="ikke" WC="0.8" LANG="dan"/>
							<SP ID="SP95" WIDTH="62" HPOS="1912" VPOS="1948"/>
							<String ID="STRING111" STYLEREFS="STYLE4" HEIGHT="92" WIDTH="176" HPOS="1974" VPOS="1952" CONTENT="giore" WC="0.68" LANG="dan"/>
							<SP ID="SP96" WIDTH="54" HPOS="2150" VPOS="1952"/>
							<String ID="STRING112" STYLEREFS="STYLE4" HEIGHT="74" WIDTH="208" HPOS="2204" VPOS="1971" CONTENT="nogen" WC="0.83" LANG="dan"/>
							<SP ID="SP97" WIDTH="50" HPOS="2412" VPOS="1971"/>
							<String ID="STRING113" STYLEREFS="STYLE4" HEIGHT="92" WIDTH="314" HPOS="2462" VPOS="1948" CONTENT="synderlig" WC="0.8" LANG="dan"/>
						</TextLine>
						<TextLine ID="LINE17" HEIGHT="97" WIDTH="1766" HPOS="1005" VPOS="2048">
							<String ID="STRING114" STYLEREFS="STYLE4" HEIGHT="92" WIDTH="384" HPOS="1005" VPOS="2053" CONTENT="Hindring," WC="0.79" LANG="dan"/>
							<SP ID="SP98" WIDTH="56" HPOS="1389" VPOS="2053"/>
							<String ID="STRING115" STYLEREFS="STYLE7" HEIGHT="92" WIDTH="110" HPOS="1445" VPOS="2048" CONTENT="faa" WC="0.87" LANG="dan"/>
							<SP ID="SP99" WIDTH="54" HPOS="1555" VPOS="2048"/>
							<String ID="STRING116" STYLEREFS="STYLE4" HEIGHT="88" WIDTH="192" HPOS="1609" VPOS="2056" CONTENT="længe" WC="1" LANG="dan"/>
							<SP ID="SP100" WIDTH="52" HPOS="1801" VPOS="2056"/>
							<String ID="STRING117" STYLEREFS="STYLE4" HEIGHT="70" WIDTH="76" HPOS="1853" VPOS="2060" CONTENT="de" WC="0.62" LANG="dan"/>
							<SP ID="SP101" WIDTH="52" HPOS="1929" VPOS="2060"/>
							<String ID="STRING118" STYLEREFS="STYLE4" HEIGHT="62" WIDTH="98" HPOS="1981" VPOS="2070" CONTENT="ere" WC="0.84" LANG="dan"/>
							<SP ID="SP102" WIDTH="52" HPOS="2079" VPOS="2070"/>
							<String ID="STRING119" STYLEREFS="STYLE4" HEIGHT="66" WIDTH="72" HPOS="2131" VPOS="2065" CONTENT="at" WC="0.66" LANG="dan"/>
							<SP ID="SP103" WIDTH="56" HPOS="2203" VPOS="2065"/>
							<String ID="STRING120" STYLEREFS="STYLE4" HEIGHT="80" WIDTH="322" HPOS="2259" VPOS="2049" CONTENT="bekomme" WC="0.81" LANG="dan"/>
							<SP ID="SP104" WIDTH="50" HPOS="2581" VPOS="2049"/>
							<String ID="STRING121" STYLEREFS="STYLE4" HEIGHT="74" WIDTH="140" HPOS="2631" VPOS="2068" CONTENT="paa" WC="1" LANG="dan"/>
						</TextLine>
						<TextLine ID="LINE18" HEIGHT="84" WIDTH="542" HPOS="1007" VPOS="2149">
							<String ID="STRING122" STYLEREFS="STYLE4" HEIGHT="74" WIDTH="204" HPOS="1007" VPOS="2157" CONTENT="andre" WC="0.74" LANG="dan"/>
							<SP ID="SP105" WIDTH="52" HPOS="1211" VPOS="2157"/>
							<String ID="STRING123" STYLEREFS="STYLE4" HEIGHT="84" WIDTH="286" HPOS="1263" VPOS="2149" CONTENT="Steder." WC="0.6" LANG="dan"/>
						</TextLine>
					</TextBlock>
					<Illustration xs:type="IllustrationType" ID="ZONE1103654" HEIGHT="2209" WIDTH="442" HPOS="136" VPOS="2270" xlink:type="simple"/>
					<TextBlock xs:type="TextBlockType" ID="ZONE1103655" HEIGHT="1301" WIDTH="1782" HPOS="999" VPOS="2342" xlink:type="simple">
						<TextLine ID="LINE19" HEIGHT="101" WIDTH="1606" HPOS="1171" VPOS="2342">
							<String ID="STRING124" STYLEREFS="STYLE4" HEIGHT="84" WIDTH="142" HPOS="1171" VPOS="2345" CONTENT="Alle" WC="0.82" LANG="dan"/>
							<SP ID="SP106" WIDTH="54" HPOS="1313" VPOS="2345"/>
							<String ID="STRING125" STYLEREFS="STYLE4" HEIGHT="97" WIDTH="542" HPOS="1367" VPOS="2345" CONTENT="Nærings-Veie" WC="0.78" LANG="dan"/>
							<SP ID="SP107" WIDTH="52" HPOS="1909" VPOS="2345"/>
							<String ID="STRING126" STYLEREFS="STYLE4" HEIGHT="58" WIDTH="98" HPOS="1961" VPOS="2370" CONTENT="ere" WC="0.86" LANG="dan"/>
							<SP ID="SP108" WIDTH="52" HPOS="2059" VPOS="2370"/>
							<String ID="STRING127" STYLEREFS="STYLE4" HEIGHT="90" WIDTH="198" HPOS="2111" VPOS="2353" CONTENT="gode," WC="0.64" LANG="dan"/>
							<SP ID="SP109" WIDTH="56" HPOS="2309" VPOS="2353"/>
							<String ID="STRING128" STYLEREFS="STYLE4" HEIGHT="60" WIDTH="170" HPOS="2365" VPOS="2365" CONTENT="naar" WC="0.9" LANG="dan"/>
							<SP ID="SP110" WIDTH="54" HPOS="2535" VPOS="2365"/>
							<String ID="STRING129" STYLEREFS="STYLE4" HEIGHT="82" WIDTH="188" HPOS="2589" VPOS="2342" CONTENT="ikkun" WC="0.89" LANG="dan"/>
						</TextLine>
						<TextLine ID="LINE20" HEIGHT="99" WIDTH="1774" HPOS="1005" VPOS="2444">
							<String ID="STRING130" STYLEREFS="STYLE4" HEIGHT="98" WIDTH="312" HPOS="1005" VPOS="2445" CONTENT="Anlegget" WC="0.76" LANG="nob"/>
							<SP ID="SP111" WIDTH="60" HPOS="1317" VPOS="2445"/>
							<String ID="STRING131" STYLEREFS="STYLE4" HEIGHT="56" WIDTH="64" HPOS="1377" VPOS="2469" CONTENT="er" WC="0.77" LANG="dan"/>
							<SP ID="SP112" WIDTH="52" HPOS="1441" VPOS="2469"/>
							<String ID="STRING132" STYLEREFS="STYLE4" HEIGHT="92" WIDTH="234" HPOS="1493" VPOS="2450" CONTENT="rigtig," WC="0.63" LANG="dan"/>
							<SP ID="SP113" WIDTH="72" HPOS="1727" VPOS="2450"/>
							<String ID="STRING133" STYLEREFS="STYLE4" HEIGHT="74" WIDTH="80" HPOS="1799" VPOS="2466" CONTENT="og" WC="0.94" LANG="dan"/>
							<SP ID="SP114" WIDTH="54" HPOS="1879" VPOS="2466"/>
							<String ID="STRING134" STYLEREFS="STYLE4" HEIGHT="59" WIDTH="172" HPOS="1933" VPOS="2469" CONTENT="naar" WC="0.85" LANG="dan"/>
							<SP ID="SP115" WIDTH="52" HPOS="2105" VPOS="2469"/>
							<String ID="STRING135" STYLEREFS="STYLE4" HEIGHT="94" WIDTH="336" HPOS="2157" VPOS="2447" CONTENT="Anlægget" WC="0.75" LANG="dan"/>
							<SP ID="SP116" WIDTH="52" HPOS="2493" VPOS="2447"/>
							<String ID="STRING136" STYLEREFS="STYLE4" HEIGHT="76" WIDTH="52" HPOS="2545" VPOS="2447" CONTENT="ei" WC="0.86" LANG="dan"/>
							<SP ID="SP117" WIDTH="54" HPOS="2597" VPOS="2447"/>
							<String ID="STRING137" STYLEREFS="STYLE4" HEIGHT="78" WIDTH="128" HPOS="2651" VPOS="2444" CONTENT="kan" WC="1" LANG="dan"/>
						</TextLine>
						<TextLine ID="LINE21" HEIGHT="97" WIDTH="1769" HPOS="1005" VPOS="2545">
							<String ID="STRING138" STYLEREFS="STYLE7" HEIGHT="90" WIDTH="220" HPOS="1005" VPOS="2549" CONTENT="gjøres" WC="0.82" LANG="dan"/>
							<SP ID="SP118" WIDTH="68" HPOS="1225" VPOS="2549"/>
							<String ID="STRING139" STYLEREFS="STYLE4" HEIGHT="94" WIDTH="199" HPOS="1293" VPOS="2547" CONTENT="rigtig" WC="0.63" LANG="dan"/>
							<SP ID="SP119" WIDTH="51" HPOS="1492" VPOS="2547"/>
							<String ID="STRING140" STYLEREFS="STYLE4" HEIGHT="72" WIDTH="141" HPOS="1543" VPOS="2552" CONTENT="eller" WC="0.98" LANG="dan"/>
							<SP ID="SP120" WIDTH="67" HPOS="1684" VPOS="2552"/>
							<String ID="STRING141" STYLEREFS="STYLE4" HEIGHT="74" WIDTH="75" HPOS="1751" VPOS="2550" CONTENT="til" WC="0.74" LANG="dan"/>
							<SP ID="SP121" WIDTH="51" HPOS="1826" VPOS="2550"/>
							<String ID="STRING142" STYLEREFS="STYLE4" HEIGHT="74" WIDTH="209" HPOS="1877" VPOS="2568" CONTENT="nogen" WC="0.81" LANG="dan"/>
							<SP ID="SP122" WIDTH="61" HPOS="2086" VPOS="2568"/>
							<String ID="STRING143" STYLEREFS="STYLE4" HEIGHT="94" WIDTH="309" HPOS="2147" VPOS="2547" CONTENT="Fordeel," WC="0.75" LANG="dan"/>
							<SP ID="SP123" WIDTH="95" HPOS="2456" VPOS="2547"/>
							<String ID="STRING144" STYLEREFS="STYLE4" HEIGHT="92" WIDTH="113" HPOS="2551" VPOS="2545" CONTENT="saa" WC="1" LANG="dan"/>
							<SP ID="SP124" WIDTH="45" HPOS="2664" VPOS="2545"/>
							<String ID="STRING145" STYLEREFS="STYLE4" HEIGHT="56" WIDTH="65" HPOS="2709" VPOS="2564" CONTENT="er" WC="0.8" LANG="dan"/>
						</TextLine>
						<TextLine ID="LINE22" HEIGHT="98" WIDTH="1772" HPOS="1004" VPOS="2642">
							<String ID="STRING146" STYLEREFS="STYLE4" HEIGHT="70" WIDTH="104" HPOS="1004" VPOS="2651" CONTENT="der" WC="0.51" LANG="dan"/>
							<SP ID="SP125" WIDTH="54" HPOS="1108" VPOS="2651"/>
							<String ID="STRING147" STYLEREFS="STYLE4" HEIGHT="76" WIDTH="180" HPOS="1162" VPOS="2647" CONTENT="bedre" WC="0.71" LANG="dan"/>
							<SP ID="SP126" WIDTH="52" HPOS="1342" VPOS="2647"/>
							<String ID="STRING148" STYLEREFS="STYLE4" HEIGHT="60" WIDTH="74" HPOS="1394" VPOS="2663" CONTENT="ar" WC="0.63" LANG="dan"/>
							<SP ID="SP127" WIDTH="50" HPOS="1468" VPOS="2663"/>
							<String ID="STRING149" STYLEREFS="STYLE4" HEIGHT="72" WIDTH="104" HPOS="1518" VPOS="2650" CONTENT="det" WC="0.62" LANG="dan"/>
							<SP ID="SP128" WIDTH="42" HPOS="1622" VPOS="2650"/>
							<String ID="STRING150" STYLEREFS="STYLE4" HEIGHT="80" WIDTH="202" HPOS="1664" VPOS="2644" CONTENT="bliver" WC="0.77" LANG="dan"/>
							<SP ID="SP129" WIDTH="48" HPOS="1866" VPOS="2644"/>
							<String ID="STRING151" STYLEREFS="STYLE4" HEIGHT="90" WIDTH="220" HPOS="1914" VPOS="2650" CONTENT="ugiort" WC="0.54" LANG="dan"/>
							<SP ID="SP130" WIDTH="44" HPOS="2134" VPOS="2650"/>
							<String ID="STRING152" STYLEREFS="STYLE4" HEIGHT="70" WIDTH="118" HPOS="2178" VPOS="2653" CONTENT="end" WC="0.76" LANG="dan"/>
							<SP ID="SP131" WIDTH="54" HPOS="2296" VPOS="2653"/>
							<String ID="STRING153" STYLEREFS="STYLE4" HEIGHT="90" WIDTH="192" HPOS="2350" VPOS="2649" CONTENT="giort." WC="0.75" LANG="dan"/>
							<SP ID="SP132" WIDTH="108" HPOS="2542" VPOS="2649"/>
							<String ID="STRING154" STYLEREFS="STYLE4" HEIGHT="92" WIDTH="126" HPOS="2650" VPOS="2642" CONTENT="Og" WC="0.54" LANG="dan"/>
						</TextLine>
						<TextLine ID="LINE23" HEIGHT="102" WIDTH="1748" HPOS="1004" VPOS="2740">
							<String ID="STRING155" STYLEREFS="STYLE4" HEIGHT="92" WIDTH="134" HPOS="1004" VPOS="2743" CONTENT="som" WC="0.6" LANG="dan"/>
							<SP ID="SP133" WIDTH="68" HPOS="1138" VPOS="2743"/>
							<String ID="STRING156" STYLEREFS="STYLE4" HEIGHT="99" WIDTH="622" HPOS="1206" VPOS="2743" CONTENT="Hoved-Posterne" WC="0.64" LANG="dan"/>
							<SP ID="SP134" WIDTH="54" HPOS="1828" VPOS="2743"/>
							<String ID="STRING157" STYLEREFS="STYLE4" HEIGHT="66" WIDTH="122" HPOS="1882" VPOS="2758" CONTENT="ved" WC="0.65" LANG="dan"/>
							<SP ID="SP135" WIDTH="38" HPOS="2004" VPOS="2758"/>
							<String ID="STRING158" STYLEREFS="STYLE4" HEIGHT="60" WIDTH="58" HPOS="2042" VPOS="2763" CONTENT="et" WC="0.64" LANG="dan"/>
							<SP ID="SP136" WIDTH="38" HPOS="2100" VPOS="2763"/>
							<String ID="STRING159" STYLEREFS="STYLE4" HEIGHT="96" WIDTH="266" HPOS="2138" VPOS="2743" CONTENT="Anlæg," WC="0.88" LANG="dan"/>
							<SP ID="SP137" WIDTH="78" HPOS="2404" VPOS="2743"/>
							<String ID="STRING160" STYLEREFS="STYLE4" HEIGHT="94" WIDTH="132" HPOS="2482" VPOS="2743" CONTENT="som" WC="0.8" LANG="dan"/>
							<SP ID="SP138" WIDTH="36" HPOS="2614" VPOS="2743"/>
							<String ID="STRING161" STYLEREFS="STYLE4" HEIGHT="88" WIDTH="102" HPOS="2650" VPOS="2740" CONTENT="for" SUBS_TYPE="HypPart1" SUBS_CONTENT="fornemmelig" WC="0.95" LANG="dan"/>
							<HYP CONTENT="-"/>
						</TextLine>
						<TextLine ID="LINE24" HEIGHT="99" WIDTH="1748" HPOS="1004" VPOS="2840">
							<String ID="STRING162" STYLEREFS="STYLE4" HEIGHT="88" WIDTH="342" HPOS="1004" VPOS="2851" CONTENT="nemmelig" SUBS_TYPE="HypPart2" SUBS_CONTENT="fornemmelig" WC="0.83" LANG="dan"/>
							<SP ID="SP139" WIDTH="52" HPOS="1346" VPOS="2851"/>
							<String ID="STRING163" STYLEREFS="STYLE4" HEIGHT="94" WIDTH="192" HPOS="1398" VPOS="2841" CONTENT="forud" WC="0.55" LANG="dan"/>
							<SP ID="SP140" WIDTH="54" HPOS="1590" VPOS="2841"/>
							<String ID="STRING164" STYLEREFS="STYLE4" HEIGHT="76" WIDTH="120" HPOS="1644" VPOS="2846" CONTENT="bor" WC="0.5" LANG="dan"/>
							<SP ID="SP141" WIDTH="52" HPOS="1764" VPOS="2846"/>
							<String ID="STRING165" STYLEREFS="STYLE4" HEIGHT="94" WIDTH="428" HPOS="1816" VPOS="2840" CONTENT="eftertænkes," WC="0.85" LANG="dan"/>
							<SP ID="SP142" WIDTH="80" HPOS="2244" VPOS="2840"/>
							<String ID="STRING166" STYLEREFS="STYLE4" HEIGHT="58" WIDTH="66" HPOS="2324" VPOS="2865" CONTENT="er" WC="0.72" LANG="dan"/>
							<SP ID="SP143" WIDTH="68" HPOS="2390" VPOS="2865"/>
							<String ID="STRING167" STYLEREFS="STYLE4" HEIGHT="58" WIDTH="108" HPOS="2458" VPOS="2865" CONTENT="om" WC="0.7" LANG="dan"/>
							<SP ID="SP144" WIDTH="52" HPOS="2566" VPOS="2865"/>
							<String ID="STRING168" STYLEREFS="STYLE4" HEIGHT="86" WIDTH="134" HPOS="2618" VPOS="2840" CONTENT="Bil" SUBS_TYPE="HypPart1" SUBS_CONTENT="Billigheden" WC="0.68" LANG="dan"/>
							<HYP CONTENT="-"/>
						</TextLine>
						<TextLine ID="LINE25" HEIGHT="99" WIDTH="1772" HPOS="1004" VPOS="2940">
							<String ID="STRING169" STYLEREFS="STYLE4" HEIGHT="92" WIDTH="288" HPOS="1004" VPOS="2945" CONTENT="ligheden" SUBS_TYPE="HypPart2" SUBS_CONTENT="Billigheden" WC="0.68" LANG="dan"/>
							<SP ID="SP145" WIDTH="44" HPOS="1292" VPOS="2945"/>
							<String ID="STRING170" STYLEREFS="STYLE4" HEIGHT="72" WIDTH="134" HPOS="1336" VPOS="2963" CONTENT="paa" WC="0.99" LANG="dan"/>
							<SP ID="SP146" WIDTH="52" HPOS="1470" VPOS="2963"/>
							<String ID="STRING171" STYLEREFS="STYLE4" HEIGHT="68" WIDTH="104" HPOS="1522" VPOS="2954" CONTENT="der" WC="0.52" LANG="dan"/>
							<SP ID="SP147" WIDTH="62" HPOS="1626" VPOS="2954"/>
							<String ID="STRING172" STYLEREFS="STYLE4" HEIGHT="96" WIDTH="234" HPOS="1688" VPOS="2940" CONTENT="Sted," WC="0.58" LANG="dan"/>
							<SP ID="SP148" WIDTH="72" HPOS="1922" VPOS="2940"/>
							<String ID="STRING173" STYLEREFS="STYLE4" HEIGHT="90" WIDTH="164" HPOS="1994" VPOS="2948" CONTENT="hvor" WC="0.5" LANG="dan"/>
							<SP ID="SP149" WIDTH="52" HPOS="2158" VPOS="2948"/>
							<String ID="STRING174" STYLEREFS="STYLE4" HEIGHT="96" WIDTH="336" HPOS="2210" VPOS="2943" CONTENT="Anlægget" WC="0.85" LANG="dan"/>
							<SP ID="SP150" WIDTH="52" HPOS="2546" VPOS="2943"/>
							<String ID="STRING175" STYLEREFS="STYLE4" HEIGHT="91" WIDTH="178" HPOS="2598" VPOS="2943" CONTENT="steer," WC="0.74" LANG="dan"/>
						</TextLine>
						<TextLine ID="LINE26" HEIGHT="101" WIDTH="1772" HPOS="1004" VPOS="3038">
							<String ID="STRING176" STYLEREFS="STYLE4" HEIGHT="58" WIDTH="70" HPOS="1004" VPOS="3061" CONTENT="er" WC="0.32" LANG="dan"/>
							<SP ID="SP151" WIDTH="54" HPOS="1074" VPOS="3061"/>
							<String ID="STRING177" STYLEREFS="STYLE4" HEIGHT="94" WIDTH="320" HPOS="1128" VPOS="3041" CONTENT="saaledes," WC="0.92" LANG="dan"/>
							<SP ID="SP152" WIDTH="56" HPOS="1448" VPOS="3041"/>
							<String ID="STRING178" STYLEREFS="STYLE4" HEIGHT="56" WIDTH="72" HPOS="1504" VPOS="3062" CONTENT="ar" WC="0.62" LANG="dan"/>
							<SP ID="SP153" WIDTH="52" HPOS="1576" VPOS="3062"/>
							<String ID="STRING179" STYLEREFS="STYLE4" HEIGHT="100" WIDTH="240" HPOS="1628" VPOS="3038" CONTENT="Prisen" WC="0.83" LANG="dan"/>
							<SP ID="SP154" WIDTH="50" HPOS="1868" VPOS="3038"/>
							<String ID="STRING180" STYLEREFS="STYLE4" HEIGHT="70" WIDTH="134" HPOS="1918" VPOS="3064" CONTENT="paa" WC="0.86" LANG="dan"/>
							<SP ID="SP155" WIDTH="50" HPOS="2052" VPOS="3064"/>
							<String ID="STRING181" STYLEREFS="STYLE4" HEIGHT="66" WIDTH="76" HPOS="2102" VPOS="3053" CONTENT="de" WC="1" LANG="dan"/>
							<SP ID="SP156" WIDTH="38" HPOS="2178" VPOS="3053"/>
							<String ID="STRING182" STYLEREFS="STYLE4" HEIGHT="96" WIDTH="560" HPOS="2216" VPOS="3043" CONTENT="Forarbejdendes" WC="0.74" LANG="dan"/>
						</TextLine>
						<TextLine ID="LINE27" HEIGHT="103" WIDTH="1773" HPOS="1004" VPOS="3138">
							<String ID="STRING183" STYLEREFS="STYLE4" HEIGHT="82" WIDTH="213" HPOS="1004" VPOS="3139" CONTENT="Vare" WC="0.88" LANG="dan"/>
							<SP ID="SP157" WIDTH="49" HPOS="1217" VPOS="3139"/>
							<String ID="STRING184" STYLEREFS="STYLE4" HEIGHT="78" WIDTH="125" HPOS="1266" VPOS="3139" CONTENT="kan" WC="1" LANG="dan"/>
							<SP ID="SP158" WIDTH="66" HPOS="1391" VPOS="3139"/>
							<String ID="STRING185" STYLEREFS="STYLE4" HEIGHT="90" WIDTH="308" HPOS="1457" VPOS="3138" CONTENT="nedsettes" WC="0.76" LANG="nob"/>
							<SP ID="SP159" WIDTH="68" HPOS="1765" VPOS="3138"/>
							<String ID="STRING186" STYLEREFS="STYLE4" HEIGHT="96" WIDTH="152" HPOS="1833" VPOS="3138" CONTENT="efter" WC="0.9" LANG="dan"/>
							<SP ID="SP160" WIDTH="68" HPOS="1985" VPOS="3138"/>
							<String ID="STRING187" STYLEREFS="STYLE4" HEIGHT="70" WIDTH="244" HPOS="2053" VPOS="3151" CONTENT="andres" WC="0.88" LANG="dan"/>
							<SP ID="SP161" WIDTH="61" HPOS="2297" VPOS="3151"/>
							<String ID="STRING188" STYLEREFS="STYLE4" HEIGHT="100" WIDTH="227" HPOS="2358" VPOS="3141" CONTENT="Priser" WC="0.8" LANG="dan"/>
							<SP ID="SP162" WIDTH="54" HPOS="2585" VPOS="3141"/>
							<String ID="STRING189" STYLEREFS="STYLE4" HEIGHT="72" WIDTH="138" HPOS="2639" VPOS="3164" CONTENT="paa" WC="0.85" LANG="dan"/>
						</TextLine>
						<TextLine ID="LINE28" HEIGHT="98" WIDTH="1774" HPOS="1003" VPOS="3238">
							<String ID="STRING190" STYLEREFS="STYLE4" HEIGHT="90" WIDTH="240" HPOS="1003" VPOS="3239" CONTENT="samme" WC="0.68" LANG="dan"/>
							<SP ID="SP163" WIDTH="52" HPOS="1243" VPOS="3239"/>
							<String ID="STRING191" STYLEREFS="STYLE4" HEIGHT="96" WIDTH="244" HPOS="1295" VPOS="3239" CONTENT="Slags" WC="0.86" LANG="dan"/>
							<SP ID="SP164" WIDTH="52" HPOS="1539" VPOS="3239"/>
							<String ID="STRING192" STYLEREFS="STYLE4" HEIGHT="96" WIDTH="260" HPOS="1591" VPOS="3238" CONTENT="Vare;" WC="0.8" LANG="dan"/>
							<SP ID="SP165" WIDTH="90" HPOS="1851" VPOS="3238"/>
							<String ID="STRING193" STYLEREFS="STYLE4" HEIGHT="90" WIDTH="110" HPOS="1941" VPOS="3242" CONTENT="saa" WC="1" LANG="dan"/>
							<SP ID="SP166" WIDTH="48" HPOS="2051" VPOS="3242"/>
							<String ID="STRING194" STYLEREFS="STYLE4" HEIGHT="94" WIDTH="78" HPOS="2099" VPOS="3239" CONTENT="af" WC="0.8" LANG="dan"/>
							<SP ID="SP167" WIDTH="52" HPOS="2177" VPOS="3239"/>
							<String ID="STRING195" STYLEREFS="STYLE4" HEIGHT="92" WIDTH="238" HPOS="2229" VPOS="3241" CONTENT="samme" WC="0.92" LANG="dan"/>
							<SP ID="SP168" WIDTH="52" HPOS="2467" VPOS="3241"/>
							<String ID="STRING196" STYLEREFS="STYLE4" HEIGHT="95" WIDTH="258" HPOS="2519" VPOS="3241" CONTENT="Aarsag" WC="0.7" LANG="dan"/>
						</TextLine>
						<TextLine ID="LINE29" HEIGHT="100" WIDTH="1746" HPOS="1001" VPOS="3337">
							<String ID="STRING197" STYLEREFS="STYLE4" HEIGHT="58" WIDTH="248" HPOS="1001" VPOS="3359" CONTENT="meener" WC="0.89" LANG="dan"/>
							<SP ID="SP169" WIDTH="24" HPOS="1249" VPOS="3359"/>
							<String ID="STRING198" STYLEREFS="STYLE4" HEIGHT="98" WIDTH="130" HPOS="1273" VPOS="3337" CONTENT="jeg," WC="0.89" LANG="dan"/>
							<SP ID="SP170" WIDTH="54" HPOS="1403" VPOS="3337"/>
							<String ID="STRING199" STYLEREFS="STYLE4" HEIGHT="60" WIDTH="72" HPOS="1457" VPOS="3358" CONTENT="ar" WC="0.63" LANG="dan"/>
							<SP ID="SP171" WIDTH="44" HPOS="1529" VPOS="3358"/>
							<String ID="STRING200" STYLEREFS="STYLE4" HEIGHT="94" WIDTH="188" HPOS="1573" VPOS="3340" CONTENT="ingen" WC="0.76" LANG="dan"/>
							<SP ID="SP172" WIDTH="24" HPOS="1761" VPOS="3340"/>
							<String ID="STRING201" STYLEREFS="STYLE4" HEIGHT="97" WIDTH="700" HPOS="1785" VPOS="3340" CONTENT="Haandværksmester" WC="0.81" LANG="dan"/>
							<SP ID="SP173" WIDTH="32" HPOS="2485" VPOS="3340"/>
							<String ID="STRING202" STYLEREFS="STYLE4" HEIGHT="76" WIDTH="18" HPOS="2517" VPOS="3345" CONTENT="i" WC="1" LANG="dan"/>
							<SP ID="SP174" WIDTH="26" HPOS="2535" VPOS="3345"/>
							<String ID="STRING203" STYLEREFS="STYLE4" HEIGHT="79" WIDTH="186" HPOS="2561" VPOS="3343" CONTENT="Kiob" SUBS_TYPE="HypPart1" SUBS_CONTENT="Kiobstederne," WC="0.47" LANG="dan"/>
							<HYP CONTENT="-"/>
						</TextLine>
						<TextLine ID="LINE30" HEIGHT="102" WIDTH="1748" HPOS="1003" VPOS="3436">
							<String ID="STRING204" STYLEREFS="STYLE4" HEIGHT="94" WIDTH="314" HPOS="1003" VPOS="3437" CONTENT="stederne," SUBS_TYPE="HypPart2" SUBS_CONTENT="Kiobstederne," WC="0.76" LANG="dan"/>
							<SP ID="SP175" WIDTH="54" HPOS="1317" VPOS="3437"/>
							<String ID="STRING205" STYLEREFS="STYLE4" HEIGHT="78" WIDTH="124" HPOS="1371" VPOS="3439" CONTENT="kan" WC="0.98" LANG="dan"/>
							<SP ID="SP176" WIDTH="56" HPOS="1495" VPOS="3439"/>
							<String ID="STRING206" STYLEREFS="STYLE4" HEIGHT="98" WIDTH="364" HPOS="1551" VPOS="3436" CONTENT="forfærdige" WC="0.71" LANG="dan"/>
							<SP ID="SP177" WIDTH="52" HPOS="1915" VPOS="3436"/>
							<String ID="STRING207" STYLEREFS="STYLE4" HEIGHT="78" WIDTH="222" HPOS="1967" VPOS="3457" CONTENT="noget," WC="0.79" LANG="dan"/>
							<SP ID="SP178" WIDTH="54" HPOS="2189" VPOS="3457"/>
							<String ID="STRING208" STYLEREFS="STYLE4" HEIGHT="90" WIDTH="132" HPOS="2243" VPOS="3441" CONTENT="som" WC="0.66" LANG="dan"/>
							<SP ID="SP179" WIDTH="52" HPOS="2375" VPOS="3441"/>
							<String ID="STRING209" STYLEREFS="STYLE4" HEIGHT="68" WIDTH="144" HPOS="2427" VPOS="3453" CONTENT="med" WC="0.7" LANG="dan"/>
							<SP ID="SP180" WIDTH="40" HPOS="2571" VPOS="3453"/>
							<String ID="STRING210" STYLEREFS="STYLE6" HEIGHT="97" WIDTH="140" HPOS="2611" VPOS="3441" CONTENT="For" SUBS_TYPE="HypPart1" SUBS_CONTENT="Fordeel" WC="0.84" LANG="dan"/>
							<HYP CONTENT="-"/>
						</TextLine>
						<TextLine ID="LINE31" HEIGHT="105" WIDTH="1778" HPOS="1001" VPOS="3536">
							<String ID="STRING211" STYLEREFS="STYLE7" HEIGHT="77" WIDTH="133" HPOS="1001" VPOS="3542" CONTENT="deel" SUBS_TYPE="HypPart2" SUBS_CONTENT="Fordeel" WC="0.9" LANG="dan"/>
							<SP ID="SP181" WIDTH="57" HPOS="1134" VPOS="3542"/>
							<String ID="STRING212" STYLEREFS="STYLE4" HEIGHT="80" WIDTH="126" HPOS="1191" VPOS="3537" CONTENT="kan" WC="0.81" LANG="dan"/>
							<SP ID="SP182" WIDTH="52" HPOS="1317" VPOS="3537"/>
							<String ID="STRING213" STYLEREFS="STYLE4" HEIGHT="98" WIDTH="278" HPOS="1369" VPOS="3537" CONTENT="afsættes" WC="0.74" LANG="dan"/>
							<SP ID="SP183" WIDTH="52" HPOS="1647" VPOS="3537"/>
							<String ID="STRING214" STYLEREFS="STYLE4" HEIGHT="76" WIDTH="134" HPOS="1699" VPOS="3560" CONTENT="paa" WC="1" LANG="dan"/>
							<SP ID="SP184" WIDTH="54" HPOS="1833" VPOS="3560"/>
							<String ID="STRING215" STYLEREFS="STYLE4" HEIGHT="102" WIDTH="342" HPOS="1887" VPOS="3536" CONTENT="fremmede" WC="0.77" LANG="dan"/>
							<SP ID="SP185" WIDTH="24" HPOS="2229" VPOS="3536"/>
							<String ID="STRING216" STYLEREFS="STYLE4" HEIGHT="98" WIDTH="330" HPOS="2253" VPOS="3543" CONTENT="Skæder," WC="0.61" LANG="dan"/>
							<SP ID="SP186" WIDTH="48" HPOS="2583" VPOS="3543"/>
							<String ID="STRING217" STYLEREFS="STYLE4" HEIGHT="58" WIDTH="148" HPOS="2631" VPOS="3564" CONTENT="men" WC="0.85" LANG="dan"/>
						</TextLine>
					</TextBlock>
					<TextBlock xs:type="TextBlockType" ID="ZONE1103656" HEIGHT="73" WIDTH="139" HPOS="2637" VPOS="3664" xlink:type="simple">
						<TextLine ID="LINE32" HEIGHT="73" WIDTH="139" HPOS="2637" VPOS="3664">
							<String ID="STRING218" STYLEREFS="STYLE4" HEIGHT="73" WIDTH="139" HPOS="2637" VPOS="3664" CONTENT="paa" WC="0.79" LANG="dan"/>
						</TextLine>
					</TextBlock>
					<Illustration xs:type="IllustrationType" ID="ZONE1103657" HEIGHT="902" WIDTH="2287" HPOS="707" VPOS="3741" xlink:type="simple"/>
				</ComposedBlock>
			</PrintSpace>
		</Page>
	</Layout>
</alto>
