3010 4600
134 603 74 100 4)
281 618 151 66 maa
477 601 223 97 ligesaa
753 603 429 98 vedligeholde
1243 605 347 96 Handelen
1647 599 103 99 for
1815 625 69 56 at

186 683 14 20 '
236 703 265 94 forsørge
568 702 479 102 Indbyggerne
1090 707 17 75 i
1156 706 431 97 Vestindien,
1636 727 79 75 og
1760 706 123 97 sine

235 815 100 69 der
359 804 276 92 havende
667 806 362 91 Cvllomer;
1087 827 144 61 men

144 1005 61 96 5)
278 1002 199 84 Naar
522 1027 155 58 man
724 1027 177 79 kager
948 1016 193 71 denne
1194 1008 275 97 Handel
1508 1006 17 77 i
1574 1005 273 91 Conside-

229 1108 221 81 rarion.
505 1120 139 66 med
691 1117 115 70 den
861 1110 377 94 Guineisse,
1307 1111 109 84 saa
1475 1110 203 79 bliver
1721 1108 131 92 sam-

228 1225 96 57 me
362 1204 548 101 fordeelagkigere,
968 1221 126 83 dog
1160 1212 90 77 vil
1308 1211 192 89 begge
1542 1209 340 98 Handeler

228 1304 123 78 ikke
398 1309 121 94 sige
583 1321 228 77 andet,
869 1322 118 67 end
1049 1330 70 58 at
1171 1312 428 94 vedligeholde
1658 1308 201 97 Trafi-

227 1424 181 77 qven,
457 1428 167 62 naae
657 1418 229 72 derved
921 1414 185 91 ingen
1125 1410 351 98 Fvrtienste
1505 1410 123 79 kan
1659 1412 225 92 haves.

327 1602 130 87 De
509 1606 216 97 dansse
771 1610 232 90 udgive
1069 1629 230 74 mange
1345 1607 230 99 Penge
1619 1611 268 80 imellem

133 1703 143 80 Aar
325 1724 77 75 og
447 1705 181 97 Dag
685 1707 97 94 for
827 1708 219 97 Caffe,
1103 1710 189 82 Rom
1349 1731 77 73 og
1483 1708 255 98 Arrak,
1783 1722 103 71 det

154 1823 123 57 var
336 1810 177 73 bedre
570 1828 69 58 ar
700 1819 71 68 de
834 1810 439 95 indssrænkede
1332 1812 139 93 slige
1520 1809 103 92 fra
1670 1834 71 56 en
1794 1821 63 72 al-

139 1905 292 94 mindelig
493 1905 244 96 Brug,
801 1931 102 73 og.
935 1932 164 58 naar
1167 1922 72 67 ve
1299 1911 222 93 brugte
1585 1920 180 88 nogle
1813 1911 78 96 af

137 2009 69 68 de
265 2002 223 97 Penge
545 2006 127 88 som
727 2007 263 92 foruden
1043 2011 251 87 Tolden
1348 2014 182 75 Dertil
1578 2020 304 88 udgives,

136 2099 197 81 kunde
364 2116 71 67 de
466 2114 249 88 opiegge
744 2128 235 75 meget,
1024 2111 217 93 efterdi
1290 2115 105 85 01
1458 2120 137 73 eller
1650 2126 71 68 de
1770 2138 83 57 an-

137 2207 108 70 dre
269 2202 173 97 Ting
495 2211 95 89 jeg
643 2208 116 95 har
811 2232 290 66 omrørr,
1171 2213 122 78 ikke
1341 2213 194 93 koster
1585 2213 108 92 saa
1751 2238 96 57 me-

134 2319 134 74 get,
326 2302 126 88 som
484 2319 72 65 de
584 2306 398 99 Vestindisse
1026 2313 234 88 Vare;
1332 2316 228 92 enhver
1606 2315 120 79 kan
1758 2316 120 93 selv

134 2403 255 90 herover
428 2411 169 88 giøre
636 2430 69 56 en
754 2417 311 90 nøyagtig
1112 2414 409 96 Beregning,
1570 2439 79 73 og
1696 2413 189 98 deraf

131 2499 199 90 erfare
361 2504 341 95 Fordeelen
733 2517 139 71 eller
903 2510 255 92 Tabet,
1229 2535 163 57 naar
1435 2518 127 92 han
1617 2517 229 96 forestil-

136 2607 84 70 ler
256 2604 88 92 sig
380 2606 206 78 baade
620 2618 72 67 de
710 2609 472 96 Jndenlandsse
1216 2608 248 89 Vares
1488 2616 202 99 Priis
1724 2618 104 98 her
1856 2621 22 76 i

136 2697 261 96 Landet,
458 2703 337 96 Fordeelen
825 2722 240 83 derpaa
1093 2736 166 56 naar
1289 2729 70 64 de
1395 2727 352 86 omvexles,
1803 2729 76 70 de

139 2799 415 94 Udenlandsse
619 2806 245 85 Vares
911 2812 199 97 Priis
1175 2814 107 96 her
1349 2817 17 75 i
1419 2816 269 98 Landet,
1763 2828 111 87 faa

134 2907 96 68 vel
276 2900 124 86 fom
456 2913 174 71 deres
692 2909 372 98 Vigtighed
1114 2922 138 71 eller
1312 2915 327 96 Droyelse
1698 2922 177 77 imod

131 3005 228 89 andre,
405 3025 76 72 og
529 3014 200 88 legger
767 3013 86 93 sig
885 3012 514 87 Told-Roullen
1429 3016 100 90 for
1589 3021 284 95 Øynene

129 3095 127 92 som
299 3100 91 90 for
451 3103 331 98 Exempel:
841 3114 155 88 hvor
1040 3134 200 78 meget
1285 3117 187 95 Caffe
1514 3123 119 88 skal
1693 3126 177 83 imod

130 3219 71 54 en
284 3200 223 88 Tonde
570 3208 139 93 01,
810 3214 171 90 hvad
1038 3237 61 55 er
1164 3228 141 67 dets
1350 3219 249 99 PriiS,
1702 3222 141 96 For-

135 3303 192 73 deelen
351 3315 110 66 ved
479 3305 460 103 Omvexlingen
961 3337 80 72 og
1071 3313 252 91 Tolden
1355 3320 76 92 af
1459 3326 212 91 begge,
1707 3324 162 92 samt

131 3395 171 94 hvad
347 3400 149 89 Tab
547 3408 113 94 har
708 3433 154 59 man
908 3427 116 66 ved
1062 3425 100 69 der
1216 3437 70 58 at
1338 3441 156 59 man
1550 3445 158 57 maa
1735 3420 140 97 for-.

362 3504 85 99 sig
512 3516 389 98 nødvendige
942 3516 495 88 Levnetsmidler
1528 3527 15 76 i
1596 3523 275 85 Steven

883 3614 89 89 B
1031 3643 35 72 3
1759 3628 109 97 for
