3030 4588
1821 380 89 76 29

277 565 150 80 mod
475 556 366 105 Anlæggene
913 556 116 94 (Fee
1093 577 134 73 paa
1289 555 280 96 kostbare
1626 555 289 101 Steder,

281 667 159 94 finde
483 660 277 82 Varene
801 664 185 88 ingen
1033 657 277 91 Affarv,
1373 655 355 96 formedelst
1793 672 121 68 den

282 767 146 94 hoye
488 762 236 96 Priis,
810 762 130 84 som
1000 759 494 93 Kostbarheden
1548 764 368 92 nødvendig

279 863 320 90 udfordrer
662 885 77 70 og
790 856 413 100 Indførselen
1240 858 103 97 fra
1408 870 195 70 andre
1654 861 259 82 Steder

275 965 116 78 kan
421 962 118 80 ikke
573 964 319 93 hemmes,
951 981 144 58 men
1125 966 94 72 alt
1255 970 126 81 der,
1437 962 132 92 som
1603 963 120 80 kan
1755 959 158 103 faas

274 1064 240 96 billigt,
564 1064 178 97 søges
780 1060 280 82 indkiøbt
1108 1084 80 74 og
1236 1058 386 103 forhandl«.

321 1263 94 94 Af
447 1264 232 92 samme
715 1261 258 97 Aarsag
1005 1265 216 92 holder
1265 1264 96 95 jeg
1399 1261 100 94 for
1553 1283 72 62 at
1665 1275 102 72 det
1803 1268 120 80 ikke

184 1386 62 60 er
278 1367 206 95 nyttig
516 1386 68 56 ar
634 1371 258 87 anlegge
937 1369 175 88 fieere
1145 1364 361 96 Fabriqver
1559 1370 19 74 i
1626 1385 52 60 et
1721 1367 205 99 Land,

184 1474 114 72 end
332 1477 109 81 de,
490 1464 130 92 som
652 1467 182 92 gives
863 1463 307 95 For-sand
1210 1467 118 76 nok
1376 1467 109 89 ril,
1546 1466 75 91 af
1646 1467 277 85 Landers

186 1587 149 73 egne
615 1569 70 72 ril
725 1562 512 98 Forarbeydelst,
1293 1561 168 94 fordi
1491 1586 72 58 at
1599 1579 70 68 de
1699 1571 232 94 Vare,

191 1666 131 88 som
364 1662 240 85 maatte
635 1663 173 94 søges
843 1660 99 94 fra
987 1661 337 90 fremmede
1367 1663 311 98 Scæder,
1733 1671 197 85 kofter

192 1783 200 76 meget
436 1784 68 58 at
552 1767 316 91 indbringe
888 1814 20 42 ,
964 1761 264 96 foruden
1278 1775 116 68 den
1428 1763 310 102 Fordeel,
1796 1774 134 88 som

198 1874 233 83 derpaa
465 1886 150 58 maa
659 1867 178 90 gives
883 1866 70 79 til
1014 1863 541 103 Negotianrerne,
1623 1881 108 72 der
1775 1894 122 62 rem-

197 1967 181 94 melig
423 1961 286 100 fordyrer
741 1973 158 71 dem.

336 2165 183 82 Seer
568 2186 153 59 man
756 2186 85 60 nu
876 2166 115 96 hen
1024 2167 95 97 til,
1166 2184 69 64 at
1272 2173 201 93 alting
1508 2174 21 78 i
1572 2179 117 76 alle
1716 2165 184 91 Krab-

193 2268 230 95 saeder
447 2290 60 58 er
541 2274 148 85 dyre
719 2289 76 73 og
825 2266 430 82 Levemanden
1297 2271 194 96 koster
1521 2277 228 80 dobbel
1787 2286 140 74 eller

197 2368 227 90 somme
453 2368 253 82 Steder
734 2370 340 77 tredobbelt
1104 2376 138 74 eller
1272 2395 196 59 meere
1498 2388 118 67 end
1640 2377 130 92 som
1802 2400 132 72 paa

196 2486 129 76 paa
356 2471 119 90 sine
494 2468 251 80 Steder
766 2487 129 75 paa
918 2466 249 98 Lander,
1192 2470 127 90 som
1356 2473 279 84 kommer
1654 2481 87 92 sig
1770 2478 75 94 af
1862 2498 71 63 at

197 2576 130 85 der,
347 2572 244 88 .nemlig
617 2571 18 76 i
675 2567 476 95 Kiobstæderne
1187 2576 150 75 intet
1369 2575 222 97 haves,
1619 2591 162 67 uden
1813 2592 124 83 det,

199 2668 129 90 som
359 2687 153 58 maa
542 2667 214 77 kjøbes
789 2666 101 92 fra
923 2666 255 90 Landet,
1205 2688 65 63 at
1301 2674 183 96 deraf
1507 2700 153 57 maa
1695 2683 239 78 betales

202 2764 214 93 Told,
470 2766 466 96 Consumption
992 2770 442 98 Skibsfragt,
1500 2778 432 85 KiobmandS

202 2866 425 99 Provission,
710 2867 179 81 Lade-
931 2891 78 74 og
1072 2869 475 105 Losse-Penge,
1615 2881 288 82 Arbeids-

195 2966 247 98 Penge,
463 2966 329 100 Pakhuus
813 2968 165 96 Leye,
1001 2993 79 74 og
1107 2972 107 92 saa
1243 2979 227 89 videre,
1493 2980 129 92 som
1655 2984 277 95 strækker

194 3068 92 94 sig
318 3071 66 74 til
404 3074 112 72 alle
532 3068 650 97 Mennejkerffaasom
1216 3098 70 73 ey
1320 3083 220 77 alleene
1572 3085 66 76 til
1684 3107 72 56 en
1796 3086 108 82 An-

200 3172 251 91 læggere
482 3166 73 98 af
580 3190 71 57 en
676 3167 175 99 Ting
884 3168 99 96 for
1018 3177 91 92 sin
1140 3198 145 72 egen
1320 3182 341 97 personlige
1694 3187 213 80 Under-

207 3266 330 98 holdning,
589 3290 142 59 men
763 3282 200 85 endog
997 3279 70 74 ril
1087 3282 116 72 alle
1233 3276 170 101 hans
1433 3282 235 93 Børn,
1703 3287 204 97 Fami-

200 3372 78 73 lie
314 3391 74 72 og
419 3367 409 101 Tienstefolk,
892 3372 162 92 samt
1114 3384 118 72 alle
1282 3391 72 70 de
1394 3381 128 90 som
1566 3408 158 57 maa
1774 3406 166 78 gaae

198 3464 159 100 ham
386 3469 63 89 ti!
476 3468 305 106 Haande,
810 3472 239 103 saasom
1072 3475 595 111 Tømmermestere,
1696 3489 221 79 Munk

1661 3592 251 98 næsen
