3044 4609
1161 357 194 102 m

1795 379 94 72 45

175 566 189 100 ogsaa
383 571 72 76 de
475 561 538 98 uforbigtengelige
1037 559 312 94 fornødne
1367 555 530 94 Embedsmænd,

177 673 72 78 til
293 687 66 62 at
397 677 180 82 Drage
621 665 290 96 Omsorg
967 661 98 88 for
1111 659 278 82 Landets
1427 659 186 88 Vel,
1677 679 78 72 og
1825 671 70 62 at

179 791 154 74 gane
359 771 78 94 sig
467 771 66 74 til
561 765 284 98 Haande
873 765 110 78 udi
1001 758 431 96 Raadføn
1519 757 374 96 Negiering,

181 869 442 96 Forvaltning,
687 865 450 90 Commando,
1221 861 432 94 Oeconomie,
1733 855 136 84 Ret-

179 969 366 98 færdigheds
591 989 78 74 og
705 967 370 96 Roligheds
1105 959 514 102 Handthævelse-

329 1165 256 100 Enhver
601 1167 256 96 Regent
887 1167 118 90 seer
1033 1167 114 94 hen
1179 1165 106 90 til,
1337 1177 70 64 at
1437 1163 130 92 han
1601 1159 122 80 kan
1753 1155 146 96 faae

173 1265 333 99 fornuftige
559 1291 78 72 og
683 1269 296 94 kyndige,
1033 1285 134 60 troe
1211 1283 80 76 og
1327 1265 264 92 redelige
1637 1261 262 94 Mænd,

175 1369 124 90 som
339 1373 112 74 udi
481 1367 212 84 Raad
729 1391 80 70 og
851 1369 228 80 Daad
1111 1365 124 76 kan
1269 1383 164 60 være
1461 1363 152 94 ham
1658 1364 212 93 tie-Uig-

173 1471 72 75 til
173 1471 72 76 til
295 1487 68 60 at
405 1467 288 90 befordre
745 1463 342 96 fornuftige
1131 1463 210 82 Raad
1389 1485 76 72 og
1513 1463 262 94 Anlæg,
1833 1467 70 76 til

175 1567 274 82 Landets
491 1565 200 96 Beste
729 1589 80 72 og
853 1567 166 92 hans
1065 1561 356 98 Interesses
1463 1559 438 98 Formeerelse,

179 1691 80 70 og
295 1669 130 86 som
449 1671 52 74 ei
539 1671 88 74 vil
673 1665 398 92 undertrykke
1109 1669 136 72 eller
1285 1661 258 92 besvære
1577 1665 170 92 hans
1774 1663 99 78 Un-

176 1764 518 99 dersaattermed
559 1777 136 66 med
737 1781 178 80 noget
959 1765 388 92 utilbørligt,
1411 1783 140 56 men
1597 1765 178 90 giøre
1829 1767 40 72 li-

181 1887 72 70 ge
285 1865 190 82 Skiel
527 1869 168 74 imod
735 1871 112 72 alle
895 1889 76 70 og
1011 1867 260 88 enhver,
1327 1883 80 76 og
1459 1859 296 102 forhielpe
1805 1885 68 58 en-

181 1965 144 98 hver
359 1967 66 76 til
473 1975 110 68 den
619 1965 138 82 Ret
789 1967 150 94 ham
977 1965 366 80 tilkommer.

333 2163 176 82 Saa
551 2173 170 86 lenge
767 2163 316 92 saadanne
1139 2165 236 82 Mænd
1435 2163 318 96 forholder
1809 2165 88 96 sig

175 2261 126 96 som
337 2275 70 68 de
443 2267 152 90 bor,
651 2287 92 56 ere
777 2275 70 70 de
885 2269 204 76 baade
1119 2269 348 92 høitagtede
1501 2267 76 88 af
1599 2271 112 74 alle
1739 2269 18 72 i
1785 2267 86 80 Al-

173 2365 444 98 mindelighed,
671 2385 140 58 men
841 2387 152 56 maa
1023 2369 200 86 hades
1257 2365 76 92 af
1355 2375 180 84 nogle
1561 2365 140 94 faae
1737 2389 132 56 uret-

175 2467 268 92 sindige,
501 2465 124 90 som
655 2477 70 66 de
761 2487 156 56 maa
955 2469 210 90 tvinge
1189 2473 138 72 eller
1359 2469 172 90 giøre
1567 2469 204 90 imod,
1801 2469 100 78 for

177 2583 68 62 at
275 2561 278 96 befordre
593 2563 278 94 Netten,
927 2587 80 74 og
1035 2579 158 80 nyde
1243 2565 240 92 saadan
1517 2567 220 94 Gage,
1769 2569 132 86 som

175 2673 74 70 de
283 2665 118 76 kan
439 2683 158 58 være
649 2667 150 74 tient
827 2675 172 80 med,
1055 2669 226 90 enhver
1327 2667 148 88 efter
1515 2669 90 92 sin
1651 2667 248 82 Stand

179 2787 80 72 og
295 2763 380 96 Bestillings
705 2763 438 96 Værdighed,
1199 2789 138 54 men
1365 2767 208 96 findes
1607 2777 70 68 de
1719 2791 182 56 utroe

177 2861 448 98 forsømmelige
655 2871 132 72 eller
821 2869 312 90 uduelige,
1189 2869 160 76 blive
1385 2875 72 70 de
1503 2865 276 98 straffede
1823 2879 50 70 el-

175 2969 84 72 ler
295 2961 250 96 afsatte,
601 2987 172 56 enten
809 2963 74 94 af
905 2965 274 96 Kongen
1211 2971 132 74 eller
1387 2979 116 68 ved
1537 2967 360 98 Justitiens

171 3059 438 100 Befordring,
665 3071 138 74 eller
833 3089 78 72 og
939 3087 163 58 naar
1137 3081 68 64 de
1243 3071 158 76 blive
1433 3079 204 86 gamle
1665 3093 78 70 og
1770 3067 98 83 Fee-

171 3161 183 93 desaf
283 3163 72 92 af
403 3175 178 66 deres
623 3165 448 98 Forretninger
1131 3171 16 70 i
1193 3167 246 82 Naade
1499 3175 394 90 demiterede,

173 3281 170 60 enten
379 3277 132 62 med
551 3269 132 74 eller
713 3277 160 68 uden
905 3267 304 98 Pension.
1315 3269 206 82 Naar
1547 3271 348 96 Forseelsen

173 3363 54 76 ei
261 3383 62 58 er
361 3361 72 94 af
457 3365 190 94 større
679 3367 454 96 Betydenhed,
1191 3379 116 68 end
1355 3391 70 56 at
1477 3371 210 90 derfor
1735 3397 130 70 paa-

175 3467 208 92 legges
429 3485 68 60 en
541 3467 258 100 Mulet,
869 3467 128 98 som
1057 3469 122 98 ofte
1237 3469 408 98 forekommer
1693 3485 202 68 under

1685 3573 212 86 Van-

2485 195 114 149 il;
2685 147 160 197 :il

2505 769 54 114 ii
2601 735 239 142 (#*
