3066 4643
1025 252 82 80 m
1987 262 82 48 ir

108 430 112 86 ikke
270 432 200 96 horer
516 426 70 80 til
628 424 328 93 Staten;
1008 428 186 72 mens
1246 414 476 98 Efterfølgeren
1778 429 70 62 er
1882 406 194 94 Søn

107 566 146 84 eller
298 566 133 89 dog
486 556 185 96 lovlig
718 554 331 94 Arving,
1134 554 87 75 da
1299 567 68 60 er
1416 552 121 72 den
1586 537 185 99 sidste
1816 538 259 96 pligtig,

109 688 306 96 saafremt
443 685 124 92 han
605 688 86 72 vil
729 697 198 78 arve,
959 690 72 68 at
1059 678 206 80 betale
1301 669 478 96 Gieldenafsin
1803 665 170 81 Arv.

304 814 198 97 Hvad
568 810 246 95 endelig
880 815 126 78 de»
1076 804 256 99 Slags
1394 801 202 87 Gieid
1660 795 414 97 anbelanger,

116 944 125 96 som
288 964 69 60 en
408 939 333 98 Formand
794 935 21 82 i
862 936 451 98 Regierungen
1362 933 191 98 giør,
1626 925 119 82 ikke
1794 929 101 88 for
1946 944 131 72 paa

117 1090 196 80 nogen
389 1069 268 84 Maade
731 1075 70 70 at
891 1067 302 95 befordre
1261 1059 330 94 Statens
1659 1053 418 99 Lyksalighed,

115 1208 179 74 mens
333 1197 197 84 allene
571 1198 105 92 for
707 1208 73 68 at
809 1195 149 94 føde
987 1196 129 94 sine
1155 1192 425 101 Passioner,
1635 1183 245 96 faafom
1913 1182 165 86 Carl

112 1334 112 76 den
288 1339 152 70 irte
498 1325 22 80 i
568 1324 348 97 Sverrig,
962 1324 152 80 eller
1158 1324 132 91 sine
1340 1316 396 96 Vellyster,
1792 1312 129 96 som
1962 1320 120 76 de»

113 1462 164 76 2den
315 1455 74 96 af
415 1453 232 94 samme
711 1454 220 79 Navn
969 1453 20 75 i
1027 1448 384 100 Engeland,
1465 1452 86 74 da
1583 1444 124 82 kan
1747 1449 98 78 vel
1883 1440 168 94 Sta-

111 1594 143 80 ten,
303 1582 130 95 som
477 1583 122 96 har
641 1578 364 94 forbunden
1047 1578 89 100 sig
1173 1577 72 80 til
1285 1589 72 68 at
1389 1580 168 78 taale
1589 1596 83 77 og
1705 1579 138 76 lade
1881 1572 89 98 sig
2011 1592 76 62 en

110 1712 308 97 ffrøbelig
482 1709 270 99 Fyrstes
840 1707 298 98 Feyltrin
1200 1711 316 94 tilregne,
1600 1713 190 88 agtes
1856 1700 230 99 pligtig

114 1840 75 80 til
222 1852 71 70 at
348 1837 201 83 betale
588 1848 195 72 denne
834 1835 249 97 Gield;
1132 1855 187 62 mens
1368 1855 107 58 om
1522 1828 121 85 ikke
1690 1829 363 95 Efterfølge-

117 1986 114 66 ren
283 1966 114 81 kan
451 1965 182 98 giøre
681 1967 180 96 nogle
899 1965 336 97 Stræger
1281 1969 312 81 derover,
1659 1959 428 101 besynderlig,

110 2097 567 100 saa-anskaecruknsderxjx
323 2101 319 78 derunder
694 2099 290 94 opdages
1022 2098 162 78 onde
1218 2093 150 84 eller
1400 2091 408 98 egennyttige
1845 2089 205 83 Mini-

116 2226 162 94 stres
324 2225 404 97 Jntriguer,
792 2231 222 72 derom
1064 2242 186 65 maae
1300 2229 204 75 andre
1556 2226 300 83 dømme,
1914 2220 18 78 i
1982 2230 106 72 det

119 2356 270 98 ringeste
437 2351 116 86 kan
601 2364 132 82 han
769 2361 168 76 dette
983 2353 506 99 upaatvivlelig,
1545 2369 172 61 naar
1775 2347 274 85 Credito-

119 2504 183 64 rerne
351 2483 121 94 selv
521 2485 163 93 have
751 2493 203 76 været
1011 2479 519 90 Medarbeidere
1587 2480 151 84 eller
1801 2480 251 86 Medvi-

118 2618 144 82 dere
294 2616 20 78 i
352 2613 150 98 disse
538 2611 376 98 Jntriguer.

314 2740 121 85 Alt
480 2749 165 73 dette
688 2740 331 96 forudsat,
1046 2738 121 82 kan
1202 2744 119 79 den
1362 2740 323 74 Maximø
1720 2735 119 88 ikke
1874 2738 215 95 heller,

121 2876 162 78 uden
323 2870 382 98 forargelige
745 2870 282 99 Følger,
1075 2868 106 96 saa
1227 2869 230 98 ganske
1493 2870 252 94 absolut
1773 2880 318 88 antages,

120 3020 168 62 naar
322 2999 412 96 Forfatteren
774 2999 272 94 skriver:

316 3126 415 99 Formanden
782 3129 131 98 har
964 3122 117 88 ikke
1128 3126 223 99 Magt
1398 3140 71 68 at
1522 3128 303 94 forbinde
1862 3129 197 97 Efter-

127 3256 336 83 kommerne
483 3297 18 44 ,
557 3258 162 94 siden
759 3258 128 91 han
933 3260 238 76 derved
1211 3255 196 94 stiller
1447 3264 140 74 dem
1623 3265 120 76 ved
1777 3265 124 78 den
1933 3258 130 96 sam-

127 3406 99 60 me
273 3384 199 91 Ræt,
527 3389 125 95 han
691 3386 119 98 har
857 3387 191 92 havt,
1101 3385 235 96 nemlig
1395 3385 123 93 selv
1565 3400 71 66 at
1691 3387 237 101 udsøge
1980 3398 108 75 det

128 3512 222 98 beste;
420 3513 92 100 thi
568 3516 104 94 fra
718 3522 200 85 denne
962 3515 210 101 Regel
1208 3533 186 70 maae
1446 3516 332 100 ercipereß.

1691 3777 186 77 Imo.
1909 3774 176 92 Mo-
