3102 4697
1759 457 102 74 47

142 655 86 94 sig
262 650 148 94 ester
451 646 437 91 Studeringer
932 661 78 74 og
1055 634 491 94 Videnskaber,
1600 657 78 76 og
1719 643 141 74 der«

138 773 132 72 paa
320 768 68 60 at
428 756 268 70 anvende
744 751 150 88 lang
934 741 136 88 Tid
1112 760 80 72 og
1248 742 124 88 stor
1418 736 442 101 Bekostning;

100 921 6 8 .
140 848 286 97 hvorfore
472 860 68 66 de
588 848 232 88 samme
858 865 80 74 og
978 843 340 90 anholder,
1376 860 106 58 om
1542 838 154 91 frem
1754 837 104 98 for

146 961 186 70 andre
360 948 122 90 som
508 950 48 76 ei
594 950 158 92 have
786 947 298 90 studerer,
1130 944 138 74 eller
1310 938 118 96 har
1476 944 134 76 lærk
1666 961 78 74 og
1794 961 64 60 er

144 1067 137 66 øvet
306 1054 19 72 i
360 1064 209 82 noget,
624 1064 67 60 at
722 1043 327 92 befordres
1074 1045 71 75 til
1176 1038 325 86 Embeder
1532 1065 81 72 og
1640 1041 225 82 Betle«

143 1155 242 89 ninger,
441 1172 78 74 og
545 1168 166 58 naar
743 1155 72 68 de
847 1153 84 70 da
969 1147 52 74 ei
1053 1141 120 82 kan
1209 1162 248 70 opnaae
1487 1151 182 70 deres
1702 1141 132 84 Øie-

141 1260 199 83 mseed,
141 1261 200 81 meed,
397 1250 156 78 blive
599 1269 228 74 mange
865 1241 76 96 af
975 1255 176 81 dem,
1207 1242 132 90 især
1391 1252 74 68 de
1505 1244 128 88 som
1689 1261 178 62 enten

139 1373 94 56 ere
281 1346 166 94 fodre
499 1346 260 98 fattige,
813 1351 136 72 eller
987 1347 122 92 har
1167 1342 170 88 tilsat
1381 1350 182 70 deres
1611 1345 258 80 Midler

139 1471 131 74 paa
297 1450 483 92 Studeringer,
829 1445 277 92 forlegen
1139 1462 79 74 og
1243 1444 107 94 siet
1391 1446 69 74 til
1489 1444 243 91 Mode,
1785 1469 85 74 og

138 1551 204 93 ønffer
368 1568 70 60 ar
466 1558 72 70 de
566 1550 20 74 i
612 1553 184 71 deres
832 1545 214 92 Dage
1080 1545 202 92 havde
1316 1538 302 101 foretaget
1646 1547 86 96 sig
1761 1568 80 56 no-

139 1656 98 88 get
140 1667 98 78 get
270 1658 228 86 andet;
550 1645 186 94 deraf
782 1645 274 78 kommer
1106 1653 100 67 der
1246 1664 76 70 og
1360 1662 70 60 ar
1474 1666 228 75 mange
1748 1649 122 90 har

142 1749 220 94 ophvlt
398 1750 88 92 sig
516 1766 180 72 over,
746 1761 68 62 at
844 1743 262 88 Tienere
1136 1744 118 88 har
1284 1740 132 96 søgt
1452 1762 68 58 ar
1558 1743 282 88 foretræk-

144 1849 109 78 kes
286 1856 192 70 andre
514 1850 68 76 til
624 1847 288 94 verdflige
934 1841 316 86 Embeder
1298 1864 79 74 og
1416 1842 453 103 Bestillinger;

153 1969 140 56 men
327 1948 170 90 hvad
535 1968 62 56 er
639 1954 94 68 det
779 1961 68 60 ak
893 1951 120 70 tale
1051 1950 148 71 om?
1253 1952 98 70 det
1399 1966 64 56 er
1511 1948 60 88 jo
1611 1969 74 56 en
1729 1949 110 84 Re-

141 2056 182 85 gents
367 2046 306 84 Øiets-leed
727 2061 70 60 at
847 2045 192 92 hielpe
1093 2048 116 72 alle
1259 2042 128 92 fom
1443 2054 100 70 der
1597 2049 268 96 behøver

143 2165 80 76 øg
273 2150 176 76 dertil
491 2166 62 58 er
599 2148 290 91 beqvem,
939 2163 142 56 men
1133 2152 66 68 de
1211 2168 20 52 c
1285 2140 202 96 falder
1543 2148 150 89 ham
1741 2149 124 90 ofte

139 2243 320 97 ufattelig-,
535 2244 310 98 hvorfor?
939 2241 164 94 fordi
1175 2254 106 66 der
1335 2266 62 58 er
1473 2244 102 98 for
1631 2273 234 72 mange

139 2347 515 89 Supplicamer,
726 2367 76 72 og
847 2345 205 78 iblant
1101 2345 355 93 Hundrede
1506 2350 124 77 kan
1682 2351 184 78 ikkun

142 2467 74 56 en
268 2445 230 97 hielpes
550 2448 70 78 ril
672 2454 118 69 den
840 2445 380 93 Bestilling,
1288 2446 126 92 som
1466 2458 72 70 de
1592 2457 116 72 alle
1756 2455 82 88 ha-

140 2565 74 60 ve
264 2545 166 95 søgt,
508 2570 78 70 og
642 2568 72 56 en
764 2545 266 94 Tiener,
1104 2564 166 58 naar
1336 2548 126 92 han
1514 2565 176 64 enten
1744 2555 122 82 har

142 2647 300 90 studerer,
520 2652 134 72 eller
724 2665 62 56 er
852 2651 220 88 oplært
1134 2662 172 60 enten
1380 2646 120 98 hos
1560 2649 280 98 Justists-

146 2743 923 93 ellerRegnssabs-Betiemere
1120 2756 117 66 ved
1262 2746 273 96 Pennen
1572 2759 137 70 eller
1735 2775 132 74 paa

147 2853 202 70 anden
391 2846 256 78 Maade
713 2847 166 92 giort
943 2847 84 92 sig
1099 2847 286 91 beqvem,
1463 2850 120 79 kan
1635 2853 230 98 snarest

143 2943 162 78 blive
357 2944 278 94 hiutpen,
691 2944 164 93 fordi
907 2963 68 60 ar
1025 2947 68 76 til
1137 2944 474 102 Befordringer
1645 2951 192 92 udfor-

137 3053 148 70 dres
333 3042 410 92 Bekiemssab
803 3067 78 74 og
939 3043 614 100 Recommedarion,
1605 3059 228 90 ligesaa-

139 3151 97 70 vel
273 3143 129 93 som
437 3146 309 91 Merirer,
801 3167 79 74 og
931 3169 165 56 naar
1137 3148 129 86 han
1317 3162 85 68 da
1455 3174 65 58 er
1571 3155 121 90 hos
1721 3157 105 90 saa-

137 3250 132 69 dan
144 3251 126 70 dan
322 3246 258 92 Mand,
658 3246 128 92 som
848 3267 62 56 er
976 3249 18 76 i
1056 3247 312 99 Anseelse,
1442 3276 80 72 og
1586 3263 68 72 til
1710 3259 152 98 hvis

146 3341 608 84 Recommendation
782 3345 194 92 fattes
1000 3345 238 93 Tilliv,
1296 3374 194 72 gaaer
1536 3356 130 93 han
1702 3367 130 88 gier-

142 3465 76 56 ne
262 3441 188 95 frem,
530 3446 124 88 som
706 3467 78 70 og
836 3469 62 56 er
952 3447 326 99 Aarsagen
1332 3458 110 90 til,
1508 3473 68 62 at
1630 3481 230 80 mange

138 3563 162 78 unge
352 3544 355 100 Mennesker
758 3547 119 98 har
940 3553 165 92 giver
1168 3554 89 96 sig
1320 3550 107 98 fra
1490 3556 339 87 Studerin-

1749 3687 110 72 ger
