2970 4613
1144 57 436 60 mmsæm

206 1960 68 31 Æs-

234 1964 74 33 7«’·T—»«·««

1023 470 36 28 f)

1023 470 36 28 f)

1026 480 90 62 0°

1862 431 85 47 m

1847 430 66 40 m

1862 431 85 47 m-

1847 430 66 40 m

1020 643 293 84 Bønder
1374 639 155 84 lider
1580 644 121 72 ved
1746 632 311 95 Dyrtid,
2142 626 175 95 fordi
2376 628 75 76 de
2506 639 107 62 om
2662 618 103 96 Ef-

1023 758 276 63 teraaret
1349 762 78 71 og
1473 749 198 68 andre
1707 736 228 89 Tider,
1991 752 168 58 naar
2213 739 76 68 de
2345 726 164 92 have
2563 725 196 88 indhø-

1021 845 111 90 stet
1185 861 79 73 og
1313 844 261 90 flagret,
1643 834 139 96 føre
1835 842 185 71 deres
2067 830 197 80 Korn
2319 844 81 76 og
2449 822 337 96 Fedevare

1020 945 76 72 til
1146 937 230 89 Torvs
1438 939 18 74 i
1508 935 482 92 Krøbenhavn,
2049 951 82 71 og
2186 931 168 86 siden
2410 928 160 92 igirn
2624 942 158 59 man

1020 1039 179 78 kiøbe
1252 1032 77 98 af
1378 1036 401 81 Kiøbmænd
1822 1053 81 70 og
1942 1028 357 93 Skippere.
2365 1068 128 18 —
2600 1021 183 93 Dog

1023 1139 120 78 kan
1209 1142 116 72 alle
1391 1135 292 82 Bønder
1749 1134 20 77 i
1839 1127 512 96 Almindelighed
2417 1124 122 78 ikke
2593 1125 192 73 vinde

1021 1254 203 77 meget
1275 1242 117 72 ved
1429 1231 313 96 Dyrtid,
1793 1225 173 98 fordi
2017 1238 75 68 de
2145 1247 157 58 maa
2329 1227 203 77 betale
2583 1235 205 64 andre

1020 1335 208 82 Vare
1282 1342 220 84 dyrere
1568 1334 162 90 igien
1796 1335 74 76 til
1928 1329 550 91 Kiøbmændene,
2532 1319 254 94 saasom

1018 1437 223 92 Jern,
1294 1432 229 91 Tiere,
1576 1430 359 93 Tømmer,
1990 1422 229 97 Salt,
2260 1423 233 93 Kuul,
2549 1443 80 70 og
2676 1421 113 88 saa

1021 1537 244 87 videre,
1333 1530 216 95 efterdi
1601 1530 474 80 Kiøbmanden
2125 1526 134 91 som
2311 1529 190 87 ingen
2553 1519 236 98 Prosit

1019 1635 171 94 igien
1241 1630 123 80 kan
1417 1631 141 94 soge
1610 1652 132 70 paa
1796 1639 74 68 de
1923 1627 111 92 saa
2085 1632 155 85 dyre
2293 1624 205 79 kiøbte
2551 1621 237 91 Vare,

1018 1755 88 72 og
1168 1731 186 95 hvem
1426 1739 102 70 det
1598 1738 286 70 desuden
1950 1727 194 93 kofter
2220 1740 206 76 meget
2492 1737 72 58 at
2634 1731 152 77 leve,

1017 1851 162 58 maa
1231 1832 138 92 søge
1419 1837 120 70 den
1595 1848 134 72 paa
1773 1837 74 70 de
1890 1825 213 83 Vare
2152 1823 133 86 som
2336 1821 301 85 Bonden
2689 1819 74 73 til-

1018 1930 213 78 kiober
1265 1932 106 92 sig.
1479 1929 149 96 Ja,
1685 1946 132 76 paa
1849 1946 232 74 mange
2111 1922 264 81 Steder
2429 1922 122 94 har
2589 1915 178 84 Bøn-

1020 2037 190 70 derne
1264 2028 124 80 ikke
1442 2027 310 93 synderlig
1804 2035 194 68 andet
2046 2038 70 62 at
2168 2029 130 72 leve
2346 2018 108 96 af,
2502 2029 116 67 end
2660 2015 132 88 som

1020 2129 311 92 Fifferie,
1386 2138 81 81 og
1524 2148 156 56 maa
1726 2127 176 78 kiøbe
1950 2129 208 73 baade
2202 2121 200 80 Korn
2458 2140 83 73 øg
2594 2125 200 68 andre

1023 2226 542 95 Levnetsmidler,
1637 2224 132 90 som
1821 2223 210 88 altsaa
2083 2226 154 74 lider
2289 2228 124 70 ved
2471 2226 120 72 den
2639 2225 156 79 dyre

1021 2325 175 94 Tid,
1247 2346 135 74 paa
1443 2325 199 80 Korn
1679 2324 99 95 og
1833 2333 203 69 andre
2087 2318 379 96 fortærende
2515 2316 230 83 Vare.

1186 2520 861 86 Brændeviinsbrænderiet
2114 2540 67 58 er
2252 2523 121 73 ved
2438 2516 357 96 Førbudde

1023 2622 434 95 indskrænket,
1515 2619 168 92 fordi
1739 2639 68 58 at
1847 2617 366 84 Bønderne
2269 2617 124 78 ikke
2445 2616 178 92 stulle
2677 2617 120 88 søle

1023 2725 95 92 sig
1169 2725 19 76 i
1241 2718 309 99 formeger
1601 2722 339 94 Fylderie,
1993 2740 145 56 men
2189 2725 103 70 der
2345 2716 235 96 hielper
2633 2717 167 91 ikke;

1024 2825 96 86 thi
1172 2829 74 71 de
1302 2826 90 72 vil
1444 2829 128 86 dog
1638 2822 162 92 have
1854 2817 486 94 Brændeviin,
2404 2818 22 74 i
2484 2818 162 94 hvor
2698 2825 98 69 det

1024 2921 287 77 kommer
1366 2918 145 95 fra,
1592 2918 315 96 hvorover
1960 2927 75 67 de
2088 2918 215 77 kiober
2356 2926 99 68 det
2514 2918 19 74 i
2583 2915 192 101 Kiele-

1027 3015 298 94 sæderne
1379 3039 80 72 og
1511 3019 336 88 Kroerne,
1901 3039 80 73 og
2031 3012 380 98 forsømmer
2465 3024 184 71 deres
2675 3015 96 83 Ar-

1029 3117 215 87 beide,
1323 3127 121 68 ved
1511 3135 71 62 ar
1649 3118 289 91 henligge
2007 3118 21 74 i
2099 3116 313 79 Kroerne.
2577 3115 221 98 Imod

1030 3217 150 94 disse
1230 3216 354 96 Forbudde
1634 3218 274 94 handles
1962 3237 80 73 og
2090 3233 246 76 meget,
2406 3220 20 72 i
2462 3224 100 70 det
2594 3220 204 79 endeel

1030 3315 81 92 af
1134 3315 367 83 Bønderne
1540 3318 177 92 stjæle
1752 3316 87 95 sig
1886 3319 71 74 til
2006 3330 71 62 ar
2122 3316 255 79 brænde
2420 3338 83 74 og
2546 3319 229 96 profite-

1027 3435 104 58 rer
1183 3424 230 70 derved
1469 3434 238 74 meget,
1779 3427 198 66 andre
2031 3414 130 94 som
2217 3417 218 92 holder
2489 3420 92 93 sig
2617 3417 153 100 For-

1029 3513 236 98 buddet
1333 3514 435 100 efterrettelig,
1845 3517 223 89 taber,
2157 3525 121 72 ved
2331 3527 101 73 det
2485 3530 75 68 de
2624 3521 178 92 giver

2568 3638 232 76 mange
