2926 4544
1020 628 118 96 ii)
1186 623 90 80 At
1316 624 178 90 nogle
1524 631 202 81 endog
1770 619 178 92 giøre
1998 613 332 89 Misbrug
2366 603 192 99 deraf
2594 606 20 78 i
2660 610 106 77 det

1109 734 76 65 de
1226 721 127 90 feye
1398 722 249 79 Gaden
1681 727 140 71 med
1848 723 187 85 lange
2068 713 163 94 silke'
2246 709 323 89 Slæber,
2623 712 140 73 eller

1115 823 139 92 silke
1281 820 383 96 Feyekoster,
1721 840 81 69 og
1821 818 405 108 siig^giores
2269 812 205 92 gierne
2497 805 79 97 af
2595 814 173 85 dem,

1114 922 132 88 som
1294 923 150 73 intet
1482 921 118 92 har
1652 933 218 76 noget,
1916 901 102 103 for
2070 922 254 65 dermed
2374 927 68 58 at
2486 908 280 75 indbilde

1107 1027 232 83 andre,
1423 1033 70 62 ar
1556 1027 75 66 de
1687 1038 96 56 ere
1830 1011 361 92 fornemme
2248 1008 205 98 Folk,
2524 1002 79 98 af
2638 1008 131 94 stor

1111 1118 251 81 Stand
1395 1140 81 73 og
1519 1125 159 86 gode
1727 1113 347 93 Vilkaar,
2129 1133 83 74 og

134 2224 160 149 ML

143 2368 152 143 f.

131 2556 92 39 III
236 2558 36 36 /

1022 1320 129 88 IL)
1202 1313 95 82 At
1360 1333 233 78 mange
1634 1312 123 78 kan
1800 1317 303 71 undvære
2144 1305 401 100 Porcelain,
2600 1319 171 63 naar

1117 1428 100 63 det
1251 1435 71 65 ey
1353 1416 122 76 kan
1521 1389 186 114 faaes
1749 1414 108 81 her
1909 1417 20 69 i
1975 1408 238 80 Lander
2261 1428 81 72 og
2385 1408 248 88 benytte
2679 1406 95 93 sig
2911 1382 6 98 I

1022 1528 36 48 *
1120 1509 78 92 af
1236 1513 454 93 Steen-Toy;
1744 1508 108 91 faa
1890 1507 118 92 seer
2044 1508 96 91 jeg
2196 1504 162 92 ikke,
2412 1521 68 60 at
2524 1502 248 90 saadan

1118 1610 389 96 Modsigelse
1542 1611 203 94 finder
1778 1629 203 74 nogen
2010 1606 273 96 Grund,
2312 1604 131 92 som
2474 1603 127 79 kan
2644 1622 97 60 væ-

1123 1731 68 62 re
1240 1728 69 62 at
1371 1731 256 76 anrage.

1166 1911 151 84 Vel
1366 1932 61 58 er
1450 1918 103 71 der
1598 1907 209 92 sandt,
1862 1923 69 62 ar
1956 1906 277 93 Kongen
2264 1900 181 96 faaer
2476 1901 91 96 sin
2596 1900 181 88 Told

1021 2032 84 76 og
1139 2020 74 69 de
1247 2013 388 93 Handlende
1667 2012 344 73 vinverved
2053 2016 194 67 denne
2271 2004 304 98 Handel;
2627 2021 148 59 men

1023 2116 175 88 hvad
1224 2117 88 72 vil
1350 2124 154 66 dette
1549 2112 167 88 sige?
1770 2127 166 56 naar
1971 2108 139 94 siigt
2154 2102 214 90 ansees
2407 2099 101 94 for
2544 2116 70 62 ar
2647 2100 126 89 kan

1022 2231 167 59 være
1220 2221 99 68 det
1364 2208 399 92 almindelige
1790 2205 205 91 Beste
2028 2210 139 72 eller
2210 2213 101 67 der
2350 2206 157 90 heele
2536 2199 223 79 Lands

1020 2310 513 97 Formena
1305 2312 230 87 limod,
1591 2307 110 87 saa
1745 2325 62 58 er
1855 2315 100 68 der
2009 2308 62 90 jo
2127 2305 220 87 bedre,
2419 2317 68 60 at
2535 2297 240 79 Lander
2897 2338 4 50 i

1023 2416 199 76 bliver
1253 2413 19 74 i
1297 2409 381 89 Velstand,
1744 2411 116 71 end
1905 2403 131 91 som
2091 2417 69 60 at
2201 2399 259 89 Tolden
2511 2397 265 90 betales,
2895 2374 7 114 j

1020 2520 75 70 de
1130 2506 433 99 Handlende,
1626 2506 130 86 som
1790 2501 282 80 Kiobere
2120 2523 83 70 og
2254 2500 360 96 Jnhenrere
2640 2498 106 76 vin-

1019 2618 136 85 der,
1179 2631 78 70 og
1303 2605 238 92 Resten
1561 2624 196 73 gaaer
1789 2599 74 90 af
1901 2603 238 77 Landet
2185 2601 72 77 til
2315 2607 250 70 andere.
2619 2594 158 85 Det

1021 2732 65 56 er
1139 2713 99 74 vel
1299 2704 195 96 ogsaa
1547 2703 175 93 fant,
1817 2719 69 58 at
1931 2700 451 84 Dannemark
2419 2701 165 74 vilde
2629 2695 149 79 tabe
2889 2674 7 92 !

1018 2818 159 81 ved,
1230 2821 70 62 at
1340 2812 138 72 lade
1502 2809 196 70 denne
1726 2800 268 95 Handel
2024 2796 175 93 fare,
2234 2808 142 70 med
2418 2801 252 74 mindre
2708 2811 70 60 ar

1023 2914 118 74 alle
1173 2913 200 69 andre
1405 2910 20 70 i
1471 2903 278 93 Europa
1786 2900 213 91 gjorde
2043 2877 250 114 ligefaa,
2325 2898 208 92 fordi,
2587 2912 70 60 at
2707 2901 72 72 dr

1018 3004 227 92 danske
1285 3007 21 70 i
1341 3002 111 90 saa
1481 3001 175 96 Fald
1701 3015 245 61 manne
1985 3002 143 88 give
2151 3004 197 71 andre
2403 2999 21 74 i
2475 2997 303 90 Europa,

1024 3108 346 94 Fordeelen
1440 3123 80 72 og
1584 3099 354 90 Gevinsten
1996 3094 100 94 for
2152 3107 74 68 de
2286 3094 356 99 Ostindiske
2700 3113 80 74 og

1023 3203 348 97 Chinesisse
1433 3202 248 90 Vare,
1766 3196 131 93 som
1955 3204 74 70 de
2093 3212 246 63 maarre
2413 3196 366 91 indbringe;

1021 3326 149 56 men
1211 3301 127 76 ikke
1383 3303 417 84 desmindere,
1867 3316 169 58 naar
2071 3298 347 93 Handelen
2467 3297 187 92 synes
2711 3307 71 64 ar

1024 3422 164 61 være
1228 3403 288 92 skadelig,
1584 3399 110 90 saa
1742 3418 64 56 er
1840 3405 104 70 det
1988 3414 134 74 got,
2178 3413 70 61 at
2292 3406 118 68 den
2458 3396 300 92 indskræn-

1018 3502 149 103 kes,
1222 3479 317 122 faaledes,
1593 3512 72 74 ar
1720 3495 217 103 herfra
1971 3516 70 86 ep
2085 3495 270 104 udfores
2396 3493 103 106 for
2551 3509 236 74 mange

2575 3590 211 92 Vare
