3102 4697
1825 487 86 72 35

983 505 97 54 Kys

179 687 132 80 paa
363 667 226 84 Landet
637 670 132 80 vel,
823 661 248 94 saasom
1123 662 202 83 Skoe
1379 682 76 72 og
1507 667 190 73 ander
1743 663 168 94 fligt,

181 772 129 91 som
361 767 165 92 fores
577 768 65 78 til
695 764 437 97 Vestindien;
1223 776 129 82 dog
1423 764 105 88 saa
1593 769 187 90 længe
1835 771 77 71 de

182 870 370 99 Handlende
618 866 118 78 kan
796 864 178 98 holde
1024 863 182 98 Pris
1260 872 142 72 med
1456 874 232 81 andre,
1774 885 136 74 paa

186 980 94 71 der
330 969 122 90 som
522 965 278 95 saaledes
854 961 306 100 udføres,
1238 962 122 80 kan
1418 970 102 72 det
1574 963 122 80 ikke
1750 985 162 61 være

188 1075 66 74 ril
304 1089 192 74 nogen
548 1068 291 92 Hinder,
898 1085 70 60 at
1032 1065 236 90 samme
1322 1086 134 74 paa
1508 1074 76 67 de
1634 1065 280 94 kostbare

185 1168 250 83 Steder
491 1169 198 79 bliver
741 1162 420 99 forfærdige!,
1217 1188 82 76 og
1367 1166 262 100 opløber
1697 1171 72 74 til
1841 1187 74 59 en

177 1270 107 97 hos
335 1267 172 100 Pris
567 1268 96 96 for
715 1268 344 82 Kloderne.

557 1831 327 124 Tredie
920 1828 616 145 Afhandling.

968 2048 152 88 Om

435 2226 1228 179 Landvæsenet.

183 2524 600 167 ^vandmandens
857 2566 418 102 Indkomster
1353 2576 22 78 i
1439 2574 476 98 Dannemark,

183 2648 150 79 ^
387 2665 274 79 kommer
715 2666 74 92 af
829 2670 194 77 Korn
1075 2693 82 74 og
1209 2672 248 94 Qveg,
1513 2699 78 68 og
1617 2699 166 58 naar
1812 2690 102 69 det

187 2785 64 56 er
305 2765 280 92 Dyrriid
639 2762 336 92 formeeres
1029 2771 168 94 hans
1233 2774 420 96 Indkomster
1687 2801 128 70 paa
1841 2793 76 67 de

186 2863 252 80 Steder
494 2867 152 89 hvor
694 2876 106 68 der
850 2891 62 54 er
964 2883 126 82 god
1140 2871 304 92 Forraad
1498 2877 214 94 deraf,
1774 2881 108 86 saa-

184 2961 130 92 som
368 2967 18 74 i
436 2963 320 96 Jylland,
810 2966 188 99 Fyhn
1024 2993 78 72 og
1128 2973 338 96 Holsteen,
1516 2976 160 97 hvor
1710 2979 174 84 Bøn-

182 3068 182 71 derne
416 3067 18 72 i
486 3072 176 86 nogle
714 3066 138 80 Aar
902 3091 60 56 er
1016 3071 286 81 kommen
1354 3078 90 94 sig
1488 3099 110 71 got
1626 3103 78 72 og
1738 3083 144 94 Jor-

180 3163 357 92 degodserne
590 3176 253 70 derover
902 3173 237 76 betales
1200 3178 339 78 tredobbelt
1590 3181 107 80 saa
1754 3195 153 82 dyre

181 3260 128 95 som
357 3259 234 98 forhen.
693 3266 64 96 I
799 3268 314 83 Sælland
1165 3273 120 79 kan
1339 3284 96 72 vel
1481 3302 80 73 og
1586 3279 291 99 Proe-

181 3364 264 86 rairerne
497 3365 122 89 som
673 3386 94 60 ere
817 3368 366 92 formuende
1235 3382 188 74 vinde
1463 3394 118 65 ved
1615 3383 296 95 Dyrtid,

183 3463 22 74 i
259 3469 96 70 der
405 3473 68 66 de
535 3464 120 76 kan
719 3470 261 94 giemme
1049 3485 181 69 deres
1299 3478 193 82 Korn
1557 3503 77 74 og
1707 3497 201 71 andre

180 3556 204 89 Vare
434 3564 286 102 derefter;
808 3592 140 61 men
1006 3573 92 94 jeg
1164 3593 220 85 kroer,
1450 3596 70 64 at
1578 3593 72 70 de
1712 3587 198 92 fleeste

938 3671 64 86 C
1058 3699 40 50 2
1710 3685 210 86 Bøn-
