3033 4711
1112 103 260 46 mmmz

1278 818 432 120 Siette
1778 814 836 144 Afhandling.

1861 987 162 84 Om

1574 1114 700 172 Laugene.

1057 1513 66 46 o
1149 1525 86 78 ffs
1281 1479 132 88 ogle
1443 1477 178 92 ffulle
1667 1485 100 74 vel
1811 1477 146 82 ville
2013 1481 228 90 tænke,
2311 1493 76 64 at
2437 1481 248 94 ligesom
2729 1481 96 96 jeg

1331 1579 118 88 har
1485 1601 190 56 værer
1707 1579 82 94 af
1807 1595 70 64 De
1921 1579 262 90 Tanker
2219 1597 70 60 ar
2351 1601 74 56 en
2462 1579 119 99 frie
2629 1581 168 94 Han-

1049 1689 100 72 del
1181 1705 122 56 var
1351 1687 116 68 Den
1507 1683 152 88 beste
1693 1703 78 70 og
1823 1679 364 84 befordrede
2217 1701 232 70 mange
2484 1678 308 94 Grad-neie-

1049 1792 278 75 menker—,
1385 1779 94 94 jeg
1513 1801 78 72 og
1631 1787 138 70 ville
1803 1781 120 94 sige
1969 1797 68 60 ar
2075 1779 114 92 frie
2225 1781 388 94 Håndværk
2655 1793 168 62 uven

1049 1881 220 94 Langs
1301 1879 390 92 Rettighed,
1747 1899 122 58 var
1919 1879 270 96 ligesaa;
2229 1901 144 54 men
2405 1881 96 88 jeg
2533 1901 64 54 er
2647 1875 76 94 af
2747 1895 76 60 en

1047 1989 184 86 langt
1265 1991 210 66 anden
1507 1979 356 94 Meening;
1913 1983 90 88 thi
2041 1981 250 92 ligesom
2329 1981 94 92 jeg
2467 1983 120 86 har
2621 1991 204 64 meent

1047 2099 72 60 ar
1155 2091 148 78 der,
1377 2073 352 98 formedelst
1763 2091 116 64 den
1927 2087 150 82 dyre
2125 2079 390 80 Levemaade
2557 2099 80 72 og
2669 2075 126 94 Op-

1047 2181 174 90 hold,
1263 2177 132 92 som
1429 2195 60 60 er
1523 2179 18 74 i
1573 2177 482 96 Kiøbstæderne
2093 2177 264 92 fremfor
2393 2199 134 72 paa
2553 2177 266 92 Lander,

1049 2281 164 100 hvor
1263 2297 150 58 over
1449 2281 186 88 ingen
1669 2289 106 64 der
1831 2277 124 76 kan
1989 2277 380 94 fvrarbeyde
2417 2279 128 94 sine
2585 2275 234 96 Vare,

1049 2387 70 70 til
1149 2375 450 98 Forhandling
1639 2397 134 72 paa
1819 2387 200 68 andre
2065 2377 306 94 Græder,
2423 2387 142 66 med
2617 2397 204 70 nogen

1047 2479 312 92 Fordeel,
1439 2473 166 92 fordi
1653 2475 130 96 han
1817 2497 70 64 ey
1933 2481 18 72 i
2009 2477 108 84 saa
2163 2479 260 78 Maade
2473 2475 120 76 kan
2641 2477 180 90 holde

1047 2579 238 98 Priis,
1345 2573 118 78 ikke
1495 2575 116 76 bor
1655 2595 70 56 ar
1761 2595 162 58 være
1967 2579 176 90 fleere
2189 2575 456 96 Håndværker
2687 2597 130 72 paa

1049 2699 56 60 er
1151 2675 254 88 Sræd,
1475 2685 120 66 end
1647 2683 72 68 de
1783 2675 128 88 som
1963 2673 276 96 behøves
2271 2679 70 74 ril
2393 2675 400 96 Indbygger-

1049 2787 116 72 nes
1197 2777 396 90 nødvendige
1631 2773 313 93 Anden-de,
2003 2775 110 88 saa
2153 2797 62 54 er
2249 2785 100 68 det
2395 2799 78 66 og
2509 2773 308 86 foroeDen

1049 2895 72 62 at
1157 2877 236 88 samme
1425 2889 194 76 nyder
1657 2883 116 66 den
1795 2875 242 94 Frihed
2073 2897 78 72 og
2181 2875 480 92 Understørrelse
2691 2875 126 88 som

1049 2979 222 88 Langs
1303 2971 434 96 Retligheden
1771 2977 260 92 tilsiger,
2089 2997 130 70 paa
2251 2983 102 70 det
2397 2987 70 64 de
2497 2975 124 78 kan
2651 2979 160 74 blive

1047 3087 122 70 ved
1225 3073 248 92 Magt,
1535 3093 78 72 og
1651 3071 110 86 saa
1819 3079 194 88 længe
2067 3087 168 80 Deep
2285 3073 352 94 formedelst
2683 3081 136 72 eller

1047 3185 118 72 ved
1199 3171 244 90 saadan
1473 3171 274 96 Friehed
1779 3193 96 54 ere
1909 3177 206 90 eenige
2145 3197 104 54 om
2301 3173 102 96 for
2451 3177 126 92 stor
2609 3175 186 84 Beta-

1053 3279 132 90 ling
1239 3295 78 72 og
1375 3271 254 94 ubillige
1687 3257 306 110 Fordeéle
2033 3291 68 60 at
2147 3273 178 96 soge,
2403 3273 110 90 saa
2567 3275 252 94 hindrer

1053 3387 196 66 denne
1301 3371 268 94 Friehed
1601 3373 216 92 ingen,
1875 3381 164 68 uden
2071 3383 72 66 de
2201 3377 438 94 Uberettigede
2689 3377 128 88 som

1057 3479 136 78 ville
1225 3475 172 94 giøre
1433 3479 142 72 dem
1607 3491 204 78 nogen
1851 3471 296 100 Indpas
2193 3479 68 76 ril
2295 3485 182 72 deres
2531 3475 282 92 Ødeleg«

2641 3575 162 96 anse
