3102 4697
153 648 340 98 maZerier,
565 642 548 90 Beendreyerier,
1197 640 404 95 Garverier,
1675 637 191 98 Folde-

151 751 299 78 dereeder-
503 768 74 70 og
621 743 520 100 Handskemager
1161 776 18 34 -
1199 743 322 92 Værker,
1591 741 300 100 PapiirS

157 853 240 79 Moller
423 870 74 72 og
525 846 108 94 faa
669 853 232 84 videre,
955 841 198 81 kunde
1213 852 302 85 anlegges
1561 865 126 70 paa
1725 843 162 83 Lan»

163 961 93 69 ver
285 954 15 74 i
333 949 471 90 Dannemark,
861 949 71 76 ril
965 943 255 95 Nytte,
1299 948 167 88 siden
1495 943 233 80 Lander
1767 948 119 90 har

164 1053 286 97 Forraad
488 1046 72 92 af
588 1061 68 66 de
698 1047 242 90 Vare,
996 1046 130 92 som
1182 1049 183 74 dertil
1406 1047 174 94 skulle
1638 1045 224 92 forbru-

162 1162 142 82 ges,
354 1152 108 86 saa
518 1159 94 70 vel
666 1151 128 88 som
862 1155 156 86 gode
1074 1146 500 82 Levnetsmidler
1644 1153 72 74 ril
1770 1146 94 82 Ar-

158 1253 332 93 beyvernes
530 1249 560 93 Underholdning,
1160 1258 84 68 da
1292 1258 102 69 der
1458 1269 62 58 er
1592 1247 184 82 bedre
1828 1262 70 64 at

154 1359 71 71 de
254 1350 199 84 Vare
474 1348 129 92 som
632 1351 207 90 salder
872 1353 17 72 i
920 1347 259 89 Landet,
1238 1358 105 68 der
1380 1349 233 88 samme
1650 1347 239 84 Sceds

151 1451 434 95 fabriqveres,
641 1463 118 66 end
801 1451 132 90 som
975 1466 68 58 at
1085 1456 72 70 de
1201 1448 340 93 boctselges
1583 1453 72 74 til
1695 1462 202 68 andre

155 1551 128 94 som
315 1552 230 92 samme
577 1552 120 77 kan
737 1553 172 92 giore
947 1553 14 70 i
985 1548 290 82 Arbeyde
1307 1570 78 75 og
1423 1553 162 92 iglen
1625 1551 274 93 indføre,

156 1664 81 81 og
283 1670 68 60 at
409 1650 278 82 Landets
729 1671 146 72 egne
953 1645 116 95 selv
1127 1648 134 94 søge
1323 1660 114 67 ven
1503 1651 396 81 Arbejdsløn

156 1772 86 72 øg
283 1752 279 90 Gevinst
615 1753 121 86 som
798 1765 68 62 ve
910 1753 138 90 give
1110 1764 208 62 andre.
1431 1751 137 94 Jeg
1618 1773 270 71 meener,

158 1870 72 58 at
274 1860 178 86 nogle
510 1848 74 93 af
626 1851 308 90 saadanne
984 1848 298 96 Anlægge
1336 1851 128 88 især
1514 1853 252 80 Klæde-
1814 1876 80 74 og

162 1951 196 81 Uldne
404 1950 242 82 Vares
674 1953 378 94 Fabriqver,
1084 1950 194 78 kunde
1322 1950 114 94 skee
1486 1967 118 66 ved
1646 1951 216 84 Sæde-

158 2062 348 84 gaardene,
562 2052 158 87 hvor
749 2065 70 63 de
856 2051 188 96 fleeste
1066 2050 204 92 Eyere
1300 2052 118 90 har
1456 2065 158 82 gode
1648 2055 212 95 Leylig-

157 2153 178 93 heder
363 2154 66 74 til
461 2150 398 95 Værkerne,
911 2163 166 67 uden
1109 2156 176 76 dertil
1319 2175 70 56 ar
1431 2155 218 96 opføre
1681 2179 212 75 nøgen

153 2271 114 73 nye
299 2250 354 96 Bygning,
709 2251 128 90 som
869 2257 178 75 ellers
1081 2276 166 56 naar
1293 2262 72 69 de
1401 2259 234 86 samme
1682 2277 179 60 maat-

156 2366 64 64 te
251 2350 250 96 opføre,
563 2353 118 78 ikke
709 2357 140 74 ville
879 2351 154 95 koste
1069 2364 140 70 dem
1241 2375 234 75 meget-,
1511 2369 84 66 da
1633 2367 72 68 de
1743 2359 120 83 kun-

155 2459 74 71 de
259 2450 262 100 anskaffe
551 2456 85 91 sig
675 2455 148 94 hver
853 2473 72 58 en
967 2456 242 94 Mester
1239 2478 79 72 og
1365 2479 72 56 en
1485 2457 277 95 Svend,
1813 2482 81 74 og

156 2549 22 82 i
202 2556 206 88 øvrigt
438 2558 66 72 til
544 2571 68 60 at
642 2553 208 94 spinde
886 2577 78 72 og
996 2556 198 92 karte,
1222 2558 232 77 betiene
1490 2563 88 90 sig
1604 2557 78 98 af
1708 2571 184 69 deres

160 2671 148 73 egne
332 2652 284 82 Bønder
650 2677 76 72 og
760 2653 302 93 Tienere,
1114 2654 162 92 samt
1320 2662 136 75 lade
1488 2667 178 88 nogle
1698 2662 78 88 af
1820 2678 74 68 de

164 2749 236 91 samme
446 2758 260 89 oplære,
768 2753 128 90 som
964 2757 162 91 siden
1166 2756 200 79 kunde
1420 2777 162 62 være
1626 2771 142 71 dem
1820 2766 72 76 til

162 2847 280 97 Tieneste
488 2858 134 73 eller
664 2857 260 74 etablere
952 2857 87 93 sig
1076 2878 127 74 paa
1238 2856 365 103 Godserne;
1636 2885 73 74 og
1740 2885 151 59 mon

159 2950 124 78 ikke
313 2952 224 92 enhver
571 2952 242 85 Bonde
842 2955 368 102 ligesaavel
1113 2966 98 70 vel
1245 2954 198 87 kunde
1493 2969 170 88 giore
1709 2965 150 81 Klæ-

159 3055 110 89 de,
317 3050 126 88 som
491 3052 348 85 Vadmel?
889 3057 96 97 jeg
1039 3082 242 56 meener
1319 3060 102 95 jo,
1489 3081 70 62 at
1599 3087 172 61 naar
1813 3080 78 66 de

153 3156 180 74 dertil
391 3156 164 76 bleve
613 3163 166 72 læm
857 3177 78 74 og
999 3170 72 70 de
1129 3162 202 92 havde
1385 3171 72 70 de
1523 3165 364 94 behøvende

163 3249 537 104 Srampemoller,
755 3255 279 100 Præsser
1079 3284 77 74 og
1195 3262 459 97 Overskiærere
1683 3273 15 72 i
1730 3267 132 83 Lan-

157 3353 127 87 det,
158 3353 120 89 det,
332 3352 126 88 som
488 3366 70 68 de
594 3357 196 80 kunde
824 3355 134 98 søge
990 3384 130 74 paa
1150 3362 236 92 samme
1412 3365 300 96 Maade,
1756 3370 136 94 som

158 3453 74 75 de
278 3472 86 58 nu
410 3454 132 96 soge
588 3457 362 94 Farveren,
1032 3464 110 88 saa
1192 3464 202 81 kunde
1442 3479 100 66 der
1602 3475 138 74 lade
1794 3474 94 90 sig

154 3567 200 81 Mæ-
402 3552 126 96 især
558 3556 194 89 kunde
782 3559 536 102 Huusmændene
1346 3566 132 99 som
1524 3571 186 100 ingen
1758 3572 106 78 Av-

1760 3676 133 92 ling
