2967 4608
1053 399 98 70 42

1049 577 278 96 Frihed,
1383 575 18 76 i
1433 583 100 70 det
1563 583 108 68 der
1709 575 242 80 betales
1981 575 182 94 ingen
2189 573 202 84 Skat
2415 571 76 78 til
2517 571 278 94 Kongen

1047 679 78 84 af
1147 673 874 100 Hovedgaards-Taxrerne,
2077 681 174 74 imod
2289 687 114 66 den
2441 673 326 82 Matricul-

1047 779 198 82 Skar
1277 779 130 88 som
1441 781 236 76 betales
1705 777 76 96 af
1809 781 406 80 Bøndernes
2233 773 382 96 Hartkorn,
2671 775 124 92 fors

1045 893 162 64 uden
1243 891 138 78 det,
1435 899 70 58 at
1533 881 230 80 Eierne
1793 891 160 80 nyde
1987 877 216 96 Jagt,
2261 875 376 94 Fijkerieog
2683 897 114 56 am

1041 987 110 68 dre
1175 981 422 94 Herligheder
1637 979 148 88 ester
1829 981 364 88 Standen,
2247 999 78 70 og
2371 993 166 58 naar
2577 985 72 68 de
2697 979 72 74 be-

1041 1091 154 70 talre
1227 1082 248 80 saadan
1501 1083 198 80 Skat
1729 1081 78 92 af
1827 1087 118 72 alle
1975 1079 456 96 Herregaarde
2465 1073 106 98 her
2599 1079 20 74 i
2635 1073 134 82 Lan-

1041 1193 134 84 det,
1221 1185 126 78 kan
1375 1183 182 96 synes
1591 1203 68 60 at
1685 1195 98 68 der
1821 1185 138 76 blev
1993 1181 278 96 Kongen
2305 1179 70 80 ril
2409 1177 196 96 større
2630 1175 135 98 For-

1037 1290 148 80 dee«l.

1199 1487 332 96 Spørges
1571 1507 130 70 nu,
1757 1481 216 94 efterdi
1995 1489 104 72 det
2113 1481 180 94 synes
2319 1495 68 64 at
2421 1497 162 64 være
2607 1479 156 80 Kon-

1035 1605 118 76 gen
1181 1593 70 72 til
1281 1589 308 96 Fordeel,
1657 1589 122 76 kan
1821 1597 86 66 da
1955 1587 474 90 Sædegaards
2469 1579 232 84 Eierne
2739 1587 54 74 ei

1033 1691 206 74 betale
1270 1689 241 87 saadan
1541 1687 252 82 Skat?
1845 1697 86 68 da
1977 1687 222 88 svares
2225 1687 104 86 ja,
2375 1687 204 76 endeel
2615 1681 145 81 Sce-

1031 1791 327 87 degaards
1391 1787 184 84 Eiere
1621 1787 132 90 som
1795 1791 162 86 have
2009 1795 498 86 ucompleterede
2541 1785 222 78 Sæde-

1029 1899 280 82 gaarde,
1367 1911 156 54 maa
1559 1888 198 79 betale
1790 1889 243 93 saadan
2069 1889 196 80 Skar
2313 1883 78 92 af
2423 1893 180 72 deres
2641 1883 120 93 Ho-

1028 1995 373 85 Vedgaards
1433 1989 284 96 Taxler,
1771 2013 80 70 og
1881 1989 280 80 kommer
2189 1997 126 84 dog
2363 2003 112 80 got
2525 1995 88 68 ud
2653 1993 110 70 der-

1029 2101 178 76 med,
1267 2109 144 54 men
1441 2099 100 68 det
1575 2095 164 72 vilde
1773 2089 168 88 falde
1973 2097 142 70 dem
2157 2085 78 96 af
2277 2099 70 66 de
2383 2085 118 92 frie
2538 2083 218 89 Sæde-

1025 2194 259 86 gaardo
1313 2185 188 84 Eiere
1537 2189 130 86 som
1699 2193 48 72 ei
1781 2193 136 90 stod
1947 2193 90 92 sig
2083 2197 138 82 vel,
2267 2187 268 90 forsvert
2581 2205 70 56 ar
2691 2187 72 72 be-

1025 2293 124 72 tale
1179 2287 270 90 samme,
1513 2285 168 92 fordi
1717 2301 72 64 de
1815 2289 206 90 havde
2055 2289 172 78 kiobt
2257 2291 100 86 for
2399 2295 188 84 dyrt,
2645 2293 142 70 med

1023 2391 248 72 mindre
1307 2395 70 70 de
1405 2387 202 80 kunde
1643 2399 162 84 nyde
1849 2391 198 94 større
2093 2387 346 98 Landgilde
2485 2383 78 94 af
2603 2391 182 74 deres

1019 2483 310 86 Bønder.

1219 2703 334 100 Spørges
1581 2709 328 86 derimod,
1965 2709 122 78 kan
2125 2717 84 72 da
2249 2729 74 56 en
2356 2706 426 101 Herregaae

1019 2803 52 74 ei
1105 2813 328 68 anvendes
1481 2813 70 74 til
1599 2811 194 90 større
1839 2809 272 98 Fordeel
2167 2809 98 86 for
2311 2809 276 96 Landet,
2665 2821 120 70 ved

1019 2909 246 84 derpaa
1291 2909 142 74 eller
1467 2929 130 72 paa
1627 2909 822 96 Hovedgaards-Marken
2475 2929 70 64 ar
2569 2919 184 86 anleg-

1015 3021 76 70 ge
1133 3003 580 98 Bøndergaarde?
1779 3019 86 70 da
1911 3011 220 90 svares
2171 3031 136 70 net,
2363 3011 254 90 absolut
2657 3013 122 78 ikke

1015 3103 24 72 i
1063 3103 168 74 mine
1265 3101 296 96 Tanker;
1617 3117 96 70 vel
1747 3127 64 62 er
1841 3119 100 70 det
1973 3109 154 92 faa,
2185 3125 70 62 ar
2289 3131 232 76 mange
2551 3113 204 96 Fami-

1017 3201 110 74 lier
1181 3201 202 82 kunde
1441 3215 268 74 etablere
1757 3233 80 72 og
1891 3231 232 60 ernære
2187 3211 90 94 sig
2329 3231 132 72 paa
2509 3213 240 98 Hoved-

1013 3313 254 86 gaards
1297 3305 396 104 Markerne,
1749 3331 146 62 men
1921 3331 170 62 naar
2125 3311 362 98 betragtes:

2533 3525 94 100 i>
2683 3523 92 86 At
