3027 4648
697 428 105 82 SS
897 428 75 72 *
1065 427 109 80 SS

1827 441 83 70 13

72 620 108 78 alle
242 606 326 109 Obersten
614 613 128 74 und
804 608 400 98 Hauptleute
1260 599 156 87 über
1462 600 272 100 hundert
1774 609 138 78 und

72 727 145 81 über
242 726 235 98 fünfzig
508 729 87 74 im
626 723 271 82 Namen
932 726 115 75 des
1090 713 307 100 Königs,
1438 728 153 68 was
1632 722 83 93 sie
1752 719 159 96 thun

69 841 224 98 sollten,
311 860 68 74 zu
411 833 322 102 beschützen
761 838 116 74 den
907 830 248 99 König,
1175 835 208 75 damit
1417 830 166 96 nicht
1611 836 96 74 ein
1735 831 156 100 Auf-

67 950 146 92 ruhr
249 954 214 78 werde
517 955 88 72 im
649 948 228 88 Volk,
955 947 158 92 auch
1161 943 162 94 nicht
1367 946 168 76 einer
1575 947 336 78 entrinnen

68 1062 230 96 möchte
324 1080 130 64 von
481 1067 219 90 denen,
731 1062 95 78 die
856 1064 194 76 wider
1097 1063 115 74 den
1233 1055 217 97 König
1489 1074 253 62 waren.

168 1200 74 56 2.
298 1180 144 80 Und
470 1195 62 60 er
562 1197 108 74 zog
694 1175 78 98 sie
804 1170 226 98 hervor
1074 1183 128 70 aus
1240 1169 224 98 seinem
1496 1168 234 97 Sack,
1774 1171 136 78 und

62 1294 212 95 zeigete
302 1292 78 98 sie
408 1296 140 71 dem
564 1283 248 101 Könige
848 1292 134 74 und
1016 1283 244 98 sprach:
1320 1284 198 98 Habe
1548 1284 90 92 ich
1656 1280 254 87 Gnade

63 1407 230 92 funden
313 1418 114 64 vor
453 1405 122 88 dir,
601 1407 164 74 mein
787 1398 174 98 Herr
977 1395 242 100 König,
1243 1397 62 94 so
1333 1393 440 101 unterschreibe
1803 1397 108 96 sie,

63 1520 124 76 und
221 1512 250 102 besiegle
499 1515 80 98 sie
607 1517 118 76 mit
757 1516 244 76 deinem
1045 1511 266 100 Ringe,
1367 1514 206 78 damit
1603 1513 142 77 dein
1773 1513 134 76 und

67 1628 169 92 unser
261 1626 197 84 Leben
493 1623 275 98 erhalten
801 1632 235 94 werde,
1071 1631 131 74 und
1231 1629 177 76 deine
1435 1626 245 100 Feinde
1713 1623 197 96 fallen

66 1745 58 78 in
152 1740 122 96 ihre
304 1739 296 89 Stricke.

186 1876 62 78 z.
280 1854 222 86 Denn
534 1857 106 76 der
668 1850 298 98 Schrift,
984 1856 96 77 die
1110 1855 64 76 in
1202 1855 118 74 des
1356 1844 258 98 Königs
1632 1848 280 81 Namen

66 1966 357 99 geschrieben
460 1969 99 100 ist,
586 1973 133 74 und
752 1972 115 74 mit
894 1966 229 100 seinem
1154 1963 227 98 Ringe
1408 1962 303 100 besiegelt,
1752 1961 159 98 muß

63 2086 358 95 jedermann
461 2079 364 94 gehorchen.

173 2214 68 76 5.
283 2192 130 82 Als
439 2195 110 74 der
583 2189 220 95 König
833 2188 190 96 dieses
1057 2183 160 104 jahe,
1247 2186 184 81 ward
1463 2204 64 60 er
1559 2182 126 94 sehr
1725 2197 148 68 trau-

59 2309 97 91 rig
197 2306 133 76 und
385 2303 255 94 sprach:
727 2303 195 81 Mein
963 2298 207 88 Gott!
1247 2297 195 95 dieses
1493 2302 163 74 wird
1707 2319 199 74 ganze

62 2412 294 90 Ströme
384 2416 214 83 Bluts
626 2417 220 99 kosten.
974 2412 286 95 Ranzau
1300 2415 152 76 aber
1490 2424 418 67 antwortete:

60 2527 164 87 Sev
250 2529 252 96 getrost,
540 2531 164 76 mein
746 2526 182 98 Herr
972 2522 260 101 König,
1282 2531 160 72 alles
1478 2519 284 101 Unglück
1798 2523 108 98 soll

59 2636 120 98 auf
203 2644 242 74 meinen
469 2639 188 96 Kopf
675 2643 316 93 kommen,
1021 2656 192 61 wenn
1245 2649 70 68 es
1363 2636 144 80 übel
1547 2634 204 100 gehet,
1795 2641 110 78 eile

61 2774 120 61 nur
207 2756 130 76 und
367 2753 280 96 verzeuch
679 2752 182 92 nicht.
971 2757 146 79 Und
1149 2751 78 98 sie
1257 2749 188 82 baten
1493 2746 106 100 ihn
1627 2755 140 75 alle.

173 2886 68 76 5.
297 2864 138 86 Da
471 2861 402 100 unterschrieb
905 2868 106 78 der
1047 2861 221 98 König
1309 2868 132 74 und
1475 2862 124 96 sein
1631 2862 276 83 Bruder

58 2979 346 99 Friedrich,
428 2983 128 74 und
588 2979 392 97 versiegelten
1010 2978 80 99 sie
1124 2985 116 72 mit
1268 2975 198 98 ihrem
1496 2976 252 95 Ringe.

162 3090 72 80 6.
266 3096 146 78 Und
442 3101 68 68 es
536 3101 258 72 wurden
810 3090 226 86 Boten
1068 3091 290 98 gesandt,
1382 3092 132 76 und
1546 3090 94 78 die
1676 3087 234 84 Boten

62 3208 203 77 eileten
298 3208 131 76 und
458 3205 219 80 kamen
722 3224 73 76 zu
844 3208 243 92 einigen
1130 3205 451 98 Hauptleuten
1624 3218 131 62 von
1782 3205 127 76 den

57 3318 516 95 Kriegsknechten
599 3323 110 72 des
751 3316 620 102 Feldhauptmanns
1415 3316 308 98 Eichstedt
1775 3323 134 72 und

61 3439 108 73 des
195 3430 318 101 Obersten
545 3431 272 91 Kollers,
845 3438 132 72 und
1011 3429 208 96 gaben
1271 3427 186 98 ihnen
1501 3432 116 76 des
1649 3425 262 98 Königs

59 3546 261 92 Befehl,
347 3545 127 90 daß
503 3543 77 100 sie
611 3547 281 101 wußten,
921 3556 155 72 was
1107 3543 77 102 sie
1213 3539 157 104 thun
1397 3542 237 106 sollten,
1661 3547 131 76 und
1827 3543 83 100 sie

62 3660 274 98 richteten
376 3662 156 77 alles
556 3669 152 72 aus.

1660 3862 75 81 7.
1766 3845 147 82 Und
