<?xml version="1.0" encoding="utf-8"?>
<alto xmlns="http://www.loc.gov/standards/alto/ns-v3#" xmlns:xs="http://www.w3.org/2001/XMLSchema-instance" xmlns:xlink="http://www.w3.org/1999/xlink">
	<Description>
		<MeasurementUnit>pixel</MeasurementUnit>
		<sourceImageInformation>
			<fileName>130013940321_2_009_003_083.tif</fileName>
		</sourceImageInformation>
		<OCRProcessing ID="OCR1">
			<ocrProcessingStep>
				<processingDateTime>2018-09-14</processingDateTime>
				<processingAgency>Zissor AS</processingAgency>
				<processingStepSettings>Combined OCR</processingStepSettings>
				<processingSoftware>
					<softwareCreator>Zissor AS</softwareCreator>
					<softwareName>ContentOCR-11; ContentOCR-Tesseract</softwareName>
					<softwareVersion>2.0.2; 2.0.0</softwareVersion>
					<applicationDescription>OCR Component for Zissor Content System</applicationDescription>
				</processingSoftware>
			</ocrProcessingStep>
		</OCRProcessing>
	</Description>
	<Styles>
		<TextStyle ID="STYLE1" FONTFAMILY="Times New Roman" FONTSIZE="11" FONTSTYLE=""/>
		<TextStyle ID="STYLE2" FONTFAMILY="Times New Roman" FONTSIZE="14" FONTSTYLE=""/>
		<TextStyle ID="STYLE3" FONTFAMILY="Arial" FONTSIZE="14" FONTSTYLE=""/>
		<TextStyle ID="STYLE4" FONTFAMILY="Times New Roman" FONTSIZE="16" FONTSTYLE=""/>
		<TextStyle ID="STYLE5" FONTFAMILY="Times New Roman" FONTSIZE="31" FONTSTYLE=""/>
		<TextStyle ID="STYLE6" FONTFAMILY="Arial" FONTSIZE="13" FONTSTYLE=""/>
		<TextStyle ID="STYLE7" FONTFAMILY="Times New Roman" FONTSIZE="16" FONTSTYLE="bold"/>
	</Styles>
	<Layout>
		<Page ID="PAGE131" HEIGHT="4648" WIDTH="3030" PHYSICAL_IMG_NR="131" PROCESSING="OCR1" PC="0.7">
			<TopMargin HEIGHT="132" WIDTH="3030" HPOS="0" VPOS="0"/>
			<LeftMargin HEIGHT="4534" WIDTH="2" HPOS="0" VPOS="132"/>
			<RightMargin HEIGHT="4534" WIDTH="100" HPOS="2930" VPOS="132"/>
			<BottomMargin HEIGHT="-20" WIDTH="3030" HPOS="0" VPOS="4668"/>
			<PrintSpace ID="PRINTSPACE1" HEIGHT="4534" WIDTH="2926" HPOS="3" VPOS="133">
				<ComposedBlock xs:type="ComposedBlockType" ID="ARTICLE119947" HEIGHT="4534" WIDTH="2926" HPOS="3" VPOS="133" xlink:type="simple">
					<TextBlock xs:type="TextBlockType" ID="ZONE1242609" HEIGHT="71" WIDTH="99" HPOS="1795" VPOS="418" xlink:type="simple">
						<TextLine ID="LINE1" HEIGHT="71" WIDTH="97" HPOS="1796" VPOS="418">
							<String ID="STRING1" STYLEREFS="STYLE1" HEIGHT="71" WIDTH="97" HPOS="1796" VPOS="418" CONTENT="42" WC="0.26" LANG="nob"/>
						</TextLine>
					</TextBlock>
					<TextBlock xs:type="TextBlockType" ID="ZONE1242610" HEIGHT="79" WIDTH="60" HPOS="928" VPOS="396" xlink:type="simple">
						<TextLine ID="LINE2" HEIGHT="79" WIDTH="60" HPOS="928" VPOS="396">
							<String ID="STRING2" STYLEREFS="STYLE2" HEIGHT="79" WIDTH="60" HPOS="928" VPOS="396" CONTENT="å" WC="0.3" LANG="nob"/>
						</TextLine>
					</TextBlock>
					<TextBlock xs:type="TextBlockType" ID="ZONE1242611" HEIGHT="351" WIDTH="1838" HPOS="69" VPOS="564" xlink:type="simple">
						<TextLine ID="LINE3" HEIGHT="110" WIDTH="1721" HPOS="179" VPOS="573">
							<String ID="STRING3" STYLEREFS="STYLE2" HEIGHT="87" WIDTH="119" HPOS="179" VPOS="591" CONTENT="IZ." WC="0.38" LANG="nob"/>
							<SP ID="SP1" WIDTH="55" HPOS="298" VPOS="591"/>
							<String ID="STRING4" STYLEREFS="STYLE2" HEIGHT="84" WIDTH="147" HPOS="353" VPOS="575" CONTENT="Und" WC="0.61" LANG="deu"/>
							<SP ID="SP2" WIDTH="55" HPOS="500" VPOS="575"/>
							<String ID="STRING5" STYLEREFS="STYLE2" HEIGHT="63" WIDTH="155" HPOS="555" VPOS="594" CONTENT="man" WC="0.59" LANG="deu"/>
							<SP ID="SP3" WIDTH="43" HPOS="710" VPOS="594"/>
							<String ID="STRING6" STYLEREFS="STYLE2" HEIGHT="100" WIDTH="119" HPOS="753" VPOS="573" CONTENT="hob" WC="0.62" LANG="deu"/>
							<SP ID="SP4" WIDTH="47" HPOS="872" VPOS="573"/>
							<String ID="STRING7" STYLEREFS="STYLE2" HEIGHT="75" WIDTH="117" HPOS="919" VPOS="580" CONTENT="den" WC="0.76" LANG="deu"/>
							<SP ID="SP5" WIDTH="29" HPOS="1036" VPOS="580"/>
							<String ID="STRING8" STYLEREFS="STYLE2" HEIGHT="100" WIDTH="191" HPOS="1065" VPOS="575" CONTENT="Kopf" WC="0.79" LANG="deu"/>
							<SP ID="SP6" WIDTH="29" HPOS="1256" VPOS="575"/>
							<String ID="STRING9" STYLEREFS="STYLE2" HEIGHT="78" WIDTH="63" HPOS="1285" VPOS="581" CONTENT="in" WC="1" LANG="deu"/>
							<SP ID="SP7" WIDTH="47" HPOS="1348" VPOS="581"/>
							<String ID="STRING10" STYLEREFS="STYLE2" HEIGHT="82" WIDTH="97" HPOS="1395" VPOS="582" CONTENT="die" WC="0.74" LANG="deu"/>
							<SP ID="SP8" WIDTH="31" HPOS="1492" VPOS="582"/>
							<String ID="STRING11" STYLEREFS="STYLE2" HEIGHT="108" WIDTH="199" HPOS="1523" VPOS="575" CONTENT="Höhe" WC="0.62" LANG="deu"/>
							<SP ID="SP9" WIDTH="17" HPOS="1722" VPOS="575"/>
							<String ID="STRING12" STYLEREFS="STYLE2" HEIGHT="80" WIDTH="161" HPOS="1739" VPOS="587" CONTENT="And" WC="0.67" LANG="nob"/>
						</TextLine>
						<TextLine ID="LINE4" HEIGHT="106" WIDTH="1803" HPOS="70" VPOS="690">
							<String ID="STRING13" STYLEREFS="STYLE2" HEIGHT="90" WIDTH="147" HPOS="70" VPOS="693" CONTENT="auch" WC="0.32" LANG="deu"/>
							<SP ID="SP10" WIDTH="37" HPOS="217" VPOS="693"/>
							<String ID="STRING14" STYLEREFS="STYLE2" HEIGHT="74" WIDTH="95" HPOS="254" VPOS="694" CONTENT="die" WC="0.77" LANG="deu"/>
							<SP ID="SP11" WIDTH="29" HPOS="349" VPOS="694"/>
							<String ID="STRING15" STYLEREFS="STYLE2" HEIGHT="100" WIDTH="239" HPOS="378" VPOS="690" CONTENT="Hand," WC="0.67" LANG="deu"/>
							<SP ID="SP12" WIDTH="33" HPOS="617" VPOS="690"/>
							<String ID="STRING16" STYLEREFS="STYLE2" HEIGHT="72" WIDTH="128" HPOS="650" VPOS="697" CONTENT="und" WC="0.58" LANG="deu"/>
							<SP ID="SP13" WIDTH="26" HPOS="778" VPOS="697"/>
							<String ID="STRING17" STYLEREFS="STYLE2" HEIGHT="83" WIDTH="212" HPOS="804" VPOS="705" CONTENT="zeigete" WC="0.75" LANG="deu"/>
							<SP ID="SP14" WIDTH="32" HPOS="1016" VPOS="705"/>
							<String ID="STRING18" STYLEREFS="STYLE2" HEIGHT="96" WIDTH="77" HPOS="1048" VPOS="691" CONTENT="sie" WC="0.76" LANG="deu"/>
							<SP ID="SP15" WIDTH="33" HPOS="1125" VPOS="691"/>
							<String ID="STRING19" STYLEREFS="STYLE2" HEIGHT="71" WIDTH="139" HPOS="1158" VPOS="700" CONTENT="dem" WC="0.59" LANG="deu"/>
							<SP ID="SP16" WIDTH="21" HPOS="1297" VPOS="700"/>
							<String ID="STRING20" STYLEREFS="STYLE2" HEIGHT="85" WIDTH="195" HPOS="1318" VPOS="693" CONTENT="Volk" WC="0.65" LANG="deu"/>
							<SP ID="SP17" WIDTH="25" HPOS="1513" VPOS="693"/>
							<String ID="STRING21" STYLEREFS="STYLE2" HEIGHT="95" WIDTH="185" HPOS="1538" VPOS="701" CONTENT="rings" WC="0.79" LANG="deu"/>
							<SP ID="SP18" WIDTH="37" HPOS="1723" VPOS="701"/>
							<String ID="STRING22" STYLEREFS="STYLE2" HEIGHT="58" WIDTH="113" HPOS="1760" VPOS="721" CONTENT="um" SUBS_TYPE="HypPart1" SUBS_CONTENT="umher," WC="0.73" LANG="deu"/>
							<HYP CONTENT="-"/>
						</TextLine>
						<TextLine ID="LINE5" HEIGHT="104" WIDTH="1824" HPOS="73" VPOS="803">
							<String ID="STRING23" STYLEREFS="STYLE2" HEIGHT="97" WIDTH="122" HPOS="73" VPOS="806" CONTENT="her," SUBS_TYPE="HypPart2" SUBS_CONTENT="umher," WC="0.63" LANG="deu"/>
							<SP ID="SP19" WIDTH="30" HPOS="195" VPOS="806"/>
							<String ID="STRING24" STYLEREFS="STYLE2" HEIGHT="74" WIDTH="132" HPOS="225" VPOS="806" CONTENT="und" WC="0.79" LANG="deu"/>
							<SP ID="SP20" WIDTH="36" HPOS="357" VPOS="806"/>
							<String ID="STRING25" STYLEREFS="STYLE2" HEIGHT="59" WIDTH="158" HPOS="393" VPOS="825" CONTENT="man" WC="1" LANG="deu"/>
							<SP ID="SP21" WIDTH="28" HPOS="551" VPOS="825"/>
							<String ID="STRING26" STYLEREFS="STYLE2" HEIGHT="94" WIDTH="176" HPOS="579" VPOS="803" CONTENT="warf" WC="0.57" LANG="deu"/>
							<SP ID="SP22" WIDTH="22" HPOS="755" VPOS="803"/>
							<String ID="STRING27" STYLEREFS="STYLE2" HEIGHT="69" WIDTH="68" HPOS="777" VPOS="813" CONTENT="es" WC="1" LANG="deu"/>
							<SP ID="SP23" WIDTH="22" HPOS="845" VPOS="813"/>
							<String ID="STRING28" STYLEREFS="STYLE3" HEIGHT="90" WIDTH="208" HPOS="867" VPOS="806" CONTENT="lyksaa" WC="0.69" LANG="dan"/>
							<SP ID="SP24" WIDTH="32" HPOS="1075" VPOS="806"/>
							<String ID="STRING29" STYLEREFS="STYLE2" HEIGHT="94" WIDTH="124" HPOS="1107" VPOS="806" CONTENT="auf" WC="0.66" LANG="deu"/>
							<SP ID="SP25" WIDTH="24" HPOS="1231" VPOS="806"/>
							<String ID="STRING30" STYLEREFS="STYLE2" HEIGHT="70" WIDTH="116" HPOS="1255" VPOS="817" CONTENT="den" WC="0.75" LANG="deu"/>
							<SP ID="SP26" WIDTH="34" HPOS="1371" VPOS="817"/>
							<String ID="STRING31" STYLEREFS="STYLE2" HEIGHT="101" WIDTH="310" HPOS="1405" VPOS="806" CONTENT="Wagen." WC="0.75" LANG="deu"/>
							<SP ID="SP27" WIDTH="72" HPOS="1715" VPOS="806"/>
							<String ID="STRING32" STYLEREFS="STYLE2" HEIGHT="59" WIDTH="18" HPOS="1787" VPOS="838" CONTENT=";" WC="0.34" LANG="deu"/>
							<SP ID="SP28" WIDTH="84" HPOS="1805" VPOS="838"/>
							<String ID="STRING33" STYLEREFS="STYLE2" HEIGHT="10" WIDTH="8" HPOS="1889" VPOS="877" CONTENT="." WC="0.36" LANG="deu"/>
						</TextLine>
					</TextBlock>
					<TextBlock xs:type="TextBlockType" ID="ZONE1242612" HEIGHT="225" WIDTH="1833" HPOS="75" VPOS="908" xlink:type="simple">
						<TextLine ID="LINE6" HEIGHT="108" WIDTH="1724" HPOS="184" VPOS="913">
							<String ID="STRING34" STYLEREFS="STYLE2" HEIGHT="79" WIDTH="120" HPOS="184" VPOS="935" CONTENT="14." WC="0.41" LANG="deu"/>
							<SP ID="SP29" WIDTH="60" HPOS="304" VPOS="935"/>
							<String ID="STRING35" STYLEREFS="STYLE2" HEIGHT="79" WIDTH="148" HPOS="364" VPOS="920" CONTENT="Und" WC="0.63" LANG="deu"/>
							<SP ID="SP30" WIDTH="46" HPOS="512" VPOS="920"/>
							<String ID="STRING36" STYLEREFS="STYLE2" HEIGHT="61" WIDTH="154" HPOS="558" VPOS="936" CONTENT="man" WC="0.99" LANG="deu"/>
							<SP ID="SP31" WIDTH="50" HPOS="712" VPOS="936"/>
							<String ID="STRING37" STYLEREFS="STYLE2" HEIGHT="86" WIDTH="270" HPOS="762" VPOS="913" CONTENT="bedeckte" WC="0.56" LANG="deu"/>
							<SP ID="SP32" WIDTH="40" HPOS="1032" VPOS="913"/>
							<String ID="STRING38" STYLEREFS="STYLE2" HEIGHT="77" WIDTH="128" HPOS="1072" VPOS="921" CONTENT="das" WC="0.77" LANG="deu"/>
							<SP ID="SP33" WIDTH="42" HPOS="1200" VPOS="921"/>
							<String ID="STRING39" STYLEREFS="STYLE2" HEIGHT="84" WIDTH="178" HPOS="1242" VPOS="921" CONTENT="Blut" WC="0.69" LANG="deu"/>
							<SP ID="SP34" WIDTH="34" HPOS="1420" VPOS="921"/>
							<String ID="STRING40" STYLEREFS="STYLE2" HEIGHT="76" WIDTH="118" HPOS="1454" VPOS="927" CONTENT="mit" WC="0.7" LANG="deu"/>
							<SP ID="SP35" WIDTH="38" HPOS="1572" VPOS="927"/>
							<String ID="STRING41" STYLEREFS="STYLE2" HEIGHT="100" WIDTH="298" HPOS="1610" VPOS="921" CONTENT="Sande," WC="0.76" LANG="deu"/>
						</TextLine>
						<TextLine ID="LINE7" HEIGHT="97" WIDTH="1193" HPOS="76" VPOS="1028">
							<String ID="STRING42" STYLEREFS="STYLE2" HEIGHT="81" WIDTH="195" HPOS="76" VPOS="1030" CONTENT="damit" WC="0.7" LANG="deu"/>
							<SP ID="SP36" WIDTH="32" HPOS="271" VPOS="1030"/>
							<String ID="STRING43" STYLEREFS="STYLE2" HEIGHT="87" WIDTH="200" HPOS="303" VPOS="1028" CONTENT="nichts" WC="0.8" LANG="deu"/>
							<SP ID="SP37" WIDTH="29" HPOS="503" VPOS="1028"/>
							<String ID="STRING44" STYLEREFS="STYLE2" HEIGHT="90" WIDTH="169" HPOS="532" VPOS="1032" CONTENT="mehr" WC="0.74" LANG="deu"/>
							<SP ID="SP38" WIDTH="40" HPOS="701" VPOS="1032"/>
							<String ID="STRING45" STYLEREFS="STYLE2" HEIGHT="97" WIDTH="252" HPOS="741" VPOS="1028" CONTENT="gesehen" WC="0.81" LANG="deu"/>
							<SP ID="SP39" WIDTH="31" HPOS="993" VPOS="1028"/>
							<String ID="STRING46" STYLEREFS="STYLE2" HEIGHT="79" WIDTH="245" HPOS="1024" VPOS="1034" CONTENT="wurde." WC="0.64" LANG="deu"/>
						</TextLine>
					</TextBlock>
					<TextBlock xs:type="TextBlockType" ID="ZONE1242613" HEIGHT="233" WIDTH="1846" HPOS="69" VPOS="1134" xlink:type="simple">
						<TextLine ID="LINE8" HEIGHT="113" WIDTH="1727" HPOS="187" VPOS="1138">
							<String ID="STRING47" STYLEREFS="STYLE2" HEIGHT="75" WIDTH="119" HPOS="187" VPOS="1161" CONTENT="15." WC="1" LANG="deu"/>
							<SP ID="SP40" WIDTH="29" HPOS="306" VPOS="1161"/>
							<String ID="STRING48" STYLEREFS="STYLE2" HEIGHT="87" WIDTH="141" HPOS="335" VPOS="1138" CONTENT="Da" WC="0.75" LANG="deu"/>
							<SP ID="SP41" WIDTH="35" HPOS="476" VPOS="1138"/>
							<String ID="STRING49" STYLEREFS="STYLE2" HEIGHT="79" WIDTH="145" HPOS="511" VPOS="1141" CONTENT="kam" WC="0.75" LANG="deu"/>
							<SP ID="SP42" WIDTH="35" HPOS="656" VPOS="1141"/>
							<String ID="STRING50" STYLEREFS="STYLE2" HEIGHT="71" WIDTH="185" HPOS="691" VPOS="1149" CONTENT="allem" WC="1" LANG="deu"/>
							<SP ID="SP43" WIDTH="23" HPOS="876" VPOS="1149"/>
							<String ID="STRING51" STYLEREFS="STYLE2" HEIGHT="85" WIDTH="189" HPOS="899" VPOS="1144" CONTENT="Volk" WC="0.59" LANG="deu"/>
							<SP ID="SP44" WIDTH="31" HPOS="1088" VPOS="1144"/>
							<String ID="STRING52" STYLEREFS="STYLE2" HEIGHT="90" WIDTH="283" HPOS="1119" VPOS="1142" CONTENT="Grauen" WC="0.7" LANG="deu"/>
							<SP ID="SP45" WIDTH="31" HPOS="1402" VPOS="1142"/>
							<String ID="STRING53" STYLEREFS="STYLE2" HEIGHT="78" WIDTH="131" HPOS="1433" VPOS="1149" CONTENT="und" WC="0.99" LANG="deu"/>
							<SP ID="SP46" WIDTH="33" HPOS="1564" VPOS="1149"/>
							<String ID="STRING54" STYLEREFS="STYLE2" HEIGHT="103" WIDTH="317" HPOS="1597" VPOS="1148" CONTENT="Entsetzen" WC="0.74" LANG="deu"/>
						</TextLine>
						<TextLine ID="LINE9" HEIGHT="106" WIDTH="1837" HPOS="70" VPOS="1254">
							<String ID="STRING55" STYLEREFS="STYLE2" HEIGHT="83" WIDTH="127" HPOS="70" VPOS="1272" CONTENT="an," WC="0.82" LANG="deu"/>
							<SP ID="SP47" WIDTH="51" HPOS="197" VPOS="1272"/>
							<String ID="STRING56" STYLEREFS="STYLE2" HEIGHT="79" WIDTH="163" HPOS="248" VPOS="1254" CONTENT="denn" WC="0.84" LANG="deu"/>
							<SP ID="SP48" WIDTH="35" HPOS="411" VPOS="1254"/>
							<String ID="STRING57" STYLEREFS="STYLE2" HEIGHT="74" WIDTH="72" HPOS="446" VPOS="1261" CONTENT="es" WC="1" LANG="deu"/>
							<SP ID="SP49" WIDTH="26" HPOS="518" VPOS="1261"/>
							<String ID="STRING58" STYLEREFS="STYLE2" HEIGHT="63" WIDTH="143" HPOS="544" VPOS="1274" CONTENT="war" WC="0.53" LANG="deu"/>
							<SP ID="SP50" WIDTH="33" HPOS="687" VPOS="1274"/>
							<String ID="STRING59" STYLEREFS="STYLE2" HEIGHT="79" WIDTH="99" HPOS="720" VPOS="1257" CONTENT="ein" WC="1" LANG="deu"/>
							<SP ID="SP51" WIDTH="31" HPOS="819" VPOS="1257"/>
							<String ID="STRING60" STYLEREFS="STYLE2" HEIGHT="102" WIDTH="333" HPOS="850" VPOS="1254" CONTENT="Scheusal" WC="0.82" LANG="deu"/>
							<SP ID="SP52" WIDTH="29" HPOS="1183" VPOS="1254"/>
							<String ID="STRING61" STYLEREFS="STYLE2" HEIGHT="67" WIDTH="115" HPOS="1212" VPOS="1274" CONTENT="vor" WC="0.64" LANG="deu"/>
							<SP ID="SP53" WIDTH="27" HPOS="1327" VPOS="1274"/>
							<String ID="STRING62" STYLEREFS="STYLE2" HEIGHT="79" WIDTH="165" HPOS="1354" VPOS="1264" CONTENT="allen" WC="1" LANG="deu"/>
							<SP ID="SP54" WIDTH="21" HPOS="1519" VPOS="1264"/>
							<String ID="STRING63" STYLEREFS="STYLE2" HEIGHT="97" WIDTH="263" HPOS="1540" VPOS="1263" CONTENT="Augen." WC="0.66" LANG="deu"/>
							<SP ID="SP55" WIDTH="26" HPOS="1803" VPOS="1263"/>
							<String ID="STRING64" STYLEREFS="STYLE2" HEIGHT="20" WIDTH="78" HPOS="1829" VPOS="1337" CONTENT="_" WC="0.22" LANG="deu"/>
						</TextLine>
					</TextBlock>
					<TextBlock xs:type="TextBlockType" ID="ZONE1242614" HEIGHT="111" WIDTH="746" HPOS="620" VPOS="1472" xlink:type="simple">
						<TextLine ID="LINE10" HEIGHT="108" WIDTH="746" HPOS="620" VPOS="1474">
							<String ID="STRING65" STYLEREFS="STYLE4" HEIGHT="97" WIDTH="202" HPOS="620" VPOS="1474" CONTENT="Das" WC="0.6" LANG="deu"/>
							<SP ID="SP56" WIDTH="55" HPOS="822" VPOS="1474"/>
							<String ID="STRING66" STYLEREFS="STYLE4" HEIGHT="90" WIDTH="75" HPOS="877" VPOS="1474" CONTENT="6." WC="1" LANG="deu"/>
							<SP ID="SP57" WIDTH="64" HPOS="952" VPOS="1474"/>
							<String ID="STRING67" STYLEREFS="STYLE4" HEIGHT="104" WIDTH="350" HPOS="1016" VPOS="1478" CONTENT="Capitel." WC="0.69" LANG="deu"/>
						</TextLine>
					</TextBlock>
					<TextBlock xs:type="TextBlockType" ID="ZONE1242615" HEIGHT="339" WIDTH="1846" HPOS="83" VPOS="1606" xlink:type="simple">
						<TextLine ID="LINE11" HEIGHT="181" WIDTH="1837" HPOS="86" VPOS="1608">
							<String ID="STRING68" STYLEREFS="STYLE5" HEIGHT="181" WIDTH="213" HPOS="86" VPOS="1608" CONTENT="Und" WC="0.79" LANG="deu"/>
							<SP ID="SP58" WIDTH="39" HPOS="299" VPOS="1608"/>
							<String ID="STRING69" STYLEREFS="STYLE2" HEIGHT="81" WIDTH="87" HPOS="338" VPOS="1608" CONTENT="da" WC="0.76" LANG="deu"/>
							<SP ID="SP59" WIDTH="40" HPOS="425" VPOS="1608"/>
							<String ID="STRING70" STYLEREFS="STYLE2" HEIGHT="78" WIDTH="160" HPOS="465" VPOS="1613" CONTENT="alles" WC="1" LANG="deu"/>
							<SP ID="SP60" WIDTH="43" HPOS="625" VPOS="1613"/>
							<String ID="STRING71" STYLEREFS="STYLE2" HEIGHT="90" WIDTH="195" HPOS="668" VPOS="1613" CONTENT="dieses" WC="0.89" LANG="deu"/>
							<SP ID="SP61" WIDTH="46" HPOS="863" VPOS="1613"/>
							<String ID="STRING72" STYLEREFS="STYLE2" HEIGHT="76" WIDTH="312" HPOS="909" VPOS="1622" CONTENT="vollendet" WC="0.84" LANG="deu"/>
							<SP ID="SP62" WIDTH="44" HPOS="1221" VPOS="1622"/>
							<String ID="STRING73" STYLEREFS="STYLE2" HEIGHT="75" WIDTH="186" HPOS="1265" VPOS="1639" CONTENT="war," WC="0.6" LANG="deu"/>
							<SP ID="SP63" WIDTH="72" HPOS="1451" VPOS="1639"/>
							<String ID="STRING74" STYLEREFS="STYLE2" HEIGHT="78" WIDTH="190" HPOS="1523" VPOS="1626" CONTENT="ward" WC="0.51" LANG="deu"/>
							<SP ID="SP64" WIDTH="48" HPOS="1713" VPOS="1626"/>
							<String ID="STRING75" STYLEREFS="STYLE2" HEIGHT="98" WIDTH="162" HPOS="1761" VPOS="1619" CONTENT="auch" WC="0.76" LANG="deu"/>
						</TextLine>
						<TextLine ID="LINE12" HEIGHT="113" WIDTH="1696" HPOS="232" VPOS="1718">
							<String ID="STRING76" STYLEREFS="STYLE6" HEIGHT="110" WIDTH="1182" HPOS="232" VPOS="1718" CONTENT="·.herbey«gekljketsraf--Stlrue&quot;nfee" WC="0.79" LANG="dan"/>
							<SP ID="SP65" WIDTH="-895" HPOS="1414" VPOS="1718"/>
							<String ID="STRING77" STYLEREFS="STYLE2" HEIGHT="99" WIDTH="283" HPOS="519" VPOS="1722" CONTENT="geführet" WC="0.55" LANG="deu"/>
							<SP ID="SP66" WIDTH="19" HPOS="802" VPOS="1722"/>
							<String ID="STRING78" STYLEREFS="STYLE2" HEIGHT="101" WIDTH="201" HPOS="821" VPOS="1726" CONTENT="Graf" WC="0.67" LANG="deu"/>
							<SP ID="SP67" WIDTH="25" HPOS="1022" VPOS="1726"/>
							<String ID="STRING79" STYLEREFS="STYLE2" HEIGHT="98" WIDTH="407" HPOS="1047" VPOS="1731" CONTENT="Struensee," WC="0.78" LANG="deu"/>
							<SP ID="SP68" WIDTH="29" HPOS="1454" VPOS="1731"/>
							<String ID="STRING80" STYLEREFS="STYLE2" HEIGHT="68" WIDTH="131" HPOS="1483" VPOS="1745" CONTENT="und" WC="0.75" LANG="deu"/>
							<SP ID="SP69" WIDTH="34" HPOS="1614" VPOS="1745"/>
							<String ID="STRING81" STYLEREFS="STYLE2" HEIGHT="74" WIDTH="116" HPOS="1648" VPOS="1742" CONTENT="mit" WC="0.81" LANG="deu"/>
							<SP ID="SP70" WIDTH="29" HPOS="1764" VPOS="1742"/>
							<String ID="STRING82" STYLEREFS="STYLE2" HEIGHT="89" WIDTH="135" HPOS="1793" VPOS="1742" CONTENT="chm" WC="0.14" LANG="deu"/>
						</TextLine>
						<TextLine ID="LINE13" HEIGHT="109" WIDTH="1699" HPOS="90" VPOS="1835">
							<String ID="STRING83" STYLEREFS="STYLE2" HEIGHT="96" WIDTH="145" HPOS="90" VPOS="1835" CONTENT="ging" WC="0.65" LANG="deu"/>
							<SP ID="SP71" WIDTH="33" HPOS="235" VPOS="1835"/>
							<String ID="STRING84" STYLEREFS="STYLE2" HEIGHT="76" WIDTH="107" HPOS="268" VPOS="1838" CONTENT="der" WC="0.71" LANG="deu"/>
							<SP ID="SP72" WIDTH="29" HPOS="375" VPOS="1838"/>
							<String ID="STRING85" STYLEREFS="STYLE2" HEIGHT="101" WIDTH="285" HPOS="404" VPOS="1835" CONTENT="Priester" WC="0.75" LANG="deu"/>
							<SP ID="SP73" WIDTH="35" HPOS="689" VPOS="1835"/>
							<String ID="STRING86" STYLEREFS="STYLE2" HEIGHT="83" WIDTH="279" HPOS="724" VPOS="1841" CONTENT="Munter" WC="0.69" LANG="deu"/>
							<SP ID="SP74" WIDTH="33" HPOS="1003" VPOS="1841"/>
							<String ID="STRING87" STYLEREFS="STYLE2" HEIGHT="92" WIDTH="123" HPOS="1036" VPOS="1846" CONTENT="auf" WC="0.82" LANG="deu"/>
							<SP ID="SP75" WIDTH="31" HPOS="1159" VPOS="1846"/>
							<String ID="STRING88" STYLEREFS="STYLE2" HEIGHT="75" WIDTH="125" HPOS="1190" VPOS="1850" CONTENT="das" WC="0.78" LANG="deu"/>
							<SP ID="SP76" WIDTH="33" HPOS="1315" VPOS="1850"/>
							<String ID="STRING89" STYLEREFS="STYLE2" HEIGHT="99" WIDTH="441" HPOS="1348" VPOS="1845" CONTENT="Blutgerüste." WC="0.67" LANG="deu"/>
						</TextLine>
					</TextBlock>
					<TextBlock xs:type="TextBlockType" ID="ZONE1242616" HEIGHT="450" WIDTH="1855" HPOS="88" VPOS="1944" xlink:type="simple">
						<TextLine ID="LINE14" HEIGHT="109" WIDTH="1735" HPOS="199" VPOS="1946">
							<String ID="STRING90" STYLEREFS="STYLE2" HEIGHT="55" WIDTH="68" HPOS="199" VPOS="1971" CONTENT="2." WC="0.94" LANG="deu"/>
							<SP ID="SP77" WIDTH="26" HPOS="267" VPOS="1971"/>
							<String ID="STRING91" STYLEREFS="STYLE2" HEIGHT="98" WIDTH="370" HPOS="293" VPOS="1946" CONTENT="Struensee" WC="0.91" LANG="deu"/>
							<SP ID="SP78" WIDTH="32" HPOS="663" VPOS="1946"/>
							<String ID="STRING92" STYLEREFS="STYLE2" HEIGHT="81" WIDTH="154" HPOS="695" VPOS="1953" CONTENT="aber" WC="0.83" LANG="deu"/>
							<SP ID="SP79" WIDTH="28" HPOS="849" VPOS="1953"/>
							<String ID="STRING93" STYLEREFS="STYLE2" HEIGHT="61" WIDTH="146" HPOS="877" VPOS="1974" CONTENT="war" WC="0.81" LANG="deu"/>
							<SP ID="SP80" WIDTH="28" HPOS="1023" VPOS="1974"/>
							<String ID="STRING94" STYLEREFS="STYLE2" HEIGHT="94" WIDTH="302" HPOS="1051" VPOS="1958" CONTENT="ernsthaft" WC="0.81" LANG="deu"/>
							<SP ID="SP81" WIDTH="30" HPOS="1353" VPOS="1958"/>
							<String ID="STRING95" STYLEREFS="STYLE2" HEIGHT="72" WIDTH="132" HPOS="1383" VPOS="1964" CONTENT="und" WC="0.77" LANG="deu"/>
							<SP ID="SP82" WIDTH="30" HPOS="1515" VPOS="1964"/>
							<String ID="STRING96" STYLEREFS="STYLE2" HEIGHT="81" WIDTH="189" HPOS="1545" VPOS="1961" CONTENT="betete" WC="0.73" LANG="deu"/>
							<SP ID="SP83" WIDTH="17" HPOS="1734" VPOS="1961"/>
							<String ID="STRING97" STYLEREFS="STYLE2" HEIGHT="94" WIDTH="183" HPOS="1751" VPOS="1961" CONTENT="eifrig" WC="0.72" LANG="deu"/>
						</TextLine>
						<TextLine ID="LINE15" HEIGHT="108" WIDTH="1848" HPOS="90" VPOS="2059">
							<String ID="STRING98" STYLEREFS="STYLE2" HEIGHT="75" WIDTH="70" HPOS="90" VPOS="2080" CONTENT="zu" WC="0.5" LANG="deu"/>
							<SP ID="SP84" WIDTH="26" HPOS="160" VPOS="2080"/>
							<String ID="STRING99" STYLEREFS="STYLE2" HEIGHT="96" WIDTH="226" HPOS="186" VPOS="2059" CONTENT="seinem" WC="0.91" LANG="deu"/>
							<SP ID="SP85" WIDTH="18" HPOS="412" VPOS="2059"/>
							<String ID="STRING100" STYLEREFS="STYLE2" HEIGHT="99" WIDTH="218" HPOS="430" VPOS="2059" CONTENT="Gott," WC="0.53" LANG="deu"/>
							<SP ID="SP86" WIDTH="28" HPOS="648" VPOS="2059"/>
							<String ID="STRING101" STYLEREFS="STYLE2" HEIGHT="71" WIDTH="134" HPOS="676" VPOS="2071" CONTENT="und" WC="0.6" LANG="deu"/>
							<SP ID="SP87" WIDTH="32" HPOS="810" VPOS="2071"/>
							<String ID="STRING102" STYLEREFS="STYLE2" HEIGHT="59" WIDTH="158" HPOS="842" VPOS="2084" CONTENT="man" WC="0.79" LANG="deu"/>
							<SP ID="SP88" WIDTH="30" HPOS="1000" VPOS="2084"/>
							<String ID="STRING103" STYLEREFS="STYLE2" HEIGHT="79" WIDTH="226" HPOS="1030" VPOS="2067" CONTENT="konnte" WC="0.93" LANG="deu"/>
							<SP ID="SP89" WIDTH="32" HPOS="1256" VPOS="2067"/>
							<String ID="STRING104" STYLEREFS="STYLE2" HEIGHT="57" WIDTH="88" HPOS="1288" VPOS="2091" CONTENT="an" WC="1" LANG="deu"/>
							<SP ID="SP90" WIDTH="28" HPOS="1376" VPOS="2091"/>
							<String ID="STRING105" STYLEREFS="STYLE2" HEIGHT="92" WIDTH="130" HPOS="1404" VPOS="2068" CONTENT="ihm" WC="0.75" LANG="deu"/>
							<SP ID="SP91" WIDTH="32" HPOS="1534" VPOS="2068"/>
							<String ID="STRING106" STYLEREFS="STYLE2" HEIGHT="98" WIDTH="170" HPOS="1566" VPOS="2069" CONTENT="sehen" WC="0.87" LANG="deu"/>
							<SP ID="SP92" WIDTH="20" HPOS="1736" VPOS="2069"/>
							<String ID="STRING107" STYLEREFS="STYLE2" HEIGHT="77" WIDTH="182" HPOS="1756" VPOS="2074" CONTENT="bittre" WC="0.94" LANG="deu"/>
						</TextLine>
						<TextLine ID="LINE16" HEIGHT="108" WIDTH="1847" HPOS="94" VPOS="2171">
							<String ID="STRING108" STYLEREFS="STYLE2" HEIGHT="83" WIDTH="189" HPOS="94" VPOS="2172" CONTENT="Reue" WC="0.73" LANG="deu"/>
							<SP ID="SP93" WIDTH="35" HPOS="283" VPOS="2172"/>
							<String ID="STRING109" STYLEREFS="STYLE2" HEIGHT="74" WIDTH="65" HPOS="318" VPOS="2176" CONTENT="in" WC="1" LANG="deu"/>
							<SP ID="SP94" WIDTH="27" HPOS="383" VPOS="2176"/>
							<String ID="STRING110" STYLEREFS="STYLE2" HEIGHT="96" WIDTH="225" HPOS="410" VPOS="2171" CONTENT="seinem" WC="0.93" LANG="deu"/>
							<SP ID="SP95" WIDTH="35" HPOS="635" VPOS="2171"/>
							<String ID="STRING111" STYLEREFS="STYLE2" HEIGHT="101" WIDTH="227" HPOS="670" VPOS="2173" CONTENT="Antlitz" WC="0.82" LANG="deu"/>
							<SP ID="SP96" WIDTH="31" HPOS="897" VPOS="2173"/>
							<String ID="STRING112" STYLEREFS="STYLE2" HEIGHT="83" WIDTH="149" HPOS="928" VPOS="2174" CONTENT="über" WC="0.84" LANG="deu"/>
							<SP ID="SP97" WIDTH="29" HPOS="1077" VPOS="2174"/>
							<String ID="STRING113" STYLEREFS="STYLE2" HEIGHT="98" WIDTH="149" HPOS="1106" VPOS="2176" CONTENT="seine" WC="1" LANG="deu"/>
							<SP ID="SP98" WIDTH="31" HPOS="1255" VPOS="2176"/>
							<String ID="STRING114" STYLEREFS="STYLE2" HEIGHT="99" WIDTH="299" HPOS="1286" VPOS="2180" CONTENT="Sünde;" WC="0.76" LANG="deu"/>
							<SP ID="SP99" WIDTH="78" HPOS="1585" VPOS="2180"/>
							<String ID="STRING115" STYLEREFS="STYLE2" HEIGHT="86" WIDTH="278" HPOS="1663" VPOS="2182" CONTENT="Münter" WC="0.65" LANG="deu"/>
						</TextLine>
						<TextLine ID="LINE17" HEIGHT="103" WIDTH="1039" HPOS="99" VPOS="2282">
							<String ID="STRING116" STYLEREFS="STYLE2" HEIGHT="82" WIDTH="151" HPOS="99" VPOS="2283" CONTENT="aber" WC="0.82" LANG="deu"/>
							<SP ID="SP100" WIDTH="29" HPOS="250" VPOS="2283"/>
							<String ID="STRING117" STYLEREFS="STYLE2" HEIGHT="75" WIDTH="197" HPOS="279" VPOS="2288" CONTENT="redete" WC="0.73" LANG="deu"/>
							<SP ID="SP101" WIDTH="33" HPOS="476" VPOS="2288"/>
							<String ID="STRING118" STYLEREFS="STYLE2" HEIGHT="98" WIDTH="129" HPOS="509" VPOS="2282" CONTENT="sehr" WC="0.81" LANG="deu"/>
							<SP ID="SP102" WIDTH="31" HPOS="638" VPOS="2282"/>
							<String ID="STRING119" STYLEREFS="STYLE2" HEIGHT="98" WIDTH="147" HPOS="669" VPOS="2287" CONTENT="sttlle" WC="0.9" LANG="deu"/>
							<SP ID="SP103" WIDTH="27" HPOS="816" VPOS="2287"/>
							<String ID="STRING120" STYLEREFS="STYLE2" HEIGHT="77" WIDTH="115" HPOS="843" VPOS="2292" CONTENT="mit" WC="0.78" LANG="deu"/>
							<SP ID="SP104" WIDTH="27" HPOS="958" VPOS="2292"/>
							<String ID="STRING121" STYLEREFS="STYLE2" HEIGHT="92" WIDTH="153" HPOS="985" VPOS="2289" CONTENT="ihm." WC="0.71" LANG="deu"/>
						</TextLine>
					</TextBlock>
					<TextBlock xs:type="TextBlockType" ID="ZONE1242617" HEIGHT="225" WIDTH="1846" HPOS="100" VPOS="2393" xlink:type="simple">
						<TextLine ID="LINE18" HEIGHT="119" WIDTH="1691" HPOS="224" VPOS="2394">
							<String ID="STRING122" STYLEREFS="STYLE2" HEIGHT="81" WIDTH="67" HPOS="224" VPOS="2415" CONTENT="z." WC="0.61" LANG="deu"/>
							<SP ID="SP105" WIDTH="35" HPOS="291" VPOS="2415"/>
							<String ID="STRING123" STYLEREFS="STYLE2" HEIGHT="87" WIDTH="141" HPOS="326" VPOS="2394" CONTENT="Da" WC="0.81" LANG="deu"/>
							<SP ID="SP106" WIDTH="31" HPOS="467" VPOS="2394"/>
							<String ID="STRING124" STYLEREFS="STYLE2" HEIGHT="97" WIDTH="121" HPOS="498" VPOS="2395" CONTENT="hob" WC="0.42" LANG="deu"/>
							<SP ID="SP107" WIDTH="17" HPOS="619" VPOS="2395"/>
							<String ID="STRING125" STYLEREFS="STYLE2" HEIGHT="107" WIDTH="363" HPOS="636" VPOS="2396" CONTENT="Struensee" WC="0.66" LANG="deu"/>
							<SP ID="SP108" WIDTH="31" HPOS="999" VPOS="2396"/>
							<String ID="STRING126" STYLEREFS="STYLE2" HEIGHT="102" WIDTH="153" HPOS="1030" VPOS="2399" CONTENT="feine" WC="0.88" LANG="deu"/>
							<SP ID="SP109" WIDTH="17" HPOS="1183" VPOS="2399"/>
							<String ID="STRING127" STYLEREFS="STYLE2" HEIGHT="101" WIDTH="235" HPOS="1200" VPOS="2402" CONTENT="Augen" WC="0.6" LANG="deu"/>
							<SP ID="SP110" WIDTH="31" HPOS="1435" VPOS="2402"/>
							<String ID="STRING128" STYLEREFS="STYLE2" HEIGHT="98" WIDTH="123" HPOS="1466" VPOS="2409" CONTENT="auf" WC="0.72" LANG="deu"/>
							<SP ID="SP111" WIDTH="17" HPOS="1589" VPOS="2409"/>
							<String ID="STRING129" STYLEREFS="STYLE2" HEIGHT="76" WIDTH="121" HPOS="1606" VPOS="2433" CONTENT="gen" WC="0.78" LANG="deu"/>
							<SP ID="SP112" WIDTH="17" HPOS="1727" VPOS="2433"/>
							<String ID="STRING130" STYLEREFS="STYLE2" HEIGHT="101" WIDTH="171" HPOS="1744" VPOS="2412" CONTENT="Him" SUBS_TYPE="HypPart1" SUBS_CONTENT="Himmel" WC="0.69" LANG="deu"/>
							<HYP CONTENT="-"/>
						</TextLine>
						<TextLine ID="LINE19" HEIGHT="100" WIDTH="588" HPOS="101" VPOS="2507">
							<String ID="STRING131" STYLEREFS="STYLE2" HEIGHT="78" WIDTH="126" HPOS="101" VPOS="2513" CONTENT="mel" SUBS_TYPE="HypPart2" SUBS_CONTENT="Himmel" WC="0.79" LANG="deu"/>
							<SP ID="SP113" WIDTH="30" HPOS="227" VPOS="2513"/>
							<String ID="STRING132" STYLEREFS="STYLE2" HEIGHT="78" WIDTH="132" HPOS="257" VPOS="2510" CONTENT="und" WC="0.65" LANG="deu"/>
							<SP ID="SP114" WIDTH="32" HPOS="389" VPOS="2510"/>
							<String ID="STRING133" STYLEREFS="STYLE2" HEIGHT="100" WIDTH="268" HPOS="421" VPOS="2507" CONTENT="seufzete." WC="0.75" LANG="deu"/>
						</TextLine>
					</TextBlock>
					<TextBlock xs:type="TextBlockType" ID="ZONE1242618" HEIGHT="347" WIDTH="1850" HPOS="104" VPOS="2617" xlink:type="simple">
						<TextLine ID="LINE20" HEIGHT="107" WIDTH="1738" HPOS="212" VPOS="2623">
							<String ID="STRING134" STYLEREFS="STYLE2" HEIGHT="85" WIDTH="78" HPOS="212" VPOS="2641" CONTENT="4." WC="0.57" LANG="deu"/>
							<SP ID="SP115" WIDTH="54" HPOS="290" VPOS="2641"/>
							<String ID="STRING135" STYLEREFS="STYLE2" HEIGHT="79" WIDTH="148" HPOS="344" VPOS="2626" CONTENT="Und" WC="0.76" LANG="deu"/>
							<SP ID="SP116" WIDTH="32" HPOS="492" VPOS="2626"/>
							<String ID="STRING136" STYLEREFS="STYLE2" HEIGHT="75" WIDTH="86" HPOS="524" VPOS="2627" CONTENT="da" WC="0.66" LANG="deu"/>
							<SP ID="SP117" WIDTH="32" HPOS="610" VPOS="2627"/>
							<String ID="STRING137" STYLEREFS="STYLE2" HEIGHT="61" WIDTH="64" HPOS="642" VPOS="2642" CONTENT="er" WC="0.67" LANG="deu"/>
							<SP ID="SP118" WIDTH="34" HPOS="706" VPOS="2642"/>
							<String ID="STRING138" STYLEREFS="STYLE2" HEIGHT="96" WIDTH="126" HPOS="740" VPOS="2624" CONTENT="auf" WC="0.99" LANG="deu"/>
							<SP ID="SP119" WIDTH="20" HPOS="866" VPOS="2624"/>
							<String ID="STRING139" STYLEREFS="STYLE2" HEIGHT="79" WIDTH="128" HPOS="886" VPOS="2628" CONTENT="das" WC="0.86" LANG="deu"/>
							<SP ID="SP120" WIDTH="28" HPOS="1014" VPOS="2628"/>
							<String ID="STRING140" STYLEREFS="STYLE2" HEIGHT="106" WIDTH="280" HPOS="1042" VPOS="2623" CONTENT="Gerüste" WC="0.61" LANG="deu"/>
							<SP ID="SP121" WIDTH="26" HPOS="1322" VPOS="2623"/>
							<String ID="STRING141" STYLEREFS="STYLE2" HEIGHT="87" WIDTH="164" HPOS="1348" VPOS="2643" CONTENT="trat," WC="0.92" LANG="deu"/>
							<SP ID="SP122" WIDTH="28" HPOS="1512" VPOS="2643"/>
							<String ID="STRING142" STYLEREFS="STYLE2" HEIGHT="97" WIDTH="202" HPOS="1540" VPOS="2633" CONTENT="nahm" WC="0.82" LANG="deu"/>
							<SP ID="SP123" WIDTH="32" HPOS="1742" VPOS="2633"/>
							<String ID="STRING143" STYLEREFS="STYLE2" HEIGHT="61" WIDTH="66" HPOS="1774" VPOS="2656" CONTENT="er" WC="0.63" LANG="deu"/>
							<SP ID="SP124" WIDTH="22" HPOS="1840" VPOS="2656"/>
							<String ID="STRING144" STYLEREFS="STYLE2" HEIGHT="83" WIDTH="88" HPOS="1862" VPOS="2635" CONTENT="ab" WC="0.67" LANG="deu"/>
						</TextLine>
						<TextLine ID="LINE21" HEIGHT="113" WIDTH="1847" HPOS="106" VPOS="2733">
							<String ID="STRING145" STYLEREFS="STYLE2" HEIGHT="100" WIDTH="205" HPOS="106" VPOS="2733" CONTENT="seinen" WC="0.99" LANG="deu"/>
							<SP ID="SP125" WIDTH="27" HPOS="311" VPOS="2733"/>
							<String ID="STRING146" STYLEREFS="STYLE2" HEIGHT="102" WIDTH="193" HPOS="338" VPOS="2733" CONTENT="Huth" WC="0.65" LANG="deu"/>
							<SP ID="SP126" WIDTH="34" HPOS="531" VPOS="2733"/>
							<String ID="STRING147" STYLEREFS="STYLE2" HEIGHT="78" WIDTH="132" HPOS="565" VPOS="2738" CONTENT="und" WC="0.84" LANG="deu"/>
							<SP ID="SP127" WIDTH="34" HPOS="697" VPOS="2738"/>
							<String ID="STRING148" STYLEREFS="STYLE2" HEIGHT="103" WIDTH="314" HPOS="731" VPOS="2736" CONTENT="entblößte" WC="0.66" LANG="deu"/>
							<SP ID="SP128" WIDTH="27" HPOS="1045" VPOS="2736"/>
							<String ID="STRING149" STYLEREFS="STYLE2" HEIGHT="103" WIDTH="123" HPOS="1072" VPOS="2739" CONTENT="sein" WC="0.85" LANG="deu"/>
							<SP ID="SP129" WIDTH="33" HPOS="1195" VPOS="2739"/>
							<String ID="STRING150" STYLEREFS="STYLE2" HEIGHT="104" WIDTH="261" HPOS="1228" VPOS="2742" CONTENT="Haupt," WC="0.69" LANG="deu"/>
							<SP ID="SP130" WIDTH="32" HPOS="1489" VPOS="2742"/>
							<String ID="STRING151" STYLEREFS="STYLE2" HEIGHT="78" WIDTH="132" HPOS="1521" VPOS="2753" CONTENT="und" WC="0.64" LANG="deu"/>
							<SP ID="SP131" WIDTH="27" HPOS="1653" VPOS="2753"/>
							<String ID="STRING152" STYLEREFS="STYLE2" HEIGHT="85" WIDTH="273" HPOS="1680" VPOS="2748" CONTENT="bedeckte" WC="0.7" LANG="deu"/>
						</TextLine>
						<TextLine ID="LINE22" HEIGHT="103" WIDTH="575" HPOS="107" VPOS="2848">
							<String ID="STRING153" STYLEREFS="STYLE2" HEIGHT="100" WIDTH="121" HPOS="107" VPOS="2851" CONTENT="sich" WC="0.78" LANG="deu"/>
							<SP ID="SP132" WIDTH="29" HPOS="228" VPOS="2851"/>
							<String ID="STRING154" STYLEREFS="STYLE2" HEIGHT="95" WIDTH="163" HPOS="257" VPOS="2848" CONTENT="nicht" WC="0.77" LANG="deu"/>
							<SP ID="SP133" WIDTH="27" HPOS="420" VPOS="2848"/>
							<String ID="STRING155" STYLEREFS="STYLE2" HEIGHT="75" WIDTH="235" HPOS="447" VPOS="2854" CONTENT="weiter." WC="0.79" LANG="deu"/>
						</TextLine>
					</TextBlock>
					<TextBlock xs:type="TextBlockType" ID="ZONE1242619" HEIGHT="341" WIDTH="1848" HPOS="114" VPOS="2957" xlink:type="simple">
						<TextLine ID="LINE23" HEIGHT="116" WIDTH="1691" HPOS="232" VPOS="2959">
							<String ID="STRING156" STYLEREFS="STYLE2" HEIGHT="77" WIDTH="69" HPOS="232" VPOS="2985" CONTENT="5." WC="1" LANG="deu"/>
							<SP ID="SP134" WIDTH="63" HPOS="301" VPOS="2985"/>
							<String ID="STRING157" STYLEREFS="STYLE2" HEIGHT="86" WIDTH="281" HPOS="364" VPOS="2959" CONTENT="Alsbald" WC="0.78" LANG="deu"/>
							<SP ID="SP135" WIDTH="41" HPOS="645" VPOS="2959"/>
							<String ID="STRING158" STYLEREFS="STYLE2" HEIGHT="85" WIDTH="155" HPOS="686" VPOS="2961" CONTENT="aber" WC="0.73" LANG="deu"/>
							<SP ID="SP136" WIDTH="41" HPOS="841" VPOS="2961"/>
							<String ID="STRING159" STYLEREFS="STYLE2" HEIGHT="81" WIDTH="217" HPOS="882" VPOS="2969" CONTENT="wurde" WC="0.65" LANG="deu"/>
							<SP ID="SP137" WIDTH="41" HPOS="1099" VPOS="2969"/>
							<String ID="STRING160" STYLEREFS="STYLE2" HEIGHT="96" WIDTH="131" HPOS="1140" VPOS="2964" CONTENT="ihm" WC="0.76" LANG="deu"/>
							<SP ID="SP138" WIDTH="29" HPOS="1271" VPOS="2964"/>
							<String ID="STRING161" STYLEREFS="STYLE2" HEIGHT="104" WIDTH="347" HPOS="1300" VPOS="2971" CONTENT="vorgelesen" WC="0.78" LANG="deu"/>
							<SP ID="SP139" WIDTH="27" HPOS="1647" VPOS="2971"/>
							<String ID="STRING162" STYLEREFS="STYLE2" HEIGHT="78" WIDTH="127" HPOS="1674" VPOS="2978" CONTENT="das" WC="0.89" LANG="deu"/>
							<SP ID="SP140" WIDTH="31" HPOS="1801" VPOS="2978"/>
							<String ID="STRING163" STYLEREFS="STYLE2" HEIGHT="78" WIDTH="91" HPOS="1832" VPOS="2981" CONTENT="Ur" SUBS_TYPE="HypPart1" SUBS_CONTENT="Urtheil" WC="0.41" LANG="deu"/>
							<HYP CONTENT="-"/>
						</TextLine>
						<TextLine ID="LINE24" HEIGHT="119" WIDTH="1846" HPOS="115" VPOS="3071">
							<String ID="STRING164" STYLEREFS="STYLE2" HEIGHT="102" WIDTH="148" HPOS="115" VPOS="3071" CONTENT="theil" SUBS_TYPE="HypPart2" SUBS_CONTENT="Urtheil" WC="0.85" LANG="deu"/>
							<SP ID="SP141" WIDTH="26" HPOS="263" VPOS="3071"/>
							<String ID="STRING165" STYLEREFS="STYLE2" HEIGHT="82" WIDTH="114" HPOS="289" VPOS="3080" CONTENT="des" WC="0.85" LANG="deu"/>
							<SP ID="SP142" WIDTH="36" HPOS="403" VPOS="3080"/>
							<String ID="STRING166" STYLEREFS="STYLE2" HEIGHT="96" WIDTH="271" HPOS="439" VPOS="3075" CONTENT="Todes," WC="0.66" LANG="deu"/>
							<SP ID="SP143" WIDTH="33" HPOS="710" VPOS="3075"/>
							<String ID="STRING167" STYLEREFS="STYLE2" HEIGHT="75" WIDTH="134" HPOS="743" VPOS="3084" CONTENT="und" WC="0.64" LANG="deu"/>
							<SP ID="SP144" WIDTH="32" HPOS="877" VPOS="3084"/>
							<String ID="STRING168" STYLEREFS="STYLE2" HEIGHT="70" WIDTH="148" HPOS="909" VPOS="3091" CONTENT="was" WC="0.88" LANG="deu"/>
							<SP ID="SP145" WIDTH="32" HPOS="1057" VPOS="3091"/>
							<String ID="STRING169" STYLEREFS="STYLE2" HEIGHT="58" WIDTH="62" HPOS="1089" VPOS="3104" CONTENT="er" WC="0.91" LANG="deu"/>
							<SP ID="SP146" WIDTH="26" HPOS="1151" VPOS="3104"/>
							<String ID="STRING170" STYLEREFS="STYLE2" HEIGHT="99" WIDTH="378" HPOS="1177" VPOS="3083" CONTENT="verbrochen" WC="0.75" LANG="deu"/>
							<SP ID="SP147" WIDTH="34" HPOS="1555" VPOS="3083"/>
							<String ID="STRING171" STYLEREFS="STYLE2" HEIGHT="101" WIDTH="205" HPOS="1589" VPOS="3089" CONTENT="hatte," WC="0.74" LANG="deu"/>
							<SP ID="SP148" WIDTH="33" HPOS="1794" VPOS="3089"/>
							<String ID="STRING172" STYLEREFS="STYLE2" HEIGHT="80" WIDTH="134" HPOS="1827" VPOS="3091" CONTENT="und" WC="0.66" LANG="deu"/>
						</TextLine>
						<TextLine ID="LINE25" HEIGHT="104" WIDTH="1084" HPOS="116" VPOS="3188">
							<String ID="STRING173" STYLEREFS="STYLE2" HEIGHT="97" WIDTH="130" HPOS="116" VPOS="3189" CONTENT="daß" WC="0.66" LANG="deu"/>
							<SP ID="SP149" WIDTH="40" HPOS="246" VPOS="3189"/>
							<String ID="STRING174" STYLEREFS="STYLE2" HEIGHT="58" WIDTH="62" HPOS="286" VPOS="3208" CONTENT="er" WC="1" LANG="deu"/>
							<SP ID="SP150" WIDTH="30" HPOS="348" VPOS="3208"/>
							<String ID="STRING175" STYLEREFS="STYLE2" HEIGHT="75" WIDTH="114" HPOS="378" VPOS="3194" CONTENT="des" WC="0.78" LANG="deu"/>
							<SP ID="SP151" WIDTH="34" HPOS="492" VPOS="3194"/>
							<String ID="STRING176" STYLEREFS="STYLE2" HEIGHT="90" WIDTH="234" HPOS="526" VPOS="3188" CONTENT="Todes" WC="0.65" LANG="deu"/>
							<SP ID="SP152" WIDTH="26" HPOS="760" VPOS="3188"/>
							<String ID="STRING177" STYLEREFS="STYLE2" HEIGHT="102" WIDTH="266" HPOS="786" VPOS="3189" CONTENT="schuldig" WC="0.69" LANG="deu"/>
							<SP ID="SP153" WIDTH="30" HPOS="1052" VPOS="3189"/>
							<String ID="STRING178" STYLEREFS="STYLE2" HEIGHT="99" WIDTH="118" HPOS="1082" VPOS="3193" CONTENT="sey." WC="0.82" LANG="deu"/>
						</TextLine>
					</TextBlock>
					<TextBlock xs:type="TextBlockType" ID="ZONE1242620" HEIGHT="231" WIDTH="1840" HPOS="124" VPOS="3299" xlink:type="simple">
						<TextLine ID="LINE26" HEIGHT="115" WIDTH="1731" HPOS="232" VPOS="3299">
							<String ID="STRING179" STYLEREFS="STYLE2" HEIGHT="89" WIDTH="79" HPOS="232" VPOS="3299" CONTENT="6." WC="0.38" LANG="deu"/>
							<SP ID="SP154" WIDTH="57" HPOS="311" VPOS="3299"/>
							<String ID="STRING180" STYLEREFS="STYLE2" HEIGHT="79" WIDTH="147" HPOS="368" VPOS="3308" CONTENT="Und" WC="0.68" LANG="deu"/>
							<SP ID="SP155" WIDTH="31" HPOS="515" VPOS="3308"/>
							<String ID="STRING181" STYLEREFS="STYLE2" HEIGHT="76" WIDTH="103" HPOS="546" VPOS="3308" CONTENT="der" WC="0.53" LANG="deu"/>
							<SP ID="SP156" WIDTH="27" HPOS="649" VPOS="3308"/>
							<String ID="STRING182" STYLEREFS="STYLE2" HEIGHT="101" WIDTH="279" HPOS="676" VPOS="3305" CONTENT="Priester" WC="0.68" LANG="deu"/>
							<SP ID="SP157" WIDTH="32" HPOS="955" VPOS="3305"/>
							<String ID="STRING183" STYLEREFS="STYLE2" HEIGHT="79" WIDTH="202" HPOS="987" VPOS="3309" CONTENT="redete" WC="0.8" LANG="deu"/>
							<SP ID="SP158" WIDTH="28" HPOS="1189" VPOS="3309"/>
							<String ID="STRING184" STYLEREFS="STYLE2" HEIGHT="79" WIDTH="210" HPOS="1217" VPOS="3313" CONTENT="weiter" WC="0.77" LANG="deu"/>
							<SP ID="SP159" WIDTH="26" HPOS="1427" VPOS="3313"/>
							<String ID="STRING185" STYLEREFS="STYLE2" HEIGHT="76" WIDTH="114" HPOS="1453" VPOS="3317" CONTENT="mit" WC="0.95" LANG="deu"/>
							<SP ID="SP160" WIDTH="32" HPOS="1567" VPOS="3317"/>
							<String ID="STRING186" STYLEREFS="STYLE2" HEIGHT="103" WIDTH="174" HPOS="1599" VPOS="3311" CONTENT="ihm," WC="0.62" LANG="deu"/>
							<SP ID="SP161" WIDTH="54" HPOS="1773" VPOS="3311"/>
							<String ID="STRING187" STYLEREFS="STYLE2" HEIGHT="84" WIDTH="136" HPOS="1827" VPOS="3313" CONTENT="und" WC="0.64" LANG="deu"/>
						</TextLine>
						<TextLine ID="LINE27" HEIGHT="107" WIDTH="1575" HPOS="125" VPOS="3411">
							<String ID="STRING188" STYLEREFS="STYLE2" HEIGHT="107" WIDTH="241" HPOS="125" VPOS="3411" CONTENT="tröstete" WC="0.59" LANG="deu"/>
							<SP ID="SP162" WIDTH="33" HPOS="366" VPOS="3411"/>
							<String ID="STRING189" STYLEREFS="STYLE2" HEIGHT="94" WIDTH="107" HPOS="399" VPOS="3419" CONTENT="ihn" WC="0.86" LANG="deu"/>
							<SP ID="SP163" WIDTH="31" HPOS="506" VPOS="3419"/>
							<String ID="STRING190" STYLEREFS="STYLE2" HEIGHT="76" WIDTH="193" HPOS="537" VPOS="3438" CONTENT="gegen" WC="0.72" LANG="deu"/>
							<SP ID="SP164" WIDTH="27" HPOS="730" VPOS="3438"/>
							<String ID="STRING191" STYLEREFS="STYLE2" HEIGHT="79" WIDTH="99" HPOS="757" VPOS="3419" CONTENT="die" WC="0.76" LANG="deu"/>
							<SP ID="SP165" WIDTH="31" HPOS="856" VPOS="3419"/>
							<String ID="STRING192" STYLEREFS="STYLE2" HEIGHT="97" WIDTH="375" HPOS="887" VPOS="3418" CONTENT="Schrecken" WC="0.6" LANG="deu"/>
							<SP ID="SP166" WIDTH="35" HPOS="1262" VPOS="3418"/>
							<String ID="STRING193" STYLEREFS="STYLE2" HEIGHT="72" WIDTH="111" HPOS="1297" VPOS="3431" CONTENT="des" WC="0.76" LANG="deu"/>
							<SP ID="SP167" WIDTH="27" HPOS="1408" VPOS="3431"/>
							<String ID="STRING194" STYLEREFS="STYLE2" HEIGHT="91" WIDTH="265" HPOS="1435" VPOS="3426" CONTENT="Todes." WC="0.68" LANG="deu"/>
						</TextLine>
					</TextBlock>
					<TextBlock xs:type="TextBlockType" ID="ZONE1242621" HEIGHT="347" WIDTH="1848" HPOS="130" VPOS="3525" xlink:type="simple">
						<TextLine ID="LINE28" HEIGHT="112" WIDTH="1739" HPOS="232" VPOS="3530">
							<String ID="STRING195" STYLEREFS="STYLE2" HEIGHT="83" WIDTH="81" HPOS="232" VPOS="3547" CONTENT="7." WC="0.56" LANG="deu"/>
							<SP ID="SP168" WIDTH="59" HPOS="313" VPOS="3547"/>
							<String ID="STRING196" STYLEREFS="STYLE2" HEIGHT="85" WIDTH="139" HPOS="372" VPOS="3530" CONTENT="Da" WC="1" LANG="deu"/>
							<SP ID="SP169" WIDTH="35" HPOS="511" VPOS="3530"/>
							<String ID="STRING197" STYLEREFS="STYLE2" HEIGHT="78" WIDTH="215" HPOS="546" VPOS="3535" CONTENT="wurde" WC="0.74" LANG="deu"/>
							<SP ID="SP170" WIDTH="25" HPOS="761" VPOS="3535"/>
							<String ID="STRING198" STYLEREFS="STYLE2" HEIGHT="103" WIDTH="365" HPOS="786" VPOS="3531" CONTENT="Struensee" WC="0.74" LANG="deu"/>
							<SP ID="SP171" WIDTH="33" HPOS="1151" VPOS="3531"/>
							<String ID="STRING199" STYLEREFS="STYLE2" HEIGHT="103" WIDTH="275" HPOS="1184" VPOS="3535" CONTENT="wacker," WC="0.7" LANG="deu"/>
							<SP ID="SP172" WIDTH="39" HPOS="1459" VPOS="3535"/>
							<String ID="STRING200" STYLEREFS="STYLE2" HEIGHT="76" WIDTH="129" HPOS="1498" VPOS="3545" CONTENT="und" WC="0.55" LANG="deu"/>
							<SP ID="SP173" WIDTH="21" HPOS="1627" VPOS="3545"/>
							<String ID="STRING201" STYLEREFS="STYLE2" HEIGHT="101" WIDTH="123" HPOS="1648" VPOS="3541" CONTENT="sein" WC="1" LANG="deu"/>
							<SP ID="SP174" WIDTH="21" HPOS="1771" VPOS="3541"/>
							<String ID="STRING202" STYLEREFS="STYLE2" HEIGHT="96" WIDTH="179" HPOS="1792" VPOS="3542" CONTENT="Herz" WC="0.55" LANG="deu"/>
						</TextLine>
						<TextLine ID="LINE29" HEIGHT="112" WIDTH="1808" HPOS="131" VPOS="3641">
							<String ID="STRING203" STYLEREFS="STYLE2" HEIGHT="74" WIDTH="184" HPOS="131" VPOS="3650" CONTENT="ward" WC="0.5" LANG="deu"/>
							<SP ID="SP175" WIDTH="42" HPOS="315" VPOS="3650"/>
							<String ID="STRING204" STYLEREFS="STYLE2" HEIGHT="99" WIDTH="187" HPOS="357" VPOS="3641" CONTENT="ruhig" WC="0.73" LANG="deu"/>
							<SP ID="SP176" WIDTH="45" HPOS="544" VPOS="3641"/>
							<String ID="STRING205" STYLEREFS="STYLE2" HEIGHT="78" WIDTH="130" HPOS="589" VPOS="3649" CONTENT="und" WC="0.58" LANG="deu"/>
							<SP ID="SP177" WIDTH="28" HPOS="719" VPOS="3649"/>
							<String ID="STRING206" STYLEREFS="STYLE7" HEIGHT="105" WIDTH="271" HPOS="747" VPOS="3648" CONTENT="getrost," WC="0.46" LANG="deu"/>
							<SP ID="SP178" WIDTH="69" HPOS="1018" VPOS="3648"/>
							<String ID="STRING207" STYLEREFS="STYLE2" HEIGHT="84" WIDTH="134" HPOS="1087" VPOS="3650" CONTENT="und" WC="0.5" LANG="deu"/>
							<SP ID="SP179" WIDTH="34" HPOS="1221" VPOS="3650"/>
							<String ID="STRING208" STYLEREFS="STYLE7" HEIGHT="100" WIDTH="377" HPOS="1255" VPOS="3653" CONTENT="jedermann" WC="0.69" LANG="deu"/>
							<SP ID="SP180" WIDTH="37" HPOS="1632" VPOS="3653"/>
							<String ID="STRING209" STYLEREFS="STYLE2" HEIGHT="66" WIDTH="270" HPOS="1669" VPOS="3672" CONTENT="verwun" SUBS_TYPE="HypPart1" SUBS_CONTENT="verwunderte" WC="0.81" LANG="deu"/>
							<HYP CONTENT="-"/>
						</TextLine>
						<TextLine ID="LINE30" HEIGHT="108" WIDTH="1846" HPOS="130" VPOS="3754">
							<String ID="STRING210" STYLEREFS="STYLE7" HEIGHT="89" WIDTH="168" HPOS="130" VPOS="3755" CONTENT="derte" SUBS_TYPE="HypPart2" SUBS_CONTENT="verwunderte" WC="0.65" LANG="deu"/>
							<SP ID="SP181" WIDTH="42" HPOS="298" VPOS="3755"/>
							<String ID="STRING211" STYLEREFS="STYLE7" HEIGHT="104" WIDTH="120" HPOS="340" VPOS="3756" CONTENT="sich" WC="0.59" LANG="deu"/>
							<SP ID="SP182" WIDTH="32" HPOS="460" VPOS="3756"/>
							<String ID="STRING212" STYLEREFS="STYLE7" HEIGHT="104" WIDTH="154" HPOS="492" VPOS="3754" CONTENT="baß." WC="0.63" LANG="deu"/>
							<SP ID="SP183" WIDTH="1092" HPOS="646" VPOS="3754"/>
							<String ID="STRING213" STYLEREFS="STYLE7" HEIGHT="88" WIDTH="74" HPOS="1738" VPOS="3774" CONTENT="8." WC="0.85" LANG="deu"/>
							<SP ID="SP184" WIDTH="20" HPOS="1812" VPOS="3774"/>
							<String ID="STRING214" STYLEREFS="STYLE7" HEIGHT="92" WIDTH="144" HPOS="1832" VPOS="3765" CONTENT="Da" WC="0.83" LANG="deu"/>
						</TextLine>
					</TextBlock>
					<Illustration xs:type="IllustrationType" ID="ZONE1242622" HEIGHT="314" WIDTH="950" HPOS="1979" VPOS="133" xlink:type="simple"/>
					<Illustration xs:type="IllustrationType" ID="ZONE1242623" HEIGHT="442" WIDTH="893" HPOS="2033" VPOS="441" xlink:type="simple"/>
					<Illustration xs:type="IllustrationType" ID="ZONE1242624" HEIGHT="526" WIDTH="884" HPOS="2011" VPOS="3581" xlink:type="simple"/>
					<Illustration xs:type="IllustrationType" ID="ZONE1242625" HEIGHT="580" WIDTH="2888" HPOS="3" VPOS="4087" xlink:type="simple"/>
				</ComposedBlock>
			</PrintSpace>
		</Page>
	</Layout>
</alto>
