3004 4654
1143 156 143 50 rggs»

1399 151 391 59 kimnaw

1087 413 94 56 20

1803 399 116 79 M

1096 570 313 101 Eichstedt
1438 575 185 78 ward
1656 574 225 84 Ritter
1908 592 157 61 vom
2094 568 463 101 Dannebroge
2590 578 131 79 und
2748 579 171 86 Ober-

1091 693 121 96 ster
1243 682 579 105 Feldhauptmann
1847 683 153 83 über
2033 689 95 74 die
2161 706 67 74 zu
2259 683 187 97 Roß.
2561 687 161 87 Der
2749 692 173 91 Ober-

1090 801 85 100 ste
1206 798 217 84 Koller
1456 798 155 79 aber
1660 805 191 76 ward
1882 795 607 103 Feldhauptmann.

1209 932 77 76 5.
1327 912 149 81 Und
1507 920 109 71 der
1661 908 221 102 König
1931 907 251 103 befahl,
2239 910 129 98 daß
2415 933 161 60 man
2623 913 151 98 diese
2821 916 93 88 Ge-

1088 1021 247 100 schichte
1382 1025 67 77 in
1494 1029 99 74 ein
1634 1022 201 97 Buch
1872 1021 257 97 schriebe
2162 1029 131 74 und
2338 1022 439 102 verwahrets;
2832 1040 103 75 und

1087 1149 73 66 es
1201 1138 71 99 ist
1317 1133 379 100 geschrieben
1747 1141 67 76 in
1873 1140 111 77 der
2041 1134 339 98 Chronika
2431 1140 111 79 der
2601 1136 247 104 Könige
2883 1168 49 76 zu

1084 1244 411 90 Dänemark
1522 1251 134 77 und
1688 1251 166 78 wird
1882 1246 362 98 verwahret
2280 1251 64 77 in
2372 1254 108 77 der
2510 1253 311 96 Kanzeley
2846 1262 85 79 des

1083 1358 293 99 Königs,
1403 1362 129 97 daß
1569 1371 72 69 es
1673 1360 156 101 lesen
1865 1364 100 80 die
2007 1362 508 98 Nachkommen
2561 1366 123 99 auf
2717 1369 213 86 Kindes

1080 1476 136 77 und
1246 1472 252 83 Kindes
1530 1475 200 82 Kind.

1601 1619 203 95 Das
1867 1642 133 71 li.
2061 1617 357 110 Capitel.

1080 1748 467 184 ©truenfee
1594 1754 153 79 aber
1788 1773 149 63 war
1982 1753 149 98 hart
2178 1755 339 98 gebunden
2548 1764 119 78 mit
2710 1761 215 102 Ketten,

1329 1866 135 76 und
1509 1867 65 74 in
1605 1870 97 72 ein
1751 1862 389 104 Gefängniß
2169 1869 273 105 gesehet,
2489 1893 109 63 wo
2653 1897 157 60 man
2853 1884 67 76 die

1082 1971 401 101 Missethäter
1512 1995 69 78 zu
1612 1983 375 91 verwahren
2036 1983 251 95 pfleget.

1187 2108 75 58 2.
1291 2090 147 81 Und
1469 2108 157 60 man
1661 2112 111 75 zog
1819 2093 135 95 ihm
1999 2095 97 78 die
2145 2094 431 98 Feyerkleider
2619 2109 165 88 aus,
2819 2106 95 77 und

1074 2217 115 77 zog
1236 2194 131 99 ihm
1416 2204 177 74 einen
1638 2200 205 88 Sack
1886 2226 131 73 an;
2076 2210 133 76 und
2264 2227 63 61 er
2374 2210 217 96 stellete
2648 2208 159 104 sich,
2838 2222 77 74 als

1073 2316 217 75 wollte
1321 2325 59 64 er
1421 2310 205 98 rasen,
1673 2319 131 74 und
1851 2316 111 94 lief
1997 2321 117 77 mit
2155 2324 145 75 dem
2353 2322 193 99 Kopf
2585 2331 197 77 wider
2821 2332 91 78 das

1074 2421 255 96 Gitter,
1386 2424 203 81 damit
1622 2426 225 99 er.sich
1878 2426 171 107 selbst
2096 2429 393 101 umbrächte.

1191 2554 68 78 z.
1295 2535 154 87 Die
1475 2538 487 98 Kriegsknechte
1991 2541 155 83 aber
2179 2548 301 96 ergriffen
2515 2545 135 101 ihn,
2689 2553 123 99 daß
2837 2562 77 70 ers

1076 2646 168 92 nicht
1268 2644 356 99 ausführen
1658 2652 252 82 konnte.
2022 2653 144 89 Da
2196 2664 224 76 wurde
2460 2683 68 60 er
2556 2662 161 97 noch
2746 2673 169 88 harter

1071 2756 336 97 gebunden
1439 2765 132 76 und
1611 2768 118 74 mit
1757 2765 232 86 Ketten
2015 2768 268 103 gefesselt
2313 2793 92 61 an
2435 2778 120 79 den
2591 2776 328 103 Fußboden

1068 2871 120 77 des
1232 2867 486 107 Gefängnisses.

1177 3004 78 82 4.
1307 2983 100 86 Es
1437 3004 144 61 war
1611 2986 156 82 aber
1795 2993 98 77 ein
1923 2990 263 104 Knabe,
2205 2994 264 100 welcher
2501 2999 134 103 ihm
2665 3006 94 81 die
2789 3005 106 85 Ket-

1072 3105 104 67 ten
1206 3101 280 95 anlegte,
1514 3103 110 76 der
1652 3100 256 94 spottete
1940 3102 148 97 sein.

1205 3230 72 72 5.
1328 3205 223 87 Denn
1599 3218 106 74 als
1777 3213 372 101 Struenfee
2205 3221 158 97 noch
2407 3223 186 85 lebete
2649 3232 66 79 in
2757 3227 162 101 seiner

1065 3311 437 110 Herrlichkeit,
1546 3343 146 63 war
1724 3330 110 77 der
1884 3328 234 83 Knabe
2156 3334 334 98 angethan
2534 3344 118 78 mit
2698 3341 222 101 Fesseln

1065 3445 116 61 um
1219 3434 166 77 einer
1414 3433 331 99 Uebelthat
1775 3443 236 98 willen,
2039 3450 132 74 und
2201 3465 146 65 war
2399 3454 98 79 ein
2529 3451 296 89 Sclave.

1193 3538 69 80 6.
1327 3543 369 101 Struenfee
1760 3551 154 83 aber
1970 3560 318 81 wandelte
2342 3565 128 94 auf
2504 3569 112 77 der
2661 3564 261 104 Gassen,

1066 3651 87 81 da
1200 3650 155 103 bath
1400 3654 109 98 ihn
1554 3663 107 81 der
1706 3662 237 86 Knabe
1991 3689 114 61 um
2149 3674 98 79 ein
2294 3671 367 109 Allmosen,
2715 3686 208 77 under

2764 3792 162 104 gabs
