3015 4594
1239 397 86 58 3*
1818 374 381 90 MM-M

1348 551 101 91 Af
1486 550 445 99 Losse-Pladse
1970 560 155 84 veed
2180 553 97 101 jeg
2322 557 185 99 ingen
2576 563 21 78 i
2660 562 185 84 Nær«

1161 650 195 92 heden
1413 650 269 92 hverken
1713 657 169 77 uden
1931 649 245 98 Vester
2223 660 141 77 eller
2401 651 201 106 Øster
2633 657 211 102 Pore;

1160 746 91 94 thi
1314 766 133 74 paa
1500 749 101 86 her
1674 768 141 64 eene
1888 748 197 83 Sted
2148 755 139 85 ville
2342 753 97 88 vel
2494 756 349 99 Ingenien«

1155 862 115 57 ren
1353 842 175 94 giøre
1615 844 543 100 Vansseligheder
2237 874 79 75 og
2387 873 135 67 paa
2587 861 101 78 det
2743 879 101 58 an«

1160 944 107 74 det
1311 937 197 97 Sted
1542 939 327 101 Holmen,
1926 965 71 61 at
2040 948 257 98 indtage
2334 947 319 103 Pladser,
2726 960 97 75 der-

1155 1032 102 94 for
1291 1055 64 58 er
1393 1044 102 76 det
1513 1037 97 99 jeg
1649 1040 118 97 har
1792 1046 240 89 udlede
2083 1047 129 95 mig
2247 1053 146 82 med
2425 1050 163 94 hvor
2639 1048 185 98 forno-

1156 1138 120 74 den
1298 1137 104 76 det
1420 1154 126 61 var
1578 1160 75 74 og
1684 1139 66 80 til
1776 1141 160 93 hvor
1960 1143 124 95 stor
2116 1143 222 95 Nytte
2384 1153 104 77 det
2528 1149 142 80 ville
2698 1151 154 86 blive

1153 1250 168 70 paar
1353 1238 120 76 alle
1509 1231 230 89 Etater
1757 1242 142 78 med
1915 1235 266 94 samlede
2197 1239 286 98 Kræfter
2513 1246 174 80 bleve
2703 1268 124 75 paa-

1151 1332 167 89 lagte
1366 1346 74 68 at
1498 1350 240 79 antage
1785 1336 91 94 sig
1943 1333 547 93 Renovationens
2542 1343 192 88 Tarv
2782 1365 74 75 og

1156 1424 341 104 Fremme;
1554 1433 119 76 den
1713 1432 226 95 eeneste
1973 1434 218 87 miger
2230 1436 245 82 beiendr
2505 1460 62 57 er
2600 1439 225 85 Sand-

1155 1520 319 82 Gravene
1539 1532 171 78 uden
1759 1525 487 99 Nørre-Port,
2333 1532 263 93 hvorfra
2646 1539 206 91 aarlig

1154 1614 333 89 bortføres
1526 1635 73 59 en
1636 1620 127 89 stor
1810 1616 321 100 Mængde
2176 1624 75 94 af
2274 1626 225 83 Sand
2540 1631 63 76 til
2631 1626 192 93 Bede-

1152 1709 251 95 xegning
1430 1726 79 78 og
1551 1711 303 97 Veiene,
1911 1720 201 88 altjaa
2149 1739 61 59 er
2239 1728 101 80 det
2359 1743 73 59 en
2451 1725 239 95 priselig
2713 1724 109 83 An-

1150 1808 185 90 stalt,
1392 1822 71 63 at
1494 1805 243 92 samme
1784 1822 365 87 opgravede
2182 1815 243 99 Huller
2460 1820 159 102 Iglen
2660 1824 189 79 bliver

1149 1907 143 74 med
1325 1899 431 95 Renovation
1803 1906 197 94 fyldte
2047 1929 71 62 at
2165 1915 451 100 Græsningen
2665 1922 47 84 ei
2753 1917 97 94 for

1142 2018 208 77 meget
1379 1998 120 91 skal
1540 2001 266 98 betages
1850 2002 100 97 for
2004 2006 331 86 Stadens
2370 2011 481 103 Jndvaanere,

1145 2110 150 63 men
1327 2093 132 89 Tid
1495 2093 150 97 efter
1689 2108 216 74 anden
1935 2103 162 99 igien
2129 2121 70 64 at
2217 2104 294 97 opfyldes
2547 2113 208 81 baade
2777 2117 76 77 til

1142 2190 232 110 Diirog
1408 2192 265 107 Nytte;
1726 2203 124 91 dog
1886 2205 162 80 dette
2080 2200 194 84 Sted
2304 2206 126 83 kan
2462 2208 50 78 ei
2570 2227 166 62 være
2778 2213 72 83 til

1141 2296 198 73 andet
1375 2286 78 96 af
1492 2291 505 90 Renovationen
2033 2305 124 74 end
2209 2304 178 92 hvad
2435 2310 108 80 der
2573 2306 276 94 udfores

1142 2384 76 92 gf
1251 2385 231 82 Nørre
1511 2387 187 103 Port
1733 2393 19 78 i
1781 2402 119 72 den
1945 2395 441 102 Strækning;
2454 2402 94 95 thi
2589 2409 101 82 det
2724 2422 122 64 var

1144 2481 241 100 alt,for
1412 2484 174 94 fcent'
1620 2510 165 60 naar
1826 2498 119 74 den
1984 2493 125 97 hele
2168 2491 207 99 Byes
2412 2497 433 89 Renovation

1132 2581 192 93 skule
1371 2582 101 92 fta
1513 2592 117 74 alle
1679 2587 381 83 Qvarterer
2105 2591 165 81 kiøre
2325 2601 107 74 der
2479 2603 111 82 ud.
2707 2598 137 102 Jeg

1142 2680 121 94 har
1296 2689 185 74 ellers
1512 2681 113 92 seet
1666 2703 77 66 en
2246 2694 263 94 Placat,
2562 2695 281 94 hvorved

1137 2784 121 84 alle
1289 2771 353 93 Beboerne
1667 2783 19 76 i
1705 2783 371 96 Nærheden
2103 2785 75 94 af
2215 2788 291 92 Staden
2539 2791 131 92 som
2691 2796 125 84 hav-

1140 2880 75 82 de
1246 2881 141 75 lave
1430 2878 293 85 Grunde
1768 2881 207 89 kunde
2008 2889 203 76 melde
2256 2890 127 93 sig,
2442 2894 85 75 da
2560 2895 71 76 de
2661 2890 184 100 skule

1135 2968 151 96 faae
1315 2973 429 85 Renovation
1791 2976 207 97 tilført
2047 2982 71 81 til
2163 2981 457 104 Opfyldning,
2677 2992 165 77 dette

1134 3090 126 59 var
1282 3093 73 71 en
1374 3073 237 97 priselig
1652 3074 567 103 Omhyggelighed
2256 3084 17 76 i
2290 3104 71 59 en
2378 3082 249 89 dobbelt
2650 3082 163 101 Hen-

1133 3166 212 93 seende
1411 3172 206 81 baade
1649 3179 67 86 til
1761 3175 382 85 Grundens
2193 3178 397 100 Forbedring
2639 3202 79 74 og
2769 3199 72 65 at

1132 3264 164 81 blive
1332 3265 510 92 Renovationen
1890 3275 171 99 qvit,
2130 3297 146 72 men
2314 3283 162 82 dette
2508 3294 124 73 var
2666 3280 176 82 kuns

1129 3380 134 75 PM
1285 3363 146 99 visse
1457 3367 200 91 Bder
1687 3389 110 71 om
1831 3369 227 93 Aaret-I
