3127 4637
1216 724 270 96 Langs«
1506 716 458 99 Samlingen,
2030 721 114 94 saa
2184 721 122 83 kan
2350 726 118 80 den
2512 724 124 82 ikke
2671 730 216 94 ansees-«

1216 864 108 98 for
1366 870 196 76 andet
1598 871 120 76 end
1764 863 630 98 Subscribemerues
2446 888 140 84 eget
2626 872 256 100 Foster,

1214 1016 143 76 eller
1400 1014 185 80 deres
1640 1015 179 80 dertil
1864 1015 225 98 brugte
2134 1015 563 103 Fuldmægtiges;
2772 1016 121 101 Og

1213 1156 104 98 jeg
1371 1156 124 80 kan
1555 1156 276 101 sandelig
1889 1159 122 82 ikke
2065 1157 82 98 af
2195 1168 182 78 deres
2419 1162 276 86 Artikler
2751 1170 142 77 eller

1213 1302 418 84 Convention
1695 1303 132 96 læse
1883 1309 134 96 mig
2061 1307 110 94 til,
2227 1324 84 66 at
2357 1316 102 76 det
2499 1332 62 60 er
2599 1312 116 80 udi
2753 1309 109 97 saa-

1209 1450 217 80 danne
1211 1452 216 80 danne
1467 1448 336 99 Tilfælde,
1867 1467 72 68 at
1997 1459 78 80 de
2125 1460 200 80 raade
2367 1452 100 98 for
2503 1456 388 102 Interessen«

1209 1604 214 72 ternes
1467 1594 400 101 Meninger.

1430 1776 306 88 Bemekre
1780 1791 84 74 18
1926 1787 164 92 gode
2128 1783 238 89 Mænd
2426 1786 264 80 debitere
2742 1800 150 67 tem«

1200 1922 198 102 Melig
1436 1926 288 99 urigtig,
1770 1945 72 64 at
1880 1933 78 78 de
1996 1925 84 98 af
2108 1931 134 97 mig
2284 1928 256 98 anførte
2566 1930 324 96 Aarsager

1204 2072 80 78 til
1322 2076 74 76 de
1438 2092 236 77 mange
1716 2071 394 100 Bryggeres
2144 2075 514 103 Fallissementer,
2708 2076 154 81 berø-

1204 2234 70 62 re
1330 2218 344 97 egentligen
1742 2219 324 94 saadanne
2120 2221 225 99 Ting,
2410 2220 134 96 som
2598 2242 292 76 angaaer

1197 2360 288 98 Laugets
1527 2367 402 98 almindelige
1965 2369 342 83 indvortes
2331 2368 424 98 Oeconomie,
2801 2388 88 75 og

1201 2502 294 104 hvorved
1565 2513 188 96 ingen
1825 2521 174 76 uden
2081 2513 534 101 Interessenterne
2689 2520 202 77 allene

1199 2656 172 98 lide,
1445 2676 170 63 naar
1687 2665 110 76 der
1871 2659 26 84 i
1955 2661 170 84 mine
2185 2656 517 121 Beskyldninger
2761 2680 128 68 var

1201 2822 210 78 nogen
1451 2800 452 107 Virkelighed.

1422 2970 200 101 Mn,
1666 2973 376 74 MeflTeurs!
2094 2973 104 90 Er
2236 2984 112 76 der
2386 2984 86 78 da
2494 2978 184 98 ingen
2704 2976 150 90 Vir-

1196 3116 282 102 kelighed
1542 3125 278 78 derudi?
1944 3121 102 88 Er
2106 3123 402 99 Vedtægten
2568 3120 122 84 ikke
2750 3128 128 79 til?

1194 3260 106 86 Er
1338 3270 124 76 den
1506 3262 122 87 ikke
1670 3271 170 96 giort
1882 3267 376 103 forbindtlig
2300 3278 204 76 under
2540 3270 228 84 Mulct
2804 3269 86 102 af

1196 3430 94 74 zo
1310 3408 258 87 Rdkr.?
1622 3415 102 88 Er
1766 3423 110 76 der
1912 3419 190 96 ingen
2138 3421 126 94 har
2298 3432 172 84 taget
2508 3422 140 78 eller
2696 3434 182 82 tager

1186 3552 253 88 Skade
1498 3567 121 80 ved
1686 3569 77 78 de
1815 3583 236 78 mange
2108 3563 491 105 Fallissementer
2670 3564 211 83 iblant

2639 3700 238 98 Bryg-
