3072 4637
1771 593 106 88 33

177 769 240 106 Plan,
475 769 136 96 som
667 763 276 100 sandelig
991 765 326 98 medfører
1357 761 370 104 Præjudice
1767 761 108 100 sov

179 927 106 78 det
331 917 464 94 Almindelige,
851 909 222 100 efterdi
1115 921 118 78 den
1277 933 108 62 ene
1427 911 302 100 Dyrhed
1773 933 100 60 em

181 1083 330 66 tretemrer
565 1067 118 76 den
739 1061 252 98 anden,
1055 1081 82 76 og
1197 1077 110 62 om
1343 1081 160 60 man
1545 1065 122 76 end
1707 1061 170 82 vilde

175 1209 374 100 indskrænke
593 1211 102 84 det
731 1215 154 88 dyre
911 1207 188 84 Kiob
1125 1209 70 82 til
1219 1205 284 100 Bygget
1527 1225 82 78 og
1631 1205 240 100 Bryg»

169 1375 186 80 gerne
399 1357 120 94 selv
563 1359 222 94 allene,
831 1373 64 64 er
939 1361 102 76 der
1081 1351 126 90 ikke
1249 1357 90 78 da
1387 1361 102 74 det
1531 1353 308 86 Alminde-

173 1509 152 92 lige,
371 1509 124 78 den
535 1501 178 100 Rige
755 1523 80 76 og
875 1497 298 106 Fattige,
1259 1503 136 92 som
1433 1521 190 62 maae
1661 1501 210 82 betale

165 1649 196 90 Øllet
437 1655 262 94 dyrere,
777 1667 168 64 naar
1015 1647 386 102 Forhøyelse
1493 1655 286 92 derpaa,
1841 1649 24 80 i

169 1795 506 96 Consideration
731 1789 80 102 af
857 1795 324 98 Byggets
1247 1795 462 104 Kostbarhed,
1769 1815 62 64 er-

169 1941 276 98 holdes?

383 2109 132 90 De
581 2117 202 78 melde
853 2113 212 82 videre
1135 2113 20 78 i
1211 2113 198 80 denne
1491 2107 216 104 Post,
1783 2131 74 64 ar

161 2313 40 30 „
227 2259 254 84 Maltet
495 2255 338 86 imidlertid
849 2263 94 76 ud
961 2277 134 78 paa
1111 2253 418 88 Sommeren
1547 2257 80 100 af
1635 2259 194 84 Malt-

161 2407 290 96 giørerne
493 2423 62 64 er
593 2401 160 100 solgt
805 2401 102 98 for
961 2425 90 74 14
1095 2427 42 58 a
1185 2427 80 70 15
1319 2401 224 86 Mark
1591 2425 82 78 og

161 2547 152 100 efter
355 2547 102 100 for
511 2557 88 68 16
643 2573 42 58 a
733 2571 90 72 17
865 2547 248 102 Mark;
1141 2599 40 34 --
1221 2551 198 96 Men,
1447 2551 194 82 Mine

157 2699 136 80 rer!
347 2691 144 90 Een
529 2695 238 84 Svale
823 2699 144 94 gier
1023 2695 186 98 ingen
1265 2697 376 100 Sommer,
1701 2711 144 82 med

157 2865 110 60 een
307 2843 170 102 Falk
501 2841 124 84 kan
651 2863 158 60 man
827 2845 186 96 ingen
1037 2849 368 94 reputeerlig
1433 2845 408 104 Falke-Jagt

157 2993 262 98 anstille.

373 3155 210 106 Have
637 3159 76 82 de
759 3169 198 70 været
993 3157 108 96 saa
1137 3158 335 98 naadn
1451 3157 22 84 i
1517 3157 186 108 Aar,
1761 3169 90 78 da
1871 3187 14 22 '

163 3305 164 94 have
367 3313 76 76 de
483 3303 236 102 visselig
763 3315 198 70 været
997 3301 110 98 saa
1143 3311 262 94 strænge
1443 3309 20 78 i

157 3455 230 94 ringer.
511 3453 142 98 Jeg
705 3453 284 80 erindrer
1041 3459 216 76 endnu
1311 3469 204 82 meget
1567 3473 146 80 got,

159 3603 88 78 da
291 3562 218 129 Mad-H-
545 3601 224 98 privat
829 3619 84 76 og
953 3597 116 86 udi
1111 3599 410 102 Forsamling
1567 3603 138 84 blev

967 3741 64 88 C
1695 3743 152 104 fere-
