2952 4541
1088 504 100 85 l4

1082 694 118 91 hen
1509 696 139 77 eller
1683 700 247 79 andens
1965 697 335 102 Skuldre,
2335 723 79 79 og
2447 713 279 90 mangler
2742 732 70 78 ey

1080 812 132 76 paa
1240 787 442 100 Øvrigheder,
1716 791 132 97 som
1896 799 206 83 baade
2146 802 142 81 ville
2324 823 79 77 og
2446 808 172 94 stulle
2648 813 166 90 gisre

1277 907 146 61 men
1471 892 106 96 her
1619 915 186 61 maae
1863 894 158 99 først
2069 896 102 98 for
2207 903 322 92 saadanne
2563 907 254 97 bringes

1109 992 165 95 ovlig
1323 989 285 100 Beviis,
1659 1011 67 65 at
1769 1002 117 75 den
1925 1002 241 94 anviste
2205 1004 231 94 bruger
2469 1004 243 94 saadan
2745 1029 45 68 u-

1077 1090 304 97 tilladeiig
1412 1090 450 100 Haandværk,
1886 1119 78 74 og
1988 1099 172 94 hvad
2180 1098 138 97 Lyst
2340 1103 124 81 kan
2482 1126 74 58 en
2584 1105 232 99 Sleng

1080 1186 355 102 forarmede
1480 1192 861 101 Kiøbstæd-Haandværker
2388 1204 161 88 have
2600 1210 217 76 dertil?

1079 1290 218 104 Faaer
1313 1297 70 74 de
1399 1312 102 58 een
1523 1297 134 76 eller
1675 1295 172 92 fleece
1867 1295 922 105 saadanneLan—dsby»eHaand-

1075 1387 235 88 varker
1350 1386 302 101 afstaffet,
1692 1389 122 83 kan
1866 1415 176 58 enten
2080 1400 70 76 de
2182 1396 234 93 samme
2444 1406 136 75 eller
2616 1410 202 74 andre

1076 1486 139 98 sette
1250 1491 91 94 sig
1364 1496 115 72 ved
1518 1488 233 83 Siden
1788 1490 73 94 af
1888 1499 165 89 dem,
2094 1514 79 76 og
2192 1502 71 73 de
2282 1519 59 56 er
2362 1509 111 85 bge
2490 1519 105 75 got
2612 1499 205 94 faren.

1079 1588 338 97 Bestodde
1437 1592 282 77 derimod
1737 1588 78 92 af
1829 1614 54 59 er
1901 1595 116 90 vist
2039 1591 202 83 Amal
2261 1609 204 67 lemen
2483 1607 138 80 med
2641 1599 174 99 Laug

1074 1696 142 78 eller
1250 1693 170 76 uden
1455 1686 209 97 Laug,
1713 1685 207 85 kunde
1971 1697 71 72 de
2077 1694 201 79 baade
2317 1697 159 90 have
2509 1694 185 87 Evne
2736 1722 80 76 og

1076 1790 139 96 Lyst
1266 1793 67 74 til
1384 1806 69 62 at
1506 1791 301 88 erhverve
1860 1786 249 89 Beviis
2152 1810 147 63 over
2332 1797 71 75 de
2446 1800 127 90 som
2606 1797 209 94 giorde

1073 1896 146 76 dem
1257 1890 242 90 ulovlig
1531 1884 336 104 Indpas).
1971 1887 94 84 At
2101 1896 178 75 ellers
2307 1891 290 89 Vævere
2619 1917 60 58 er
2699 1904 114 74 ved

1073 1986 325 97 Kongelig
1435 1986 295 95 Rescript
1765 1992 211 77 tilladt
2014 2008 73 80 at’
2108 1990 113 79 boe
2403 1994 253 95 Lander,
2691 1993 97 95 for-

1072 2094 88 88 di,
1198 2092 74 75 de
1308 2084 214 96 ansees
1544 2066 132 113 som
1708 2085 614 104 Manufacruristcr,
2350 2113 182 60 maae
2548 2095 264 101 Argus

1073 2196 98 74 vel
1209 2184 120 83 ikke
1365 2190 176 90 vide,
1591 2191 176 90 siden
1802 2188 131 98 han
1966 2186 225 97 skriver
2229 2195 174 79 imod
2439 2200 136 75 den.

1285 2299 273 97 Enhver
1589 2299 77 100 af
1697 2309 71 77 de
1799 2304 209 92 smaae
2043 2305 411 100 Kiobstæder
2493 2308 129 96 som
2663 2308 123 81 Eien-

1072 2407 110 78 der
1214 2404 80 93 sir
1330 2422 130 76 eget
1492 2400 152 87 Vel
1674 2425 78 75 og
1788 2404 244 97 Beste,
2088 2403 322 94 bekræfter
2442 2416 204 92 gierne
2676 2416 134 74 med

1072 2508 297 97 Argus,
1403 2518 68 64 at
1492 2502 349 85 Markeder
1860 2503 159 96 (som
2037 2508 68 78 til
2128 2512 117 75 den
2264 2505 131 92 Tid
2421 2516 74 74 de
2512 2510 167 81 bleve
2701 2532 84 56 an-

1071 2610 229 76 ordnet
1319 2621 79 77 og
1423 2602 283 97 bevilget,
1745 2604 119 96 har
1893 2623 191 63 værer
2610 2606 173 101 gavn-

1068 2705 117 97 lig)
1218 2725 64 60 er
1314 2723 90 59 nu
1434 2708 22 78 i
1488 2702 142 101 disse
1660 2701 236 100 Tider,
1940 2709 84 76 da
2058 2702 348 102 Handelen
2427 2705 238 96 saadan
2684 2707 126 93 som

1072 2810 123 76 den
1244 2823 61 62 er
1368 2804 217 80 drives
1632 2823 131 74 paa
1816 2804 151 98 hver
2026 2803 219 85 Stæd
2279 2857 24 46 ,
2380 2828 191 62 meere
2614 2805 167 95 skade-

1072 2905 85 97 lig
1203 2907 118 78 end
1349 2903 70 82 til
1449 2922 206 77 nogen
1691 2899 237 102 Nytte,
1961 2925 80 74 og
2075 2912 100 74 der
2210 2908 302 97 forsaaer
2545 2905 86 94 sig
2663 2903 142 97 selv,

1072 3022 72 64 at
1177 3006 275 100 naaede
1376 3007 74 79 de
1478 3000 288 87 Marked
1801 3000 265 97 søgende
2096 3004 418 94 Kiobmænd,
2544 3003 232 82 Kræm-

1074 3124 167 62 mere
1286 3123 81 76 og
1408 3100 497 102 Haandværker
1968 3103 119 96 stal
2122 3108 157 94 have
2314 3111 171 73 deres
2522 3099 285 98 Reysers

1071 3208 164 94 store
1285 3201 506 100 Omkostninger
1841 3202 230 100 betalt,
2131 3219 182 63 maae
2361 3209 70 71 de
2485 3202 162 92 have
2707 3206 102 74 det

1068 3321 184 60 enten
1285 3309 117 77 ved
1439 3304 231 94 flerrere
1699 3299 275 100 Vahre,
2003 3305 233 93 ringere
2255 3299 215 95 Vægr
2493 3306 135 75 eller
2653 3299 125 98 høy-

1072 3422 94 58 ere
1200 3402 237 97 Priis,
1472 3408 120 75 end
1626 3401 130 94 som
1794 3408 98 74 der
1924 3405 66 76 til
2020 3410 192 71 andre
2248 3399 198 92 Tider
2478 3400 214 97 sælges
2742 3396 77 96 af

1075 3498 402 86 Slædernes
1519 3521 150 78 egne
1729 3500 442 102 Jndvaanere.
2323 3497 172 85 Men
2545 3499 266 102 hvorfor

2655 3617 153 63 mon
