2894 4566
683 393 560 69 Ü25555555Ü55
1723 401 88 47 rr

120 582 161 86 Nak
320 587 145 76 eller
490 578 213 101 Dag,
742 596 133 78 paa
902 574 213 87 Søn-
1156 580 141 76 eller
1324 570 503 100 Søgne-Dage

123 708 378 98 foretages,
561 702 120 93 har
741 705 74 75 de
869 698 94 98 sig
1019 693 122 82 ikke
1183 712 70 64 at
1297 693 324 98 bekymre,
1681 697 144 78 med

126 828 250 78 mindre
436 828 182 82 deres
679 815 204 101 Hjelp
944 809 382 104 forlanges,
1386 821 88 76 da
1532 820 74 78 de
1650 811 176 116 —seaxz

124 949 259 77 dermed
428 942 125 96 har
594 955 75 64 at
718 940 337 93 assistere;
1128 934 185 97 Dog
1358 940 329 92 undtages
1726 939 103 78 der

123 1061 272 97 herefter
435 1066 206 78 under
689 1074 156 79 zrte
885 1056 178 101 Post
1105 1052 282 98 anførte,
1433 1053 276 97 hvorom
1755 1057 76 75 de

124 1204 112 57 om
274 1181 266 95 Dagen
580 1183 188 92 (men
830 1182 186 76 ellers
1070 1172 160 98 ikke)
1288 1173 122 98 har
1474 1170 240 102 Frihed
1758 1186 72 68 ar

122 1303 343 96 inquirere.

952 1517 64 70 3.

354 1643 213 85 Naar
590 1631 227 103 Snee,
842 1640 287 96 Gruus,
1172 1642 143 77 eller
1356 1658 209 74 nogen
1590 1632 247 101 Slags

129 1762 420 104 Ureenlighed
587 1781 134 72 paa
763 1758 252 84 Gaden
1055 1754 290 96 befindes
1389 1754 324 96 udkastet,
1757 1759 52 75 el-

132 1884 90 76 ler
264 1877 254 86 Skarn
562 1873 82 100 af
676 1877 476 92 Rendesteenen
1192 1871 340 97 udskyllet;
1604 1872 120 97 har
1766 1879 74 75 de

129 1989 172 106 srax
338 2015 73 63 at
452 1993 353 99 undersøge
864 1990 627 97 Sammenhængen
1540 1996 303 96 dermed;

133 2132 74 64 at
245 2113 278 97 forbyde
555 2112 550 87 Vedkommende
1143 2114 256 76 dermed
1435 2122 72 64 at
1545 2105 297 101 fortfare,

132 2230 308 97 saafremt
480 2236 102 74 det
628 2231 122 78 ikke
792 2252 66 58 er
908 2228 418 97 Byggende,
1390 2223 202 100 hvilke
1632 2225 184 100 behol-

136 2356 113 76 der
290 2355 121 78 den
450 2356 147 74 dem
640 2351 23 78 i
684 2347 507 100 Forordningen
1234 2345 189 94 givne
1458 2340 265 100 Frihed,
1760 2364 85 76 og

135 2465 263 103 skriftlig
451 2486 73 64 at
577 2484 379 79 rapportere
1011 2459 440 98 Tildragelsen
1513 2468 149 75 med
1719 2465 128 92 sine

138 2588 632 103 Omstændigheder.

963 2809 68 70 4-

370 2931 208 87 Naar
642 2931 482 100 Indbyggerne
1192 2930 70 80 til
1336 2933 78 74 de
1484 2927 368 79 anordnede

152 3055 201 95 Tider
394 3058 125 80 ikke
570 3054 169 101 feyer
781 3064 180 74 deres
1002 3054 451 93 Rendesteene,
1499 3054 140 74 eller
1679 3066 174 66 reent

151 3178 103 94 for
295 3187 183 75 deres
517 3178 239 103 Huuse
799 3198 81 74 og
923 3174 321 101 Fortoge,
1285 3169 185 80 indtil
1509 3168 167 80 midt
1715 3187 137 76 paa

146 3304 296 100 Gaden,
488 3310 142 78 eller
668 3302 254 97 saavidt
962 3305 146 78 dem
1150 3294 356 84 tilkommer
1550 3306 72 66 at
1664 3291 188 90 holde

1608 3408 245 89 Broen
