2940 4550
1738 514 80 47 11

262 716 104 88 2.)
420 707 216 99 Hvad
676 701 294 97 ffadelige
985 696 247 101 Følger
1270 699 120 78 den
1429 692 197 97 haver
1669 688 161 99 havt

383 877 81 74 og
507 854 215 96 haver.

367 1033 194 93 Anser
603 1029 68 82 vi
713 1026 204 95 altsaa

262 1190 85 88 i.)
400 1181 219 100 Hvad
682 1175 215 95 Nytte
948 1172 343 99 Ligningen
1348 1171 199 91 haver
1604 1169 237 86 virker:

364 1382 144 87 Da
590 1400 66 59 er
714 1382 108 75 der
870 1375 188 95 ingen
1108 1378 168 76 uden
1328 1369 104 97 for
1490 1369 322 100 Brygger-

149 1536 277 92 Lauget,
467 1527 135 95 som
643 1529 199 84 haver
883 1523 201 95 hofter
1139 1524 119 74 den
1321 1520 261 97 ringeste
1623 1518 217 97 Nytte

149 1674 178 98 udaf
340 1676 387 97 Ligningen,
769 1690 82 75 og
894 1675 103 75 det
1035 1689 64 58 er
1143 1671 208 78 endda
1390 1666 191 81 ikkun
1621 1690 74 58 en
1735 1673 110 75 vis

150 1826 191 99 Part
380 1818 173 96 udaf
586 1818 402 96 Bryggerne
1052 1811 159 95 selv,
1270 1809 134 96 som
1460 1818 167 93 have
1678 1816 165 97 havt

147 1990 209 78 nogen
401 1965 309 97 betydelig
755 1962 269 97 Fordeel
1059 1965 249 74 derved.

357 2166 133 87 De
561 2162 395 96 Bryggere,
1025 2158 137 91 som
1233 2175 183 64 enten
1471 2155 365 105 formedelst

146 2324 185 75 deres
369 2317 242 91 ringere
648 2307 177 94 011,
870 2311 139 76 eller
1048 2303 357 96 formedelst
1456 2312 183 75 deres
1676 2309 131 92 inso-

152 2463 194 80 eiable
388 2459 500 94 Temperament
946 2450 124 80 ikke
1126 2453 204 80 kunde
1380 2461 462 74 recommeude«

149 2602 595 104 resigKroerffer,
789 2597 145 96 disse
967 2618 95 60 ere
1101 2603 147 91 der,
1289 2597 135 94 som
1467 2600 165 95 have
1673 2600 167 91 havt

148 2758 275 101 Fordeel
463 2754 120 76 ved
618 2745 361 97 Ligningen.

362 2954 131 87 De
530 2958 391 96 Bryggere,
964 2954 131 94 som
1134 2955 163 89 have
1342 2946 179 94 kjobr
1562 2945 283 85 Gaarde

156 3104 220 95 førend
402 3105 386 97 Ligningen,
832 3125 76 74 og
956 3106 170 92 siden
1168 3100 174 94 ffildt
1380 3098 94 92 sig
1514 3100 120 74 ved
1676 3092 134 93 sam-

157 3271 135 75 me,
347 3256 161 82 have
565 3275 83 74 og
697 3253 365 95 profiterer,
1121 3242 217 98 efterdi
1403 3245 207 77 endeel
1663 3238 173 101 have

154 3398 175 95 faaet
372 3408 81 85 6,
500 3412 39 72 8
580 3412 62 66 da
691 3423 264 73 10,000
996 3396 201 83 Rdlr.
1258 3410 197 61 nteere
1500 3385 103 98 for
1654 3394 187 76 deres

154 3544 626 100 Brygger-Gaarde
818 3549 120 78 end
982 3550 72 76 de
1092 3541 122 96 selv
1260 3543 162 96 have
1462 3539 184 94 giver.

1689 3680 147 85 Be-
