2866 4477
1175 341 52 35 Et

1099 517 273 97 Møen,
1397 514 331 96 Laaland,
1757 512 411 99 Langeland,
2201 510 249 100 Falster
2473 533 77 78 og
2573 511 233 107 Fyhn,!

1106 654 276 96 Sviin,
1436 650 202 95 Lam,
1692 648 204 91 Gjæs
1964 649 258 100 Høns,
2246 650 382 100 Kyllinger,
2660 654 90 84 En-

1103 799 116 80 der
1275 812 82 76 og
1415 786 288 100 Smør,
1757 788 264 94 som.de
2065 788 164 98 iglen
2295 808 138 75 paa
2491 789 290 89 Gammel

1107 927 197 96 Torv
1333 948 135 76 paa
1499 933 101 82 det
1641 930 239 94 dyreste
1919 927 317 97 udpiner,
2309 943 74 64 at
2411 923 375 106 forbiegaae,

1104 1069 114 79 det
1238 1070 76 78 de
1344 1070 210 91 endog
1582 1063 214 84 kiøber
1832 1062 350 87 Bondens
2218 1064 164 100 Høe
2414 1087 136 72 paa
2576 1064 196 84 Lande-

1104 1201 221 93 veien,
1382 1222 81 75 og
1488 1203 141 94 giør
1660 1200 77 94 af
1768 1228 41 48 2
1840 1200 141 82 Læs
2020 1225 77 76 z,
2154 1200 339 100 hvilketalt
2524 1197 187 101 synes
2740 1220 57 69 at

1109 1353 172 65 være
1301 1334 262 102 fladelig
1597 1333 102 96 for
1727 1336 232 96 Byen.

1314 1608 189 97 Dog
1550 1613 167 78 dette
1766 1628 65 62 er
1862 1608 127 83 ikke
2038 1611 119 83 mit
2208 1612 245 100 Forsæt
2496 1629 73 65 ar
2596 1614 203 94 handle

1111 1761 123 67 om
1365 1745 232 98 ligesaa
1635 1747 150 83 lidet
1839 1746 138 94 som
2019 1751 102 99 jeg
2169 1766 184 82 agter
2401 1765 78 68 at
2529 1752 230 100 indkige
2785 1757 14 80 i

1107 1881 423 101 Præsternes
1586 1889 146 81 eller
1782 1890 204 81 andre
2049 1887 239 99 Folkes
2339 1889 455 104 Indkomster,

1104 2015 192 94 Gud
1330 2022 272 101 velsigne
1644 2022 238 98 enhver
1910 2029 112 82 der
2058 2021 304 100 fortiener
2394 2033 110 80 det
2534 2049 79 83 og
2628 2030 146 96 hand-

1099 2157 94 82 ler
1231 2156 254 99 redelig.

1319 2334 167 94 Der
1519 2335 101 100 jeg
1667 2340 233 96 herved
1934 2343 232 83 rænker
2198 2360 74 66 at
2307 2346 235 95 handle
2564 2366 140 80 om,
2750 2366 50 63 «

1108 2473 114 80 det
1256 2472 314 101 vingeste,
1622 2473 136 101 som
1784 2489 146 80 med
1970 2485 112 82 det
2106 2482 406 103 almindelige
2526 2483 154 89 Ord
2698 2484 88 85 kal-

1107 2613 128 83 des
1263 2610 278 90 Skarn.

1310 2838 147 112 Jeg
1484 2871 250 65 meener
1788 2854 322 87 Skarnet
2156 2880 136 74 paa
2342 2865 292 97 Gaden,
2684 2868 122 79 eller

1112 2981 369 92 Gadernes
1518 2989 435 92 Renovation
1988 2995 23 84 i
2040 2995 473 100 Kiobenhavn.

1310 3262 186 89 Saa
1512 3269 198 99 længe
1740 3270 106 98 jeg
1872 3272 128 83 kan
2028 3275 256 81 mindes
2302 3324 24 45 ,
2382 3273 122 96 har
2534 3275 102 101 jeg
2672 3280 142 96 Hort

1102 3393 223 105 Klage
1356 3418 155 71 over
1556 3407 357 102 Gaderne,
1980 3409 191 98 heldst
2218 3430 171 65 naar
2418 3417 103 82 det
2560 3412 199 100 falder
2796 3417 17 82 i

2491 3571 226 83 megen
