2994 4537
1242 589 24 84 i
1306 585 360 106 Huusene,
1730 589 142 80 eller
1926 590 122 80 ved
2104 598 72 66 at
2216 586 174 94 staae
2444 604 132 78 paa
2620 583 292 108 Torvene,

1240 717 144 74 eller
1448 729 164 76 gaae
1670 707 290 95 omkring
2022 706 410 96 sammesteds
2488 728 78 78 og
2626 725 126 74 paa
2786 707 108 84 Ga-

1242 833 190 78 derne
1456 843 20 80 ;
1522 825 286 100 besørger
1842 820 494 100 Eommissairen
2394 826 140 82 eller
2590 819 320 98 Betjenten

1246 947 308 96 anholdte
1614 951 140 82 eller
1810 948 398 94 ancegnede,
2276 962 80 76 og
2418 959 366 79 rapportere
2836 949 80 78 det

1248 1065 218 98 ffeete;
1532 1065 184 98 Dog
1762 1070 328 90 undtages
2136 1068 112 88 de,
2310 1060 134 96 som
2496 1058 152 100 efter
2688 1063 206 84 Anord-

1253 1185 302 96 ningerne
1627 1185 122 96 har
1817 1180 336 94 Tilladelse
2217 1200 72 64 at
2359 1180 280 86 ombære
2703 1201 214 86 grønne

1245 1303 238 100 Urter,
1523 1301 176 106 Fiffe
1739 1323 82 82 og
1867 1300 322 90 Citroner.

2051 1512 118 74 28.

1477 1649 134 90 De
1651 1653 122 100 har
1813 1652 194 98 ogsaa
2043 1668 170 78 noye
2247 1666 72 70 ar
2355 1662 312 88 paaagte,
2721 1665 68 68 at
2823 1671 96 74 paa

1261 1769 256 96 Torvet
1573 1777 186 94 ingen
1833 1775 388 93 indtrænger
2293 1774 96 94 sig
2469 1774 20 76 i
2551 1778 120 77 den
2709 1779 206 76 andens

1261 1900 264 96 sluttede
1577 1895 191 82 Kiøb
1814 1900 118 78 ved
1959 1896 283 94 sildigere
2271 1890 361 99 Overbud,
2672 1899 134 74 eller
2826 1917 92 72 paa

1262 2023 214 80 anden
1520 2013 286 98 Maade,
1854 2032 80 78 og
1976 2016 20 76 i
2040 2012 174 100 Fald
2252 2018 102 80 det
2382 2012 174 96 ffeer,
2602 2013 122 96 har
2746 2017 68 78 de
2836 2019 84 76 den

1261 2130 109 117 sig
1402 2135 286 96 saaledes
1744 2136 474 94 indtrængende
2274 2148 72 66 at
2390 2128 258 103 afviise,
2692 2157 80 74 og
2810 2139 112 88 hvis

1266 2267 138 98 han
1446 2281 72 78 ey
1558 2263 90 76 vil
1706 2260 230 93 adlyde
1956 2306 26 46 ,
2042 2258 86 78 da
2188 2254 288 98 hannem
2528 2272 72 63 ar
2638 2273 282 68 annotere,

1266 2410 87 83 og
1396 2393 22 78 i
1458 2389 192 104 begge
1690 2379 294 100 Tilfælde
2022 2378 262 98 Sagen
2326 2396 70 70 ar
2438 2395 390 83 rapportere.

2056 2624 117 70 29.

1497 2753 198 112 Hvis
1753 2770 208 80 nogen
2005 2744 404 100 fordærvede
2444 2741 481 112 Føde-Maa

1279 2887 140 86 eller
1453 2883 286 82 umodne
1763 2873 288 102 Frugter
2083 2868 201 111 skulle
2307 2866 284 102 berresses
2627 2867 304 96 falholdne,

1281 3007 114 92 faa
1441 3003 120 100 har
1605 2996 500 98 Eommissairen
2161 3014 82 76 og
2303 2992 172 98 hans
2519 2990 268 97 Betjent
2825 2995 106 76 dem

1287 3145 76 60 ar
1399 3119 316 102 anholde,
1775 3123 76 76 de
1893 3110 342 104 Skyldige
2277 3130 72 68 ar
2387 3124 302 89 antegne,
2745 3125 78 82 og
2861 3111 74 82 det

1291 3249 184 96 stem
1511 3257 396 82 rapportere.
