3044 4613
1169 405 92 64 34

1167 601 218 78 ryerne
1449 583 140 78 eller
1633 575 500 84 vedkommende
2160 577 247 108 Vand

1165 701 150 94 efter
1349 700 177 102 skeete
1559 695 316 96 Advarsel
1909 697 620 102 fraCommissairen
2571 711 136 76 eller
2727 709 106 88 Be-

1167 825 272 94 tjenten,
1475 819 234 80 melder
1733 823 72 76 de
1831 823 100 76 det
1955 817 102 94 for
2082 816 689 113 Beoe-Jt»»1spfzectexurenl
2797 833 62 80 til

1165 937 452 106 Afhielpning,
1651 959 80 76 og
1761 939 276 82 erindrer
2073 939 274 96 saadant
2389 945 20 78 i
2453 941 402 102 Rapporten.

1971 1165 68 68 9.

1377 1289 196 102 Hvis
1613 1307 212 78 nogen
1869 1287 302 84 Ridende
2209 1295 142 76 eller
2393 1291 338 96 Kjørende
2769 1297 66 94 ja-

1163 1435 108 84 ger
1309 1411 316 100 igjennem
1665 1407 340 96 Gaderne,
2045 1431 80 74 »g
2167 1411 120 80 ikke
2343 1411 148 96 efter
2545 1415 306 98 Commis-

1161 1539 246 96 fairens
1465 1539 140 74 eller
1659 1529 400 94 Betjentens
2105 1531 318 94 Advarsel
2475 1541 90 76 vil
2625 1547 234 90 aflade,

1161 1665 144 76 eller
1345 1677 208 78 nogen
1595 1655 206 96 kjører
1841 1657 144 76 med
2019 1655 356 98 ntilladelig
2415 1659 162 96 store
2599 1681 82 74 og
2715 1659 120 92 svæ-

1161 1797 68 62 re
1261 1775 184 96 Læs,
1491 1773 122 96 har
1653 1777 72 76 de
1767 1787 72 64 at
1877 1765 330 104 udforste,
2253 1773 188 92 hvem
2483 1779 102 76 det
2625 1797 118 76 er,
2783 1795 68 78 og

1159 1901 278 94 saadant
1481 1913 70 64 at
1589 1911 392 78 rapportere.
2069 1891 230 86 Skeer
2323 1895 248 86 Skade
2607 1905 244 86 derved,

1159 2029 94 78 da
1293 2023 122 90 har
1463 2025 72 76 de
1575 2015 152 98 efter
1769 2015 692 100 Omstændighederne
2505 2043 80 74 og
2621 2021 206 102 Perso-

1155 2153 234 76 nernes
1431 2141 298 94 Stand,
1783 2145 144 76 dem
1971 2145 102 74 vel
2115 2161 82 74 og
2237 2157 72 64 at
2353 2141 284 92 anholde.
2791 2145 60 98 Z

1155 2265 372 96 Anledning
1591 2259 190 100 heraf
1837 2263 336 98 erindres,
2247 2281 72 66 at
2373 2265 480 100 Commissairen

1157 2411 84 78 og
1317 2389 358 94 Betjenten
1765 2381 300 102 paaseer,
2171 2403 72 64 at
2313 2385 218 104 Hyre-
2595 2387 258 102 Bagerr

1153 2513 284 84 Moller-
1469 2507 508 98 Vognmands-
2005 2527 82 76 og
2117 2505 608 104 Brygger-Vogne
2761 2531 90 64 ere

1157 2631 330 102 forsynede
1533 2637 144 78 med
1723 2635 76 78 de
1841 2635 370 78 anordnede
2249 2629 384 88 Nummere.

1953 2855 108 58 10.

1379 2981 316 96 Ligeledes
1739 2981 122 96 har
1903 2983 74 76 de
2023 2995 78 64 ar
2143 2977 260 100 paasée,
2441 2997 70 66 at
2553 2977 292 104 Tønder,

1153 3103 286 104 Potter,
1503 3101 332 98 Boehave
1903 3119 82 80 og
2061 3107 230 92 andet,
2353 3101 128 92 som
2549 3103 298 94 indtager

1153 3229 264 102 Plads,
1459 3225 120 84 ikke
1625 3221 334 102 hensættes
1997 3245 134 70 paa
2171 3223 374 100 Fortogene,
2587 3241 148 62 men
2773 3235 68 68 at

1149 3349 342 106 Passagen
1555 3371 136 76 paa
1729 3349 240 94 samme
2009 3345 102 100 for
2175 3355 72 74 de
2303 3343 322 86 Gaaende
2665 3343 180 100 stedse

2723 3455 118 82 kan
