3060 4637
1169 639 255 88 Broen
1465 638 121 76 ved
1629 636 141 95 lige,
1807 631 173 94 samt
2013 650 109 60 om
2151 628 359 99 Vinteren,
2547 651 163 63 naar
2737 630 105 94 Til-

1186 757 214 102 sigelse
1439 755 155 92 skeer
1696 753 122 78 ikke
1862 753 332 96 ophugger
2234 758 182 75 deres
2456 753 412 97 Rendesteene

1180 889 150 74 eller
1386 880 302 94 opstøder
1728 874 452 100 Gade-Jijen
2236 877 68 78 til
2364 879 122 78 den
2534 873 334 101 Distance,

1173 1003 144 94 som
1357 1020 110 60 om
1504 998 373 102 Feyningen
1919 1019 64 58 er
2025 1002 240 91 meldt;
2322 997 125 96 har
2489 1003 78 76 de
2594 1000 178 100 srax
2805 1017 64 64 at

1175 1121 420 98 foranstalle,
1661 1133 72 64 at
1791 1117 276 92 saadant
2131 1136 134 76 paa
2333 1121 120 78 den
2519 1117 350 99 Feylendes

1171 1247 413 95 Bekostning
1641 1247 121 76 ved
1803 1240 437 103 Pligts-Folk
2317 1241 199 80 bliver
2573 1240 301 101 forrettet,

1171 1391 88 74 og
1300 1364 262 98 derefter
1604 1370 102 76 det
1750 1363 212 96 stette,
2032 1368 144 74 med
2232 1364 174 87 hvad
2450 1361 396 107 Pligts-Fol-

1174 1493 154 82 kene
1374 1495 124 91 har
1536 1488 214 95 kostet,
1790 1501 72 66 at
1900 1502 390 88 rapportere.

1389 1836 341 96 Opstøder
1769 1855 207 76 nogen
2007 1832 423 99 Gade-Iisen
2471 1833 231 98 førend
2739 1832 109 90 Til-

1172 1957 206 100 sigelse
1430 1958 194 96 steer,
1686 1959 86 76 da
1830 1951 122 98 har
1992 1958 76 82 de
2110 1954 156 96 ham
2310 1951 278 94 saadant
2630 1948 206 100 Ufor-

1168 2080 204 96 byde,

2740 1950 96 100 for-

1168 2081 205 96 byde,
1414 2096 82 74 og
1546 2080 220 76 derom
1802 2071 328 95 Rapport
2168 2068 278 99 afstatte.

1993 2278 66 74 6.

1387 2416 281 94 Skulde
1729 2415 889 100 Renovations-Vognene
2695 2434 177 64 enten

1170 2551 124 94 ikke
1346 2551 68 80 til
1462 2556 74 74 de
1574 2548 286 93 bestemte
1904 2541 202 87 Tider
2148 2539 288 96 indfinde
2490 2541 94 94 sig
2644 2540 20 76 i
2724 2540 120 84 Ga-

1166 2691 217 78 derne,
1426 2678 142 76 eller
1610 2668 120 82 ikke
1760 2664 517 98 Ureenligheden,
2322 2659 216 96 saavel
2578 2658 82 94 af
2680 2660 164 102 Feye-

1167 2795 140 98 som
1393 2789 578 97 Gade-Skarn,
2057 2784 424 97 forsvarligen
2555 2780 316 101 bortføre;

1173 2931 152 66 men
1365 2928 74 66 at
1479 2926 190 84 noget
1707 2911 376 95 »borttaget
2121 2914 142 77 eller
2285 2905 188 98 spildt
2513 2905 136 83 blev
2689 2901 149 107 efter-

1166 3024 318 119 !iggetide,
1528 3054 80 78 og
1637 3028 841 97 Renovations-Vognene
2516 3044 128 78 paa
2667 3022 172 85 Com-

1167 3149 363 103 misairens
1576 3162 140 75 eller
1760 3155 406 94 Betjentens
2200 3149 352 94 Erindring
2596 3142 274 96 saadant

1166 3279 131 78 ikke
1356 3280 145 80 ville
1554 3295 321 79 paatage,
1940 3277 111 91 saa
2108 3278 121 96 har
2292 3281 73 74 de
2406 3273 167 94 strax
2612 3284 75 64 at
2726 3274 139 78 lade

1167 3401 282 96 saadant
1491 3398 254 99 besørge
1791 3405 120 76 ved
1955 3404 200 92 leyede
2195 3396 258 95 Vogne
2485 3387 141 98 naa
2669 3386 198 88 Ved-
