3127 4637
1225 752 202 82 meget
1469 735 292 96 mueligt,
1803 735 206 83 kunde
2047 740 164 88 have
2247 751 150 68 eens
2435 739 280 91 Bonitet
2751 748 143 100 efter

1226 881 632 99 Allerhøystbemelte
1900 882 462 102 Forordnings
2404 885 332 108 Forskrift.

1450 1078 141 101 Jeg
1650 1083 89 78 vil
1792 1081 119 83 ikke
1952 1084 305 94 disputere
2298 1093 143 74 dem
2494 1095 201 75 denne
2742 1090 169 84 Aar«

1221 1225 152 97 sag,
1437 1232 170 88 siden
1655 1233 120 76 den
1817 1249 64 62 er
1922 1227 109 110 faa
2075 1228 140 96 fuld
2259 1231 78 98 af
2369 1233 324 101 Lovsang,
2763 1258 150 71 men

1221 1371 100 97 jeg
1377 1372 90 80 vil
1523 1377 206 78 allene
1777 1377 246 81 erindre
2085 1382 184 93 dem,
2347 1395 72 66 at
2477 1387 106 77 der
2643 1390 128 90 dog
2847 1404 64 61 er

1224 1499 172 115 skeer
1432 1521 318 96 temmelig
1790 1521 274 104 Forstiel
2122 1544 132 74 paa
2314 1531 122 78 den
2488 1523 426 101 uformuende

1220 1663 396 101 Interessent
1660 1673 204 92 endog
1904 1670 22 78 i
1968 1676 202 76 denne
2208 1670 196 101 Post.
2558 1672 178 102 Thi,
2779 1695 106 59 om-

1218 1812 326 102 endskiont
1599 1819 120 76 alle
1772 1813 535 101 Interessenterne
2368 1821 199 94 stoede
2624 1820 139 98 Last
2833 1844 80 75 og

1221 1957 226 97 Brast
1505 1965 146 78 med
1717 1963 396 95 hverandre,
2179 1964 20 78 i
2257 1963 372 102 Henseende
2685 1968 70 80 til
2809 1974 104 76 det

1215 2105 369 101 Fehmersse
1635 2105 241 82 Korns
1947 2110 117 94 lige
2117 2108 473 91 Destribution
2637 2114 271 81 imellem

1220 2253 392 96 hverandre,
1656 2275 80 74 og
1778 2259 102 76 der
1902 2260 170 78 uden
2098 2276 206 77 nogen
2328 2255 366 101 Erception,
2740 2280 170 63 naar

1228 2404 202 74 allene
1484 2404 122 75 den
1660 2395 282 102 fastsatte
1978 2400 318 86 Decourt
2352 2403 104 96 fra
2498 2405 156 88 hver
2694 2404 215 99 Bryg

1215 2545 144 81 blev
1399 2548 358 93 præsteret,
1827 2545 112 92 saa
1997 2568 64 64 er
2105 2554 102 82 det
2263 2555 126 90 dog
2449 2551 332 97 tildraget,
2837 2566 70 69 at

1217 2697 78 77 de
1357 2692 250 88 mindre
1661 2691 414 102 Formuende
2129 2714 98 69 ere
2281 2691 400 105 forbigaa
2722 2683 187 104 naar-

1216 2804 79 116 de
1218 2843 78 77 de
1332 2840 22 76 i
1388 2842 202 80 andre
1630 2859 80 74 og
1758 2845 196 80 denne
1992 2838 332 103 Vedtægt
2364 2843 542 84 uvedkommende

1212 2981 244 105 Poster
1512 2984 124 81 kan
1698 2987 166 98 have
1922 2988 162 100 havt
2126 2986 318 101 Restance
2498 2991 68 79 til
2606 2990 236 96 Lauget
2882 2992 22 81 i

1215 3136 188 92 nogle
1460 3128 263 101 Dage;
1818 3133 69 94 ja
1945 3140 208 94 endog
2223 3157 64 66 er
2356 3135 213 84 bleven
2630 3134 105 96 for
2800 3142 105 80 der

1213 3278 270 96 gandffe
1543 3275 314 100 Efteraar
1911 3286 340 90 excluderet
2309 3279 102 98 fra
2467 3285 108 83 ald
2605 3274 269 110 Deelta-

1212 3420 151 105 gelfe
1421 3424 117 82 udi
1607 3431 103 80 det
1769 3425 367 103 Fehmerjke
2197 3426 237 97 Korn,
2511 3444 223 78 uagtet
2799 3434 103 82 der

1212 3563 326 103 forfaldne
1596 3571 144 84 blev
1794 3576 332 98 præsteret.
2270 3575 170 92 Men
2480 3571 248 98 saadan
2770 3574 132 98 Er»

2702 3728 170 78 rinde
