2902 4578
1662 447 95 75 19

48 614 142 76 eller
228 628 136 75 paa
418 617 214 76 anden
676 611 260 83 Maade
976 612 342 102 forstyrrer
1358 624 118 82 den
1518 627 202 78 almin-

44 730 199 96 delige
300 729 175 100 Fred
540 749 81 76 og
680 727 421 103 Sikkerhed,
1166 738 235 98 bliver,
1456 761 167 64 naar
1674 751 77 76 de

47 844 154 98 efter
241 851 302 92 mindelig
587 867 82 76 og
715 849 200 98 høflig
955 846 322 100 Advarsel
1331 856 126 81 ikke
1507 861 92 78 vil
1653 859 84 94 af-

49 968 182 92 lade,
273 965 74 80 ril
387 961 324 100 nærmeste
745 961 216 101 Vagr
1005 962 370 102 henbragre,
1413 989 82 78 og
1535 979 224 76 derom

51 1099 422 83 rapporterer.

853 1306 116 62 20.

278 1425 334 98 Drenge,
682 1425 136 104 fom
888 1446 112 64 om
1062 1426 212 96 Søn-
1338 1438 116 94 og'
1486 1431 254 104 Hellige-

56 1544 224 99 Dage
338 1551 214 94 stimer
600 1549 176 80 uden
832 1543 104 97 for
980 1544 354 104 Kirkerne,
1394 1556 138 79 eller
1586 1559 22 74 i
1652 1553 88 84 Al-

62 1667 438 96 mindelighed
562 1687 134 74 paa
740 1663 360 99 Gaderne,
1154 1668 186 100 jages
1396 1668 106 96 fra
1542 1673 198 96 hinan-

62 1790 148 92 den,
260 1809 82 76 og
386 1789 154 96 hvis
584 1795 74 74 de
696 1785 122 82 ikke
860 1792 146 76 med
1050 1794 102 74 der
1186 1792 164 92 gode
1384 1792 92 77 vil
1516 1795 256 92 adlyde,

56 1910 90 76 da
190 1904 169 83 kand
404 1911 73 76 de
522 1913 143 74 med
712 1912 185 91 nogle
962 1900 397 100 velfortjente
1420 1904 169 97 Rap
1644 1929 133 74 paa

59 2018 286 90 Sræder
383 2019 330 102 afstraffes
759 2045 82 76 og
889 2022 390 82 bortdrives.

867 2246 116 58 21»

295 2365 162 88 Der
510 2365 266 98 paa-sees
833 2368 418 96 iligemaade,
1317 2384 70 64 ar
1441 2365 342 98 «Vognene

71 2486 124 80 ved
239 2481 354 98 Kirkerne,
653 2481 350 95 saavelsom
1047 2482 508 97 Skuepladsen,
1615 2485 166 96 hvor

74 2610 126 76 den
236 2605 20 76 i
298 2601 406 84 Quaneerer
744 2605 260 99 findes,
1072 2606 122 94 stal
1240 2606 184 94 holde
1462 2609 20 74 i
1526 2611 228 78 ordent-

76 2724 120 92 lige
228 2716 260 97 Rader,
529 2715 110 94 faa
684 2737 70 62 at
798 2727 72 75 de
912 2722 168 78 kand
1108 2720 250 80 komme
1382 2718 184 99 frem,
1610 2727 172 76 uden

76 2858 74 62 ar
194 2858 166 61 være
406 2837 366 98 hinanden,
834 2846 138 72 eller
1016 2838 336 98 Passagen
1394 2840 20 78 i
1456 2837 300 82 Alminde-

80 2964 254 96 lighed,
376 2959 70 80 til
490 2955 282 102 Hinder.
878 2956 130 88 De
1048 2962 440 93 modtvillige,
1530 2955 132 92 som
1704 2955 58 80 ik-

80 3078 68 80 ke
208 3081 90 76 vil
354 3079 186 92 holde
598 3075 92 94 sig
736 3067 536 103 Commissairens
1334 3080 140 78 eller
1514 3071 246 96 Betjen-

81 3208 148 74 tens
258 3191 317 96 Advarsel
615 3189 362 100 efterretlig,
1017 3202 310 84 anregnes
1387 3212 82 75 og
1513 3211 248 78 rappor-

85 3326 186 72 teres-
