3075 4539
1761 435 48 68 7

193 617 234 84 gemen
467 599 376 98 fremdeles;
897 599 92 98 thi
1017 597 98 98 jeg
1149 599 248 84 kiender
1451 597 408 88 Gouverneu-

195 721 156 78 ren,
407 701 242 94 hamør
683 719 74 58 en
793 699 170 96 ærlig
991 697 274 98 Mand,
1323 717 80 76 og
1439 695 204 96 havde
1669 693 222 98 ganffe

197 799 120 96 vist
359 799 178 98 holdt
567 799 76 94 sit
667 791 174 90 Ord.

441 993 154 86 Om
617 991 98 96 jeg
741 989 256 84 mindes
1029 1005 134 88 ret,
1215 987 122 98 har
1361 981 104 106 jeg
1489 989 130 96 læst
1647 985 244 94 samme

195 1091 286 106 Historie
509 1091 22 80 i
553 1109 78 62 en
663 1071 362 118 Dutrevue.

385 1285 180 90 Den
625 1285 314 98 Reisende
965 1337 24 48 ,
1057 1285 136 96 som
1233 1303 124 62 var
1415 1297 208 86 meget
1675 1279 216 100 spørg«

187 1385 184 98 som,
427 1387 132 82 bad
593 1407 110 60 om
735 1407 76 62 en
843 1387 162 82 liden
1035 1385 484 96 Underretning
1555 1401 110 64 om
1695 1401 82 60 en
1805 1399 84 78 og

183 1489 218 78 anden
435 1481 310 100 Stiftelse
777 1485 572 86 Vedkommende.

473 1815 84 76 2.
612 1793 174 106 Det
851 1795 376 114 Fattiges
1275 1795 328 116 Væsen.

179 1967 211 136 Eeg
467 1987 414 100 undffyldede
943 1993 132 96 mig
1155 2009 76 68 at
1285 1993 100 100 jeg
1457 1991 126 82 ikke
1667 1989 224 96 herom

183 2071 124 114 ,0
365 2085 438 96 fuldkommen
837 2107 124 62 var
995 2095 426 92 underrettet,
1451 2097 128 90 dog
1593 2089 144 80 ville
1763 2089 132 98 jeg,

179 2189 110 96 faa
321 2187 138 82 vidt
489 2185 276 98 muelig,
815 2181 400 104 fyldestgiøre
1243 2189 178 94 hans
1457 2185 384 100 Begiering.

385 2321 148 100 Her
569 2323 18 76 i
621 2321 292 84 Sraden
945 2325 222 96 findes
1197 2325 310 100 adskillige
1543 2323 232 102 herlige
1807 2345 86 78 og

183 2421 288 104 kostbare
505 2417 370 96 Suftelser:

293 2585 60 54 i.
405 2555 362 98 Friderichs
809 2557 350 98 Hospital,
1213 2579 64 60 er
1301 2555 106 98 for
1461 2559 250 114 Syge,
1753 2557 138 94 som

481 2661 200 86 nyder
715 2659 108 76 der
837 2663 90 76 all
971 2655 444 102 Forplegmng
1455 2659 184 84 indtil
1683 2663 76 80 de
1793 2673 100 64 ere

454 2766 289 65 rare-ret

283 2917 68 58 s.
405 2891 166 90 Det
605 2885 116 98 frie
749 2887 444 100 Jordemoder
1229 2893 242 102 Huns.

287 3055 64 74 Z.
407 3029 374 100 Christians
817 3025 190 104 Pleie
1037 3025 244 104 Huns.

283 3191 66 72 4.
399 3167 172 88 Det
597 3165 254 100 Kong!.
888 3165 457 97 Reise-Muus

293 3329 60 74 5.
403 3303 182 92 Den
643 3303 228 104 Hellig
917 3303 252 90 AandS
1203 3309 144 80 eller
1397 3301 294 90 Wartou
1735 3307 156 102 Ho¬

483 3401 216 102 spital.

939 3543 170 102 A4
1505 3569 60 76 Z.
1595 3541 198 90 Abild
