3072 4637
376 2260 297 96 Dersom
716 2279 93 62 nu
850 2255 143 100 disse
1032 2252 447 101 Adjungerede
1518 2256 173 81 bleve

159 2391 234 94 demlig
433 2382 350 94 vmikifrede
825 2387 118 74 ved
987 2386 158 84 zdes
1171 2377 268 98 Afgang
1477 2382 232 93 aarlig,

157 2520 23 76 j
245 2511 215 94 øvrigt
521 2506 195 92 lovlig
783 2507 343 87 udvalgte,
1199 2500 113 91 saa
1371 2501 207 79 kunde
1631 2506 75 75 de

158 2658 168 62 være
382 2631 304 96 synderlig
742 2645 68 60 ar
868 2621 320 99 befrygte;
1262 2625 134 96 thi,
1466 2624 242 92 dersom
1760 2631 74 76 de

154 2760 195 96 første
387 2757 200 76 øvede
626 2746 103 94 for
773 2767 214 74 megen
1022 2742 445 104 Parmffhed,
1514 2744 205 81 kunde
1758 2751 77 78 de

151 2902 182 62 vente
357 2875 82 96 af
465 2870 578 95 deresEftermænd
1081 2888 72 58 en
1181 2866 650 99 lidenGjengjeldelse;

148 3004 174 86 Men
364 3001 86 74 da
492 3012 160 62 man
706 2990 118 96 har
867 2983 331 98 Exempler
1240 3005 168 74 paa,
1468 3002 70 60 ar
1582 2990 72 76 de
1694 2983 108 84 Ad-

148 3123 334 97 jungerede
520 3118 205 90 endog
760 3112 18 75 i
824 3115 118 74 den
976 3105 156 97 Dd,
1174 3112 84 73 da
1300 3111 72 74 de
1410 3107 188 95 ingen
1624 3108 200 99 Gage

155 3238 202 96 havde
417 3229 120 98 (thi
599 3248 94 56 nu
749 3226 164 95 have
973 3244 114 70 4te
1141 3218 82 97 af
1271 3227 142 72 dem
1469 3222 152 96 hver
1685 3250 137 66 150

147 3352 196 82 Rdlr.
383 3349 243 93 aarlig,
669 3366 83 74 og
799 3347 74 76 de
913 3347 122 71 2de
1079 3340 154 92 hver
1279 3364 135 85 109
1439 3340 196 86 Rdlr.
1675 3365 121 60 aar-

148 3466 114 96 lig)
316 3485 90 64 ere
458 3464 342 84 vedblevne
838 3457 430 97 Regieringen
1322 3463 18 74 i
1398 3465 86 91 6,
1540 3474 36 70 s
1638 3484 40 57 a
1728 3489 88 48 10

884 3577 67 86 C
992 3602 43 50 2
1734 3597 85 78 0-

1759 523 105 89 35

187 724 209 89 endog
437 735 97 62 ere
571 708 81 98 af
687 718 119 74 den
853 711 411 99 Vigtighed,
1321 725 71 68 at
1431 714 73 80 de
1545 714 195 78 allene
1777 733 85 75 og

190 840 190 92 ingen
426 841 210 75 anden
676 830 320 99 Brygger
1034 832 122 78 kan
1200 833 164 80 blive
1402 831 410 83 Oldermand

186 954 133 90 De
356 957 163 98 have
554 962 283 74 desuden
876 961 119 76 den
1022 952 443 99 Myndighed,
1502 968 73 66 at
1612 960 73 75 de

183 1080 228 86 Øllets
473 1074 230 94 Udsalg
771 1095 78 74 og
911 1071 462 101 Distribution
1437 1078 120 76 ved

185 1199 259 103 Huuset
481 1199 123 80 kan
646 1216 118 60 øve
799 1195 111 94 saa
952 1196 450 96 uindjkrænket
1442 1216 80 76 og
1565 1195 227 96 despot!

182 1322 230 95 Magr,
456 1337 72 64 at
568 1324 72 76 de
678 1318 124 80 kan
844 1317 176 92 sende
1066 1338 74 58 en
1182 1314 342 99 Brygger,
1564 1314 130 92 som
1734 1313 128 82 ikke

176 1438 207 97 saaer
443 1440 112 79 udi
605 1442 182 76 deres
825 1430 318 101 Venskab
1241 1441 138 76 eller
1421 1438 140 74 med
1602 1431 230 83 Ærbø-

174 1563 238 95 dighed
447 1560 122 81 nok
609 1560 308 80 erkiender
957 1563 180 75 deres
1179 1556 494 97 Superioritet,
1733 1563 124 78 2de

174 1686 250 93 Gange
462 1685 22 80 i
524 1704 104 58 een
670 1678 184 97 Dag
896 1681 68 80 til
998 1677 520 101 Friderichsberg
1562 1684 140 74 eller

170 1814 125 74 den
350 1811 185 88 langt
588 1804 349 92 afliggende
994 1798 263 97 Stæd;
1338 1818 145 60 men
1536 1802 143 80 dem

175 1952 82 74 og
317 1933 178 74 deres
541 1922 276 84 Clienter
875 1921 162 94 have
1083 1924 74 76 de
1195 1903 324 114 Leylighed
1561 1936 70 66 at
1671 1917 32 96 s

161 2046 105 96 for
309 2045 143 92 flige
489 2034 257 98 Reyser.
