2927 4589
1671 454 95 68 29

29 618 324 94 en&iklønt
390 622 77 79 de
500 619 103 75 det
634 608 105 97 for
780 610 327 96 Betaling
1149 609 214 98 giøre,
1416 607 183 95 langt
1616 604 251 84 mindre

29 742 161 58 maa
235 717 295 93 Laugene
583 694 79 107 af
717 715 273 76 dennem
1049 712 263 92 hrndres
1391 713 181 76 deres
1629 701 239 93 afdøde

26 815 501 96 Laugsbrødre,
582 812 183 76 deres
804 804 377 97 Hustruer,
1252 802 263 96 Børn,
1572 797 297 86 Svrnne

25 922 149 76 eller
203 909 289 92 Drenge
521 920 71 62 at
641 902 335 81 bortbære.

184 1036 64 51 2.
298 1005 134 83 De
456 1001 132 92 som
612 1021 94 61 ere
740 1001 222 78 blevne
980 1003 487 91 overlevendes,
1524 1018 79 75 og
1638 1019 90 58 nu
1748 1003 124 78 ved

29 1105 446 93 Universiteter
509 1118 96 59 ere
629 1099 256 96 tilstæde
921 1095 76 97 af
1037 1104 76 76 de
1147 1095 424 84 Srudentere
1591 1093 132 90 som
1761 1093 116 82 udi

30 1210 182 92 sidste
250 1209 410 80 Contagson
699 1199 141 77 lode
873 1196 93 93 sig
1007 1194 169 80 betee
1206 1194 208 93 villige
1449 1197 77 77 de
1561 1190 287 84 Bortdø-

30 1311 121 72 des
30 1297 274 94 des-sig
338 1312 75 62 at
450 1293 361 97 borrbære,
882 1292 123 95 stal
1060 1310 169 61 være
1288 1290 131 95 lige,
1456 1288 347 95 deelagtige
1854 1289 23 78 i

29 1407 211 76 denne
280 1389 288 95 Tjenese
669 1386 259 96 uanseet
965 1393 75 77 de
1073 1389 129 80 ikke
1225 1408 97 60 ere
1355 1389 21 76 i
1415 1387 267 77 bemelre
1709 1385 129 70 Col-

28 1496 190 93 lcgio
314 1474 115 106 faa
462 1481 199 98 fremt
690 1495 75 74 de
792 1491 431 90 ereædrueog
1260 1481 337 99 skikkelige,
1654 1501 79 75 og
1750 1479 131 81 ikke

31 1592 241 96 befatte
289 1589 93 93 sig
423 1591 148 73 med
617 1603 210 76 nogen
843 1584 313 94 borgerlig
1187 1581 300 93 Næring.

188 1712 62 69 3.
304 1683 228 83 Dette
570 1681 400 93 Collegium
1028 1680 118 94 stal
1172 1679 166 94 have
1358 1697 78 58 en
1458 1682 144 74 eller
1624 1691 64 64 to
1714 1674 136 98 For-

31 1791 260 86 mænd,
344 1778 139 92 som
501 1778 192 80 dertil
751 1770 78 98 af
874 1776 255 81 Rector
1169 1795 78 73 og
1304 1770 417 99 Professores
1759 1779 126 76 ved

33 1881 445 93 Universitetet
509 1875 123 93 stal
669 1872 353 94 bestikkes,
1100 1891 78 74 og
1197 1871 111 89 saa
1343 1866 195 97 fremt
1559 1870 191 93 ingen
1769 1869 117 80 udi

32 1981 367 95 Regentzen
424 1972 185 79 dertil
644 1970 259 94 dygtige
928 1968 335 94 befindes,
1316 1974 89 75 da
1438 1965 123 95 stal
1582 1966 181 79 dertil
1782 1980 69 63 ta-

33 2088 119 85 ges
199 2095 77 58 en
331 2074 143 76 eller
535 2085 67 63 to
637 2075 203 74 andre
903 2064 301 97 stikkelige
1261 2070 215 75 ædrue
1529 2082 79 75 og
1645 2060 241 97 sindige

32 2168 349 90 saadp
436 2161 137 94 som
632 2164 185 93 stulle
864 2162 227 97 bestille
1158 2183 81 73 og
1278 2161 195 94 tilsige
1512 2162 76 76 de
1638 2164 249 93 andre,

33 2287 173 80 naar
239 2276 192 86 noget
465 2265 129 95 Liig
631 2246 389 110 forefalder,
1089 2277 72 62 ar
1199 2243 379 109 henbæres;
1645 2255 244 97 Hvilke

32 2367 358 97 Formænd
452 2363 186 96 stulle
704 2381 78 73 og
844 2355 426 96 tilkendegive
1314 2354 572 95 Bedemændene,

34 2465 163 88 hvor
234 2469 73 74 de
347 2482 96 61 ere
480 2463 371 93 logerende,
907 2471 72 64 at
1030 2460 75 74 de
1144 2451 173 81 kand
1337 2451 142 80 vide
1520 2456 273 74 dennem
1811 2463 76 64 ar

31 2561 219 96 sinde,
307 2579 171 60 naar
511 2557 345 93 Liigbæren
893 2553 125 90 hos
1067 2554 273 76 dennem
1383 2547 123 90 stal
1543 2546 289 93 bestilles.

184 2680 69 69 4.
306 2655 477 81 Studenterne
820 2652 23 78 i
874 2648 361 94 Regentzen
1274 2644 123 94 stal
1436 2638 205 98 stiftes
1676 2642 109 98 til,
1814 2641 41 80 li-

33 2752 213 103 gesom
275 2757 77 76 de
397 2772 99 62 ere
531 2751 285 90 indlagte
855 2747 115 82 udi
993 2753 183 73 deres
1205 2741 405 81 Kammere.
1665 2737 125 95 Liig
1811 2755 77 62 ar

34 2855 213 90 bære,
300 2847 112 93 saa
450 2861 76 68 at
550 2852 111 90 de,
712 2827 136 108 fom
890 2846 162 91 have
1118 2840 228 80 baaret
1396 2859 74 58 en
1498 2836 259 94 Gang,
1814 2855 75 74 ey

35 2966 158 64 maa
247 2947 164 79 bære
471 2948 216 77 anden
753 2941 254 94 Gang,
1063 2936 228 94 førend
1347 2942 100 73 det
1485 2952 64 60 er
1583 2945 310 81 omgaaec

36 3067 84 75 og
158 3052 104 76 der
305 3044 167 96 igien
524 3051 272 75 dennem
864 3037 412 91 tilkommer,
1349 3032 175 93 hvad
1583 3029 185 92 heller
1813 3029 79 82 de

36 3139 147 100 faae
223 3160 208 78 meget
472 3145 145 75 eller
652 3138 149 78 lidet
838 3130 101 94 for
978 3141 185 73 deres
1206 3131 253 90 Umage
1504 3124 127 97 (thi
1668 3123 225 82 derudi

35 3241 129 95 stal
193 3238 243 87 Lykken
475 3253 259 63 ramme
789 3228 349 93 Manden)
1195 3247 81 73 og
1313 3223 103 80 tik
1463 3228 173 74 uden
1673 3242 213 74 nogen

38 3335 377 83 Klammeri
466 3341 149 74 eller
676 3325 297 98 Trætte,
1028 3324 111 92 saa
1190 3319 195 96 fremt
1422 3325 77 76 de
1532 3340 71 73 ey
1642 3319 89 77 vil
1770 3323 89 74 ud-

41 3430 169 92 vises
243 3431 77 95 af
345 3432 375 94 Collegio,
775 3425 314 95 hvormed
1113 3418 422 99 Formanden
1565 3414 130 95 stal
1727 3414 164 94 have

40 3527 271 106 Tilsyn,
364 3550 83 79 og
474 3527 112 100 saa
612 3522 194 106 fremt
848 3524 132 92 han
1020 3515 240 89 merker
1296 3535 208 78 nogen
1533 3509 246 124 faa-Paa
1800 3512 87 92 Us

1551 3615 236 89 srtz.n,
