3127 4637
1240 570 107 88 ZO

1461 721 143 104 Jeg
1649 726 91 80 vil
1785 721 171 99 følge
1995 728 75 78 de
2105 717 251 106 Herrer
2391 720 523 97 Subskribenters

1238 872 266 94 Skridt
1538 869 104 99 for
1698 868 297 100 Skridt;
2090 868 130 87 De
2268 871 160 93 sige:
2502 885 136 66 „at
2684 868 207 88 Direc-

1241 1026 258 82 tionens
1557 1020 122 98 (jeg
1739 1017 120 100 har
1911 1017 138 97 sagt
2109 1011 666 103 Brygger-Laugets,
2837 1041 80 74 og

1248 1174 76 78 de
1378 1181 208 68 meene
1638 1172 98 74 vel
1794 1161 256 103 ligesaa)
2092 1164 188 81 Malt
2306 1194 24 38 -
2354 1162 320 97 Magazin
2716 1130 205 127 saaer

1247 1316 208 81 aaben
1510 1309 103 100 for
1669 1316 358 91 trængende
2084 1302 491 105 Interessenters
2612 1315 103 77 det
2758 1308 163 100 heele

1227 1460 149 86 Aar
1449 1454 310 103 igjennem
1871 1458 99 80 vel
2039 1472 73 66 at
2181 1451 348 106 forsaa
2583 1474 167 62 naar
2817 1460 105 77 det

1224 1608 379 84 Qvamum
1642 1626 67 60 er
1748 1599 325 100 forbrugt,
2108 1599 134 98 som
2282 1602 325 95 aarligen,
2650 1596 149 98 efter
2844 1605 77 78 de

1231 1752 108 100 fra
1364 1747 336 90 Contoiret
1719 1753 404 94 udstædende
2145 1745 492 98 Anviisninger,
2681 1748 232 90 enhver

1232 1899 394 101 Interessent
1682 1897 394 95 tilkommer,
2138 1913 82 76 og
2276 1899 86 73 da
2404 1901 240 86 nægtes
2712 1893 204 96 aldrig

1231 2070 210 76 nogen
1458 2043 393 102 Interessent
1889 2062 70 60 at
1984 2038 147 100 faae
2157 2043 76 96 sit
2260 2038 363 94 behøvende
2644 2037 269 83 Malt.,.

1444 2245 140 102 Jeg
1642 2242 214 96 svarer
1876 2267 16 56 :
1960 2240 132 86 De
2146 2243 126 92 sige
2332 2254 96 82 et,
2482 2257 78 76 og
2620 2236 170 98 giøre
2858 2251 56 68 et

1229 2402 234 93 ander;
1526 2395 99 96 jeg
1683 2395 152 77 veed
1890 2391 189 93 ingen
2118 2385 343 100 Exempel,
2500 2400 79 79 at
2614 2379 271 105 Interes-

1229 2544 275 96 senterne
1545 2560 97 62 ere
1679 2538 223 80 blevne
1945 2535 371 95 almindelig
2373 2531 361 98 assisterede
2773 2531 139 78 med

1228 2690 194 84 Malt
1460 2679 106 104 fra
1604 2684 421 96 Magaziner,
2078 2680 230 97 førend
2354 2676 161 101 først
2556 2681 20 74 i
2618 2675 294 97 Augusto

1225 2844 142 80 eller
1425 2837 150 98 sidst
1625 2836 20 78 i
1687 2830 238 101 Julio;
1977 2830 72 96 ja
2089 2826 434 100 omendjkiøm
2575 2831 74 76 de
2689 2844 90 60 nu
2825 2821 92 80 tik

1229 2988 173 102 saae
1446 2999 144 66 »at
1636 2986 76 76 de
1750 2985 120 78 den
1918 3002 80 68 15
2012 2982 76 78 de
2112 2975 184 91 May
2322 2974 426 84 indeværende
2772 2966 146 83 Aar

1224 3132 171 100 have
1454 3126 267 102 fastsadt
1780 3123 343 104 Prisen,,,
2164 3123 125 80 kan
2322 3122 97 96 jeg
2462 3126 125 89 dog
2639 3113 274 99 oprigtig

1229 3278 307 93 bevidne,
1577 3294 73 64 at
1687 3276 99 95 jeg
1825 3275 69 78 in
1935 3266 225 104 Junio
2197 3272 321 95 sidstleden
2563 3265 137 80 blev
2745 3279 139 76 næg-

1230 3436 89 70 tet
1349 3413 160 102 paa
1570 3416 451 103 Laugshuuset
2078 3418 195 83 Malt
2332 3412 103 98 fra
2496 3408 419 96 Magaziner,

1225 3572 208 80 under
1475 3563 484 104 Foregivende,
2005 3582 72 66 at
2111 3564 240 97 samme
2389 3564 214 79 endnu
2645 3550 268 88 ikkevar

2762 3697 152 83 aab-
