2958 4494
1622 379 81 57 Iis

253 543 209 102 Disse
492 564 78 76 og
613 545 149 94 flere
809 539 333 92 saadanne
1194 533 378 83 omløbende
1619 529 121 83 Di-

44 683 319 98 scourfer,
443 686 173 77 lader
663 679 103 95 jeg
808 681 175 106 saae
1049 680 121 76 ved
1225 675 79 92 sit
1365 676 219 85 værd/
1649 665 113 94 saa-

41 829 212 90 klomge
52 831 201 88 længe
304 828 75 78 de
406 819 127 80 ikke
566 835 97 62 ere
712 812 289 97 beviislig
1048 812 243 96 giorte;
1346 809 91 96 thi
1468 809 101 95 jeg
1594 825 65 60 er
1686 826 79 58 en

50 961 233 97 Jurist
320 980 81 75 og
436 972 272 79 antager
746 952 158 83 intet
932 955 172 76 uden
1140 948 270 83 Beviis.
1515 942 115 85 En
1644 964 90 60 an-

47 1105 127 75 den
209 1094 255 99 Aarsag
511 1094 71 80 til
607 1099 125 87 dyr
763 1088 203 99 Priis
1001 1105 67 60 er
1105 1084 355 100 Forprang
1503 1101 79 83 og

494 1228 361 98 Forprang
910 1224 145 94 gior
1110 1228 123 79 den
1280 1237 143 63 eene
1486 1214 279 96 Borger

44 1369 177 82 imod
278 1374 124 76 den
442 1370 218 79 anden
720 1364 197 94 heldst
958 1360 22 75 i
1038 1356 493 92 Kiobenhavn,
1602 1353 164 94 hvor

41 1511 125 77 den
215 1523 143 61 eene
411 1501 281 96 Borger
741 1498 355 93 overbyder
1153 1498 125 77 den
1317 1495 257 89 anden,
1627 1485 135 94 som

41 1643 274 81 allerede
367 1655 66 64 er
483 1637 172 94 eenig
705 1656 108 60 om
858 1631 255 83 Kiobet
1163 1633 146 77 med
1354 1626 407 94 Sælgeren,

42 1780 233 80 tvivler
310 1795 211 78 nogen
568 1776 265 95 herom,
890 1770 282 95 behager
1220 1771 364 88 deatgaae
1630 1778 136 75 paa

47 1911 327 95 Torvene.

242 2189 115 85 En
392 2185 191 89 Deel
632 2184 81 96 af
770 2182 555 99 Horkræmerne,
1388 2175 377 93 informerer

41 2325 305 91 Bonden
379 2347 109 60 om
507 2324 227 89 Torve
753 2320 295 97 Kiobet,
1103 2340 81 75 og
1203 2315 203 94 sætter
1427 2310 337 102 Priserne,

45 2472 148 75 med
231 2473 76 76 de
337 2462 349 96 Vilkaar,
739 2475 72 66 at
857 2445 289 109 naaede
1069 2463 78 75 de
1187 2451 126 82 ikke
1351 2452 126 79 kan
1511 2466 254 79 opnaae

48 2601 331 97 saadanne
430 2598 271 98 Priser,
770 2598 129 78 kan
926 2594 331 92 Vahrene
1292 2591 303 93 oplegges
1636 2587 129 96 hos

49 2747 193 92 dem,
296 2758 84 77 og
417 2743 105 76 det
566 2755 64 60 er
663 2733 377 97 Aarsagen,
1099 2725 301 99 hvorfore
1441 2745 161 59 man
1633 2721 129 96 hos

47 2880 149 95 disse
227 2892 115 83 got
369 2872 165 103 Folk
569 2874 126 79 kan
725 2872 209 96 finde,
985 2865 158 94 især
1185 2863 246 84 Smor
1476 2879 87 77 og

50 3017 23 76 i
102 3010 543 102 Overflødighed.

251 3293 537 91 Landeprangere
815 3282 137 83 erei
985 3279 113 96 fær
1133 3278 435 91 Valbyerne,
1617 3266 149 102 disse

60 3423 432 103 opfinde-ikke
366 3427 127 82 ikke
534 3433 203 76 allene
782 3423 23 78 i
854 3421 373 92 Siæland,
1316 3433 147 60 men
1506 3413 207 91 endog
1744 3404 23 80 i

846 3561 59 98 )(
964 3582 37 71 z
1413 3549 255 86 Moen,
