3093 4586
1228 553 56 84 6

1236 741 288 80 kommer
1586 735 172 80 mine
1822 729 226 105 fattige
2104 734 600 106 Omstændigheder
2766 755 140 80 dem

1238 889 124 78 ved
1382 887 38 76 ?
1474 901 82 78 og
1596 877 272 102 hvorfor
1912 884 88 80 vil
2040 888 74 80 de
2154 884 252 96 ligesom
2448 880 292 100 fornedre
2782 897 124 94 mig

1240 1027 78 84 til
1354 1029 191 96 intet,
1574 1021 290 104 paa-det
1762 1031 102 80 det
1908 1033 180 79 deres
2130 1030 296 102 Hoyhed
2468 1054 79 76 og
2588 1032 323 103 Rigdom,

1238 1194 92 92 og
1391 1181 182 80 deres
1637 1175 308 82 indbildte
2009 1176 338 86 Viisdom
2419 1180 306 83 desbedre
2797 1185 124 80 kan

1245 1321 204 100 ffinne
1499 1323 362 98 igiennem?
1929 1318 430 100 omendffiønt
2413 1330 100 76 det
2561 1332 198 77 allene
2797 1331 124 80 kan

1237 1458 125 108 see
1407 1467 130 98 hos
1575 1473 146 78 dem
1765 1467 136 94 som
1941 1482 146 82 tage
2125 1468 334 98 Skyggen
2501 1468 100 96 for
2623 1472 298 99 Legemet,

1241 1635 86 78 og
1387 1615 136 92 som
1597 1617 262 80 domme
1921 1611 456 101 Bygningens
2443 1614 264 98 Styrke
2779 1619 148 96 efter

1247 1767 172 78 dens
1465 1761 256 98 Zirater
1767 1781 82 78 og
1893 1768 318 76 udvortes
2251 1758 326 104 Pymelse.

1456 1939 134 88 De
1630 1941 174 82 kalde
1846 1944 144 80 med
2030 1964 76 60 en
2150 1960 92 64 ret
2282 1936 286 106 Pavelig
2606 1944 296 101 Myndig-

1242 2089 118 98 hed
1416 2091 138 78 min
1610 2085 156 102 Pen
1828 2089 322 97 uhældig;
2218 2088 98 98 jeg
2372 2108 256 64 nævner
2688 2098 104 77 der
2852 2115 78 60 en

1238 2233 292 102 Pavelig
1592 2229 460 104 Myndighed,
2126 2232 172 98 fordi
2366 2240 102 78 det
2534 2256 66 60 er
2660 2241 270 96 gandffe

1238 2375 364 106 Paveligt,
1658 2395 74 66 at
1784 2381 230 96 opgive
2058 2382 94 98 sig
2192 2380 72 84 til
2300 2378 350 90 Dommer
2692 2387 118 78 udi
2854 2405 46 60 u-

1244 2527 506 82 vedkommende
1782 2523 284 101 Sager;
2108 2524 68 102 I
2214 2528 222 96 øvrigt
2476 2546 66 62 er
2578 2532 102 78 det
2718 2527 188 96 sande-

1238 2675 87 98 lig
1364 2671 127 84 ikke
1528 2671 241 84 Mænd
1813 2667 80 102 af
1930 2675 181 81 deres
2162 2670 437 104 Profession,
2662 2672 135 96 som
2837 2695 92 62 ere

1237 2819 270 96 capable
1551 2835 74 64 at
1667 2819 270 96 judicere
1979 2840 108 60 om
2129 2836 58 66 et
2225 2818 284 96 Skrifts
2549 2818 256 101 Værd,
2847 2843 78 76 og

1237 2969 394 96 allermindst
1691 2965 124 82 kan
1869 2965 112 99 de,
2043 2962 136 100 som
2252 2966 269 98 partie
2581 2968 114 80 udi
2747 2973 184 76 deres

1235 3133 156 78 egen
1433 3111 220 98 Sag,
1705 3109 228 102 affatte
1973 3136 212 74 nogen
2225 3112 318 98 Decision
2587 3118 242 77 derom.

1455 3279 98 86 At
1593 3283 138 78 min
1769 3279 160 102 Pen
1973 3284 22 78 i
2033 3304 78 58 en
2147 3286 210 78 anden
2393 3278 376 100 Henseende
2809 3287 120 78 end

1233 3433 127 78 den
1421 3429 77 80 de
1551 3427 255 102 Herrer
1861 3425 539 99 Subscribentere
2459 3424 167 98 have
2682 3429 209 80 meent

1232 3573 130 80 fan
1412 3571 222 86 kaldes
1692 3573 330 101 uhældig,
2086 3572 218 98 efterdi
2356 3572 98 98 jeg
2510 3594 64 62 er
2618 3578 318 93 opdraget
