3072 4637
1825 563 56 86 7

201 761 220 94 ansees
479 757 102 98 for
639 787 202 76 nogen
891 769 222 92 privat
1171 757 288 96 Godhed
1525 747 80 98 af
1655 755 76 76 de
1789 752 85 81 178

203 883 286 98 Mænd,
533 903 72 64 at
647 887 96 94 jeg
785 889 112 76 udi
937 885 136 78 min
1113 873 578 104 Interessentskabs
1747 865 132 92 Tid

209 1009 122 86 har
363 1007 271 86 erholder
671 1007 114 94 lige
821 1003 378 84 Qvantum
1235 997 78 96 af
1337 995 546 100 Konge-Bygget

207 1135 140 76 med
389 1135 70 76 de
491 1135 204 74 andre
717 1127 348 94 Bryggere
1081 1141 22 80 ;
1147 1143 80 76 og
1267 1127 164 74 dette
1465 1123 124 78 kan
1615 1125 126 88 dog
1763 1115 124 82 ikke

205 1267 162 60 være
403 1249 234 92 andet,
699 1249 118 76 end
857 1243 122 100 just
1021 1247 160 76 dette
1219 1255 176 82 eene,
1453 1237 314 92 hvormed
1809 1239 78 74 de

203 1371 162 94 have
387 1359 188 102 givet
635 1367 92 96 sig
781 1363 112 94 saa
931 1365 192 98 tykke,
1165 1383 82 76 og
1291 1363 300 92 udpralet
1629 1353 78 98 af
1739 1353 146 96 fuld

197 1487 192 98 Hals
435 1493 180 74 deres
669 1489 160 92 store
875 1485 290 96 Godhed
1209 1485 178 76 imod
1427 1479 170 96 mig,
1661 1475 110 94 saa
1813 1485 74 72 æt

197 1609 128 94 det,
367 1607 134 92 som
541 1607 120 98 har
701 1621 194 64 været
933 1609 182 74 deres
1159 1599 460 98 Skyldighed,
1643 1601 212 78 udraa-

201 1727 78 80 be
323 1733 76 78 de
441 1723 100 98 for
583 1747 76 58 en
701 1721 456 100 Velgierning.

415 1943 96 84 At
553 1949 74 76 de
665 1949 180 76 ellers
885 1947 120 78 ved
1049 1947 180 76 deres
1264 1939 468 105 Beslutninger
1777 1937 86 90 ha-

197 2081 78 62 ve
327 2065 170 94 giort
551 2065 92 92 sig
701 2067 110 76 ald
857 2063 284 94 Umage,
1199 2067 206 74 under
1449 2061 198 82 Skin
1707 2059 80 96 af
1817 2077 72 64 ar

197 2187 184 98 holde
421 2181 226 100 Hævd
679 2199 150 64 over
851 2179 600 98 Laugs-Artiklerne
1475 2203 80 76 og
1583 2181 274 86 Conven-

193 2307 236 90 tionen,
471 2321 70 62 at
583 2301 176 96 ffade
805 2303 206 82 baade
1053 2303 132 94 mig
1229 2323 80 76 og
1353 2307 200 78 andre
1583 2301 274 98 uformu-

197 2427 152 74 ende
385 2417 484 100 Jnteressemere
923 2425 120 76 ved
1093 2437 72 64 at
1219 2419 228 94 svække
1487 2435 194 68 vores
1729 2423 134 84 Cre-

197 2537 132 94 dit,
393 2555 84 78 vg
529 2533 256 100 følgelig
825 2537 234 96 udjage
1105 2549 78 66 os
1229 2537 78 94 af
1339 2545 180 76 deres
1557 2539 328 106 Societet,

201 2661 200 98 haver
441 2657 100 98 jeg
585 2663 114 78 udi
739 2661 166 80 mine
953 2659 426 100 formeemlige
1417 2657 320 106 Aarsager
1781 2689 102 68 etc.

199 2787 204 74 under
453 2777 414 102 Afdeelingen
913 2783 140 84 No.
1095 2809 66 70 4.
1213 2791 170 92 givet
1423 2787 366 102 Anledning
1817 2811 74 62 ar

193 2898 374 96 efter-tænke
721 2897 214 88 Enten
993 2905 74 78 de
1125 2925 90 58 nu
1279 2907 178 78 dertil
1511 2929 98 60 ere
1665 2909 224 80 bleerne

197 3019 346 100 ansporede
585 3021 80 96 af
691 3043 74 60 en
805 3027 200 94 utidig
1043 3025 482 102 Begiærlighed
1571 3033 68 78 til
1677 3049 72 62 ar
1791 3033 72 80 be-

201 3139 130 94 rige
371 3137 246 98 Lauget
671 3147 120 76 ved
849 3147 72 74 de
975 3169 144 48 200
1165 3143 240 98 Rdlr.,
1465 3147 132 92 som
1655 3149 238 90 samme

201 3261 294 94 profitere
537 3267 120 76 ved
709 3263 154 96 hver
903 3285 118 74 nye
1059 3265 412 100 Interessent,
1519 3277 142 74 eller
1697 3279 192 76 beter

197 3375 183 111 skee-tj-
401 3375 78 98 af
507 3397 58 62 et
605 3401 208 76 puurt
853 3383 172 100 Had
1069 3387 68 78 til
1181 3391 118 74 den
1345 3387 296 100 Fattige,
1705 3413 186 64 maae

205 3505 76 78 de
313 3507 158 92 gode
505 3501 552 100 Subscribenrere
1097 3507 124 98 best
1259 3509 142 84 vide
1443 3529 70 64 ar
1551 3515 174 94 giore
1761 3515 110 84 Re-

955 3629 94 86 M
1091 3653 52 70 4
1831 3645 76 80 de
