2947 4476
1641 379 83 74 IS

106 542 226 90 dekkes
364 539 146 82 med
552 557 76 62 en
672 535 142 81 kørt
864 534 264 98 Planke
1182 555 108 64 om
1338 536 246 100 hængte
1628 539 124 96 saft
1788 543 22 78 i

108 646 433 82 Bolværket/
606 655 81 74 og
734 634 214 80 kunde
990 642 72 71 de
1108 633 134 90 som
1302 642 186 74 ellers
1536 638 272 91 bekoster

87 736 612 92 «Slam-Kisterne
731 730 182 96 holde
953 750 76 58 en
1072 728 333 113 slebed
1427 734 218 97 Karl,
1673 735 136 92 som

111 840 216 94 daglig
375 831 244 94 besøgte
661 849 78 71 og
783 824 248 94 rensede
1069 827 142 94 disse
1247 827 560 103 Slam-Huller,

117 936 246 96 hvilken
395 931 50 76 ei
493 947 130 58 nær
671 925 210 79 kunde
917 924 164 93 koste
1119 913 112 104 saa
1265 944 202 76 meget
1503 928 134 92 som
1665 927 144 98 disse

110 1024 504 95 Slam-Kister
634 1026 336 90 medrager
1002 1043 78 72 og
1110 1027 126 88 dog
1276 1039 164 61 være
1468 1026 68 78 til
1566 1024 244 92 samme

108 1130 262 94 Nytte,
424 1123 70 90 ja
522 1125 120 76 end
680 1136 202 60 meere
916 1118 214 100 havde
1154 1123 124 74 den
1304 1117 268 97 Fordeel
1604 1122 18 73 i
1654 1121 130 98 Fol-

108 1248 74 74 ge
212 1230 144 74 med
408 1223 92 92 sig
530 1233 72 64 at
646 1215 220 95 Byen
912 1234 124 62 var
1086 1211 218 98 befriet
1338 1210 100 96 for
1484 1234 74 62 at
1586 1212 86 95 fee
1722 1241 88 72 og

107 1332 172 84 lugte
300 1328 121 74 den
450 1315 189 94 Mog
654 1313 357 97 Pladder,'
1036 1311 137 96 som
1204 1312 147 94 dogi
1387 1318 184 92 nogle
1584 1312 225 99 Dage

105 1421 124 91 stal
275 1418 156 94 ligge
483 1435 78 72 og
627 1411 232 97 srasies
908 1408 302 84 Vandet
1245 1409 230 94 førend
1529 1418 108 76 det
1681 1411 130 82 kan

107 1514 386 84 bortkiøres.

312 1705 432 94 Slutningen
794 1700 198 84 bliver
1024 1719 74 64 at
1142 1703 100 98 jeg
1296 1723 80 77 og
1422 1704 142 82 ville
1598 1707 212 94 g'erne

104 1808 89 92 see
230 1800 290 90 Staden
552 1805 268 78 berøvet
862 1815 190 81 noget
1078 1799 80 94 af
1184 1805 92 92 sin
1308 1802 304 80 indbildte
1646 1799 162 100 Zirr,

106 1913 107 75 der
256 1926 65 58 er
370 1904 101 93 jeg
506 1901 145 78 ville
688 1901 165 93 have
892 1908 127 70 alle
1056 1899 299 94 unyttige
1380 1896 225 88 Træer
1632 1899 147 77 bort-

103 2007 281 106 eyddede
435 1995 76 98 af
563 1997 364 93 Gaderne,
983 1995 94 90 thi
1131 1993 274 90 foruden
1461 2002 104 76 det
1625 2011 72 64 at
1731 2001 76 74 de

103 2100 288 80 alletider
449 2115 98 58 ere
587 2090 482 96 Bygningerne
1115 2091 332 97 stadelige,
1517 2094 172 94 siden
1733 2097 76 76 de

103 2199 127 93 stal
265 2198 177 94 staae
485 2181 193 92 indesi
705 2191 21 75 i
755 2186 407 100 Fortogene,
1215 2187 111 94 saa
1376 2188 436 102 contts«»ibn·e1cer·l

106 2301 76 73 de
216 2314 78 70 og
332 2292 70 80 til
440 2288 554 83 Renovationens
1030 2284 414 97 Formeerelse
1482 2306 82 76 og
1590 2292 120 73 den
1746 2305 66 60 er

108 2397 106 73 det
244 2390 102 94 jeg
380 2387 216 96 onster
626 2401 70 62 at
730 2384 144 80 ville
912 2404 110 55 om
1060 2385 274 92 mueligt
1375 2379 85 94 see
1494 2380 286 94 formind-

110 2486 119 96 stet
248 2504 23 80 ;
322 2484 69 98 I
426 2491 105 72 det
546 2483 269 93 mindste
846 2480 189 78 burte
1060 2483 233 86 enhver
1314 2479 223 95 Huus
1568 2476 239 101 Eyere,

109 2585 138 91 som
267 2582 144 80 ville
441 2581 256 92 beholde
711 2583 130 89 sine
861 2574 246 95 Træer,
1129 2566 242 103 hvoraf
1389 2576 210 80 kunde
1629 2573 178 90 fulde

111 2680 140 82 Lov
297 2698 134 74 paa
487 2675 254 82 Gaden
801 2676 200 80 betale
1039 2691 192 80 noget
1265 2674 210 94 aarlig
1517 2669 188 100 deraf
1737 2673 74 82 til

111 2773 535 89 Renovationen.

310 2964 146 100 Jeg
506 2967 120 92 har
666 2971 90 76 da
792 2966 234 96 herved
1050 2965 26 82 i
1106 2973 202 76 denne
1324 2962 290 86 Materie
1642 2965 172 80 villet

112 3080 168 82 yttre
308 3066 172 78 mine
494 3063 291 97 Tanker,
814 3070 200 74 allene
1040 3063 102 96 fok
1168 3081 74 64 at
1270 3065 138 94 give
1438 3068 202 74 andre
1668 3063 116 80 bed-

113 3184 68 56 re
213 3162 372 94 stionnende
623 3183 76 58 en
737 3179 121 76 nye
1229 3163 68 76 til
1331 3176 72 64 at
1430 3156 85 96 see
1551 3164 104 76 det
1683 3155 102 100 for-

119 3260 256 96 bedret,
429 3241 136 110 fom
609 3265 104 76 det
759 3258 22 78 i
827 3278 236 75 mange
1113 3255 178 98 Ting
1345 3256 320 97 behøver,
1721 3255 96 93 thi

117 3356 328 98 endstiont
471 3353 256 100 Tingen
753 3356 22 80 i
801 3358 95 96 sig
927 3354 122 94 selv
1071 3375 64 62 er
1163 3355 220 98 ringe,
1435 3374 66 64 er
1527 3360 124 80 den
1685 3357 131 94 dog

1640 3449 82 98 af
