3182 4598
823 455 456 118 "dZF*
1823 485 104 88 19

163 673 332 88 Slæders
527 671 526 98 Korn-Wahre,
1105 673 66 92 jo
1203 677 266 90 længere
1491 669 66 96 jo
1593 689 196 62 meere
1821 675 74 76 de-

165 783 302 86 clineres,
497 773 320 96 hvorover
853 777 102 76 det
987 771 202 82 bliver
1225 793 76 58 en
1335 775 368 92 almindelig
1723 771 170 86 Ska-

163 883 78 76 be
271 877 204 80 baade
505 871 102 96 for
625 873 202 82 Land-
845 893 80 74 og
943 871 656 94 Kiobstædmanden,
1617 871 132 92 som
1767 871 126 82 kun-

165 985 76 76 de
279 979 286 92 hemmes
603 977 120 74 ved
759 993 74 56 en
855 971 420 96 Anordning,
1315 987 76 64 at
1417 979 98 88 de,
1535 971 134 94 som
1703 973 224 96 bragte

163 1077 248 94 saadan
455 1091 190 62 ureen
689 1091 80 74 og
815 1077 144 74 med
993 1071 246 100 Havre
1271 1071 340 82 beblandet
1639 1071 180 104 Byg
1855 1075 72 78 til

167 1175 424 104 Fals,stulde
625 1171 166 80 bøde
831 1189 192 78 noget
1067 1173 118 94 vist
1229 1165 256 102 derfor;
1545 1173 98 94 jeg
1681 1191 246 62 meener

169 1285 118 74 den
335 1287 38 70 8
385 1279 70 72 de
493 1269 186 88 Deel
733 1269 84 94 af
859 1277 158 90 godt
1063 1271 246 86 Korns
1355 1267 328 100 Wærdie,
1755 1293 170 60 naar

167 1383 118 74 den
323 1379 120 78 8de
473 1369 184 86 Deel
695 1371 282 82 kiendtes
1011 1389 70 62 at
1117 1391 168 60 være
1301 1369 240 98 Havre
1573 1393 82 76 og
1675 1371 250 98 Ukrud,

167 1499 82 74 og
279 1469 266 92 derefter
575 1475 22 74 i
633 1471 240 94 samme
905 1471 422 98 Proportion
1375 1491 168 60 naar
1589 1477 102 78 det
1725 1471 170 94 befin-

165 1583 116 74 des
321 1579 272 88 flettere,
643 1573 186 78 indtil
861 1573 18 74 i
913 1585 100 68 der
1059 1573 248 94 hsyeste
1353 1567 48 106 §
1429 1569 216 88 Deele
1683 1569 242 100 Havre

167 1699 82 72 og
285 1673 268 94 Ukrud,
607 1675 86 78 da
739 1677 102 74 det
875 1675 154 94 heelt
1057 1673 180 90 stulle
1277 1691 168 62 være
1481 1669 442 96 Confifcation

165 1773 420 96 undergiven.
687 1767 160 92 Det
893 1791 124 60 var
1053 1773 184 78 bedre
1283 1789 72 64 ar
1403 1777 74 76 de
1527 1773 230 94 brugte
1799 1767 120 94 selv

161 1881 110 72 det
301 1873 176 92 ringe
503 1869 238 94 Korn,
795 1875 118 76 end
953 1877 140 74 lade
1131 1877 102 74 det
1263 1877 144 74 med
1439 1869 110 94 saa
1577 1873 162 92 store
1773 1867 122 86 Be-

167 1973 354 98 kostninger
555 1971 246 80 komme
835 1973 210 80 videre
1083 1969 132 98 fort
1251 1973 68 80 til
1341 1969 478 102 Forhandling.
