2849 4444
1732 421 45 67 9

49 551 217 103 Agene
291 557 319 97 begraves
639 577 107 61 om
771 556 265 102 Dagen
1053 569 139 74 eller
1221 560 313 98 Aftenen,
1589 590 71 73 ey
1689 573 183 94 heller

52 674 210 74 nogen
306 653 434 88 Tractamem
778 649 224 107 gives,
1060 667 206 74 under
1308 662 366 101 Hundrede
1712 669 162 97 Rip«

54 758 221 77 dalers
310 748 239 93 Straf.
650 751 135 85 De
830 753 131 94 som
1005 756 88 81 vil
1135 763 140 79 lade
1319 768 182 76 deres
1530 762 213 86 Born
1775 770 70 76 be-

53 868 203 75 grave
283 857 167 74 uden
499 846 351 101 Prædiken
901 859 143 73 eller
1089 854 223 98 Udgift
1343 861 67 78 ril
1439 859 249 83 Kirken
1731 871 139 73 eller

54 945 315 94 Skolen,
431 945 255 91 saa-Vel
588 952 100 74 vel
740 946 132 94 som
934 971 77 75 og
1030 948 220 101 fattige
1276 954 164 98 Folk
1486 979 77 75 og
1596 956 284 100 Neueste

51 1041 166 97 folk,
287 1041 182 96 skulle
507 1044 242 95 præcise
791 1055 192 75 mode
1017 1059 142 74 med
1187 1049 216 97 Ligene
1431 1053 20 78 i
1471 1053 250 86 Kirken
1737 1065 142 75 eller

51 1159 139 76 paa
219 1138 495 98 Kirkegaarden
743 1142 295 83 Klokken
1069 1144 173 89 Tolv
1273 1148 17 78 i
1321 1154 103 75 der
1441 1152 387 96 allerseneste.

208 1261 104 68 15.
366 1237 237 99 Ingen
648 1259 159 62 maa
866 1243 199 93 bruge
1126 1243 265 100 Floyel,
1460 1245 233 88 Klæde
1736 1259 143 73 eller

49 1331 180 95 Bay
263 1335 20 78 i
299 1333 322 97 Ligstuen,
679 1342 126 91 dog
831 1358 165 59 naae
1025 1346 74 74 de
1135 1343 328 90 henbæres
1493 1344 68 82 til
1595 1346 278 100 Kirken,

51 1435 91 74 da
173 1450 157 61 maa
363 1438 119 74 alle
511 1438 73 77 de
615 1431 131 92 som
763 1443 145 72 med
931 1433 715 104 TitelafVelbyrdige,
1676 1441 208 96 afOs

48 1545 63 59 er
136 1526 357 98 benaadet,
554 1529 201 95 bruge
782 1526 383 104 Liig-Floyel
1180 1542 143 74 med
1344 1553 57 62 et
1422 1535 137 96 hvit
1590 1538 297 98 Atlasses

53 1621 198 83 Kors
281 1625 154 95 udi,
493 1623 296 95 hvorfore
817 1637 84 70 da
933 1623 122 99 stal
1091 1631 244 77 betales
1359 1633 154 90 Leye
1543 1636 68 78 til
1631 1636 256 81 Kirken

53 1717 153 99 Fire
251 1719 351 98 Rixdaler,
658 1742 168 59 naar
883 1729 103 74 der
1043 1726 17 76 i
1101 1725 451 98 Kiobenhavn
1607 1732 275 95 bruges:

48 1815 137 87 De
216 1825 203 72 andre
446 1816 133 94 som
606 1818 125 79 ikke
774 1818 197 95 haver
1018 1822 373 80 overtrokne
1440 1825 253 100 Kister,
1722 1849 163 74 smaa

55 1933 108 59 om
203 1918 76 76 de
307 1913 118 92 selv
459 1914 123 99 vil,
639 1915 204 96 bruge
873 1915 232 85 Klæde
1141 1939 150 59 over
1317 1920 267 100 Kisten,
1645 1933 142 72 eller
1805 1948 79 74 og

52 2015 140 75 lade
222 2016 122 75 den
376 2012 210 79 aaben
606 2012 322 97 henbære,
986 2036 78 74 og
1088 2015 126 96 hvo
1244 2016 136 92 som
1422 2038 184 62 enten
1658 2023 230 98 Floyel

50 2114 141 74 eller
220 2106 385 97 Liig-Klæde
640 2111 281 96 bruger,
975 2111 252 93 skaldet
1126 2119 101 75 det
1258 2120 119 76 ved
1410 2115 449 87 Bedemande-

51 2225 76 59 ne
159 2210 142 77 lade
327 2212 304 89 paalegge
681 2228 81 76 og
805 2205 253 99 aftage;
1113 2209 170 98 Hvo
1319 2214 91 95 sig
1445 2215 285 94 herimod
1761 2215 99 95 for-

48 2299 158 99 seer,
260 2303 174 96 giver
470 2308 66 76 tll
566 2300 236 99 Straf
822 2307 676 98 Halvtrdiesindsrive
1528 2312 336 97 Rixdaler.

209 2407 106 72 16.
368 2399 235 100 Ingen
634 2401 287 96 Voxlys
954 2424 155 60 maa
1144 2404 295 99 omkring
1482 2407 167 99 Liget
1676 2413 21 76 i
1734 2413 125 97 Liig-

57 2493 355 99 Smerne,
469 2506 141 71 eller
635 2500 577 96 paaKirkegulvet
1245 2502 309 102 opsettes,
1611 2528 69 71 ey
1703 2509 185 94 heller

54 2614 136 71 paa
222 2592 250 83 Gaden
496 2592 100 95 for
626 2597 170 93 Liget
844 2599 244 96 bæres,
1146 2606 206 74 under
1390 2601 192 97 Tyve
1634 2605 228 94 Rixda-

56 2695 131 74 lers
220 2688 259 96 Straf,
536 2699 119 84 dog
688 2694 253 94 hermed
972 2694 127 81 ikke
1129 2718 208 74 nogen
1362 2697 319 94 formeent
1711 2719 74 63 at
1815 2712 82 74 de

47 2787 71 94 jo
149 2782 77 94 af
245 2786 301 97 chriftelig
575 2789 485 103 Gavmildhed,
1117 2793 19 78 i
1167 2801 119 73 den
1307 2794 201 83 Kirke
1529 2798 159 92 hvor
1721 2799 169 95 Liget

54 2882 370 98 nedsættes,
484 2902 58 61 et
572 2883 160 98 Par
762 2890 130 95 Lys
940 2910 132 76 paa
1110 2891 308 98 Herrens
1460 2891 232 83 Altare
1730 2917 158 63 maa

53 2983 178 94 give,
291 3003 78 74 og
417 2990 274 74 dennem
755 2999 192 69 mens
989 2986 332 96 Tienesten
1355 2987 342 100 forrettes,
1751 2997 142 83 lade

53 3083 249 80 brende.

212 3201 106 66 17.
372 3175 314 85 Vaaben
718 3198 158 61 maa
906 3177 100 97 for
1040 3182 190 93 ingen
1258 3180 286 92 opsættes
1584 3192 139 73 eller
1772 3188 93 78 bæ-

55 3286 148 78 res,
257 3281 170 74 uden
463 3274 104 92 for
619 3281 74 74 de
735 3283 202 74 allene
975 3276 134 92 som
1151 3279 70 79 til
1257 3278 254 86 Skiold
1543 3304 78 74 og
1663 3283 230 98 Hielm

57 3390 71 61 at
161 3370 135 90 fore
341 3393 93 59 ere
481 3374 363 95 berettiget,
927 3395 77 75 og
1059 3382 71 75 de
1173 3375 131 90 som
1349 3376 17 79 i
1409 3377 293 93 Rangen
1754 3403 134 75 ere,

56 3476 207 78 under
294 3469 703 97 Halvtrediesindsrive
1030 3470 311 95 Rixdaler
1370 3474 243 94 Straf.

837 3569 64 82 A
963 3594 32 66 5
1493 3586 106 70 18.
1649 3573 144 98 In-
