2915 4590
1666 413 96 50 at

49 591 316 96 Staden,
411 589 168 98 hvor
621 592 76 76 de
739 588 72 76 til
837 581 356 102 Districrer
1239 581 340 102 henhører,
1621 588 110 94 hol-

49 717 119 78 des
207 714 23 78 i
271 707 343 101 forsvarlig
657 702 279 86 Stand.

844 921 116 72 25,

277 1054 208 100 Hvor
531 1051 442 99 Forstæderne
1029 1050 142 74 eller
1225 1050 76 75 de
1353 1045 108 92 saa
1501 1048 256 83 kaldede

43 1169 279 97 Broer,
377 1169 287 100 henhøre
717 1168 73 78 til
829 1161 391 100 Districtet;
1305 1166 190 87 maae
1541 1166 177 84 Com-

46 1279 320 109 missairen
410 1311 82 76 og
534 1288 358 92 Betjenten
932 1301 168 77 nøye
1138 1281 258 99 paasee,
1452 1304 72 64 at
1560 1292 192 93 ingen

45 1413 78 98 af
156 1420 77 76 de
272 1412 299 97 Wahre,
638 1412 137 94 som
833 1413 70 78 til
944 1407 373 99 Axeltorvet
1362 1409 123 81 bør
1530 1412 195 96 henfø-

43 1543 148 83 res,
235 1536 174 74 uden
455 1531 104 94 for
599 1528 302 98 Portene
947 1526 344 96 opkiøbes,
1357 1549 82 72 og
1481 1530 20 76 i
1539 1531 214 94 vidrig

43 1649 177 100 Fald
268 1652 122 96 har
428 1657 74 76 de
530 1649 330 93 Wahrem
896 1663 72 64 at
1004 1648 302 96 anholde,
1348 1646 406 99 Personerne

42 1789 74 70 at
162 1790 317 79 antegne,
534 1793 83 73 og
658 1790 110 60 om
814 1773 104 82 det
962 1766 310 100 passerede
1316 1784 391 79 rapportere,

833 1975 118 78 26,

266 2118 208 82 Naar
516 2115 226 90 Torve
798 2135 96 60 ere
934 2117 20 76 i
996 2113 442 94 Qvarteeret,
1512 2112 122 98 har
1676 2117 76 76 de

40 2253 71 70 at
146 2253 331 80 paaagte,
542 2235 215 94 saavel
800 2249 73 64 at
914 2231 247 96 ethvert
1202 2230 245 95 Slags
1492 2226 259 93 Wahre

39 2353 328 97 falholdes
417 2375 132 84 paa
591 2360 74 82 de
713 2355 182 79 dertil
937 2351 288 95 bestemte
1267 2346 306 101 Pladser,
1615 2348 138 94 som

33 2493 75 62 at
149 2475 191 93 ingen
381 2473 541 96 Torve-Wahre
963 2471 221 95 sælges
1225 2473 201 76 andre
1449 2465 304 108 —HSteedee

36 2597 124 74 end
202 2612 134 74 paa
376 2589 290 97 Torvet,
726 2616 82 71 og
848 2593 384 92 ingenlunde
1276 2591 282 76 deruden
1604 2582 144 105 for;

32 2709 135 97 De
210 2712 289 96 herimod
558 2713 357 91 handlende
968 2719 315 89 amegnes
1342 2725 79 74 og
1462 2724 245 76 rappor-

37 2839 186 76 teres.

832 3049 116 68 27,

257 3176 388 96 Soldater,
691 3169 340 96 Matroser
1079 3190 82 80 og
1201 3173 120 75 alle
1357 3162 390 97 Omløbere,

31 3291 134 92 som
213 3296 288 88 befindes
547 3309 70 65 at
663 3288 284 100 falholde
991 3304 190 82 noget
1217 3289 120 82 ved
1379 3301 72 66 at
1491 3280 254 78 omløbe

808 3404 164 101 Bz
1496 3400 248 98 »Hum
