3019 4531
1229 479 79 59 I«

1144 647 139 94 som
1310 662 63 60 er
1408 646 120 72 den
1547 634 112 88 faa
1692 635 208 79 kaldte
1932 631 406 100 Provisions
2388 633 285 97 Mesters
2712 638 131 81 Lou

1141 741 184 88 Den
1379 733 314 92 Reifende
1741 750 276 79 meeme,
2073 751 70 61 at
2195 728 358 99 forstiællen
2599 734 16 76 i
2669 734 144 97 Reg-

1145 843 236 87 ningen
1415 834 124 78 ikke
1573 831 142 80 ville
1759 830 158 78 blive
1946 826 80 93 af
2371 829 471 96 Berydcnhed,

1146 953 174 62 naar
1358 928 386 100 Løgternene
1792 928 138 78 blev
1968 947 154 61 rænr
2164 950 76 74 og
2274 927 274 97 stukket,
2604 928 246 96 ligesom

1144 1039 112 76 der
1306 1028 140 88 blev
1480 1027 212 80 mørkt
1732 1032 140 72 eller
1908 1030 148 93 lyst,
2138 1048 76 74 og
2250 1034 100 72 der
2394 1043 124 62 var
2554 1024 270 81 rimmeli-

1149 1147 144 78 gere
1329 1144 72 62 at
1454 1123 201 99 flukke
1698 1121 307 99 Løgterne
2055 1145 108 56 om
2210 1122 263 83 Natten
2513 1138 178 63 naae
2733 1131 118 70 alle

1151 1225 166 102 Folk
1349 1222 176 95 sove,
1581 1227 118 74 end
1727 1242 132 72 paa
1909 1228 116 73 den
2081 1221 130 85 Tid
2257 1241 168 60 naar
2473 1221 376 82 GaaendeS

1152 1345 80 76 og
1259 1321 381 83 Kiorendes
1694 1318 270 94 passerer
2017 1319 357 94 Gaderne,
2433 1318 197 87 hvilke
2673 1321 181 91 sidste

1144 1422 344 97 gemeenlig
1552 1417 204 96 haver
1822 1414 196 97 Løgte
2066 1423 140 71 eller
2262 1413 230 99 Fakkel
2536 1424 144 72 med
2714 1418 136 91 sig,

1144 1515 391 86 disfvruden
1568 1533 123 60 var
1734 1512 181 92 hans
1946 1509 301 97 Tanker,
2278 1528 73 62 at
2380 1511 141 80 ville
2546 1532 163 58 være
2750 1513 73 76 be-

1147 1623 150 76 dere
1331 1634 80 72 og
1445 1610 490 97 menagerligere
1971 1629 106 56 om
2111 1609 242 89 saadan
2373 1605 178 97 Ting
2587 1610 138 78 blev
2761 1607 96 92 sar

1155 1715 73 80 ril
1265 1714 379 72 Ucitntion
1695 1712 141 74 eller
1871 1708 169 96 givet
2085 1705 19 78 i
2137 1703 345 97 Regnstab
2533 1726 77 74 og
2641 1708 215 78 endnu

1150 1813 268 91 hedere,
1478 1827 108 58 om
1614 1805 362 95 Borgerne
1994 1805 18 78 i
2028 1809 120 74 alle
2180 1804 392 94 Gaderstog
2596 1804 84 94 sig
2700 1800 128 94 sam-

1150 1931 153 58 men
1358 1928 79 74 og
1494 1906 211 93 holdte
1758 1904 207 82 Gade
1994 1933 25 42 -
2054 1901 309 99 Løgterne
2420 1905 119 86 selv
2606 1901 251 94 vedlige.

1149 2005 266 90 Denne
1447 2002 176 96 hans
1659 1999 490 96 Betænkning,
2209 1998 184 94 sagde
2451 1997 140 95 jeg,
2645 2000 106 76 vill
2791 1997 66 80 vi

1147 2106 307 77 overlade
1483 2101 69 79 til
1597 2099 211 92 høiere
1831 2096 459 92 Omdomme,
2349 2115 87 74 og
2467 2097 167 94 siden
2667 2102 101 76 det
2789 2115 67 58 er

1148 2205 152 94 silde
1328 2204 92 76 ud
1448 2217 134 79 paa
1618 2195 284 93 Aftenen
1950 2217 80 70 og
2074 2197 132 88 han
2244 2212 62 60 er
2334 2187 344 101 fremmed,
2730 2190 122 93 stal

1154 2303 109 76 det
1306 2318 171 60 være
1514 2295 135 96 mig
1678 2315 79 60 en
1786 2289 363 103 Fornøjelse
2194 2308 73 68 ar
2280 2288 181 99 følge
2488 2291 149 96 ham
2684 2290 67 79 til
2776 2291 77 92 sir

1143 2395 388 98 Logimeme.

1352 2590 182 86 Den
1588 2585 316 97 Reisende
1960 2587 288 95 takkede,
2306 2607 146 60 men
2500 2595 241 82 meente
2784 2599 72 62 at

1148 2695 112 76 der
1304 2707 124 61 var
1456 2689 224 99 sikkert
1710 2706 74 62 at
1810 2709 162 75 gaae
2004 2709 134 70 paa
2162 2686 320 84 Gaderne
2510 2682 347 93 alierheldst

1147 2793 92 76 da
1279 2807 160 61 man
1485 2790 18 80 i
1535 2785 354 98 fornødene
1907 2783 288 102 Tilfælde
2213 2784 126 80 kan
2363 2785 160 94 have
2545 2778 282 98 Assisten-

1153 2905 62 60 ce
1251 2875 90 105 af.

1689 3197 84 89 6.
1843 3194 478 113 Vægterne.

1287 3379 353 91 fægterne,
1691 3384 253 97 Maaske
1991 3367 97 96 jeg
2139 3366 163 94 sige,
2353 3377 93 62 ere
2483 3359 125 80 ikke
2633 3357 177 100 paan-

1287 3456 24 71 .
1658 3475 72 78 de
1766 3488 94 62 ere
1896 3465 124 83 ikke
2060 3464 152 82 altid
2252 3479 132 77 paa
2428 3463 184 78 deres
2646 3454 204 99 Post,

2546 3552 203 86 bliver
