2967 4520
1239 365 82 62 33

1153 523 318 84 novation
1505 521 110 78 der
1641 515 282 98 kiortes,
1959 521 144 76 med
2145 513 142 102 disse
2315 515 256 82 Karrer
2596 525 233 76 maatte

1153 631 122 72 alle
1299 619 242 82 Gader
1573 641 40 48 2
1633 613 248 96 Gange
1929 631 104 62 om
2073 617 182 92 Ugen
2301 615 210 78 kiores
2537 617 288 94 igiennem

1151 721 104 96 for
1289 731 72 64 at
1387 729 284 78 paarage
1717 709 434 100 Feieffarnet,
2219 707 90 100 thi
2357 713 70 80 til
2467 713 200 82 Gade
2699 715 126 82 Re»

1153 811 396 86 novationen
1589 809 214 92 holder
1833 809 98 96 jeg
1965 807 168 96 eifor
2179 827 70 62 at
2281 817 76 74 de
2391 831 96 58 ere
2515 811 110 92 saa
2649 813 156 80 tienli-

1153 933 76 76 ge
1255 907 136 94 som
1409 905 584 98 Kiste-Vognene,
2051 913 84 74 da
2171 913 74 76 de
2271 911 176 94 sidste
2475 909 124 78 bor
2615 927 72 62 at
2703 907 128 98 fore

1155 1015 106 76 det
1287 1005 270 96 sværeste
1581 1003 76 94 af
1699 1003 552 100 Renovationen,
2303 1005 136 94 som
2483 1027 64 58 er
2597 1011 102 76 det
2731 1013 100 78 der

1155 1115 192 86 tages
1377 1099 78 96 af
1475 1099 330 86 Gaderne.
1907 1101 162 86 Det
2129 1119 246 64 maatte
2421 1123 78 76 og
2535 1115 186 84 agtes
2765 1121 66 64 at

1159 1205 52 80 ei
1239 1209 146 88 flere
1415 1205 118 76 end
1567 1207 104 74 der
1707 1201 318 94 fornødne
2057 1199 212 84 Antal
2291 1201 328 96 besørgede
2635 1203 176 80 Kior-

1157 1305 154 94 selen
1343 1301 68 78 til
1445 1297 664 98 Pram-Stæderne,
2165 1303 84 78 da
2293 1305 74 74 de
2401 1301 214 94 øvrige
2641 1297 196 96 frade

1155 1401 290 88 nærmest
1477 1399 280 90 liggende
1801 1393 356 98 Districter
2205 1395 208 82 kunde
2453 1397 262 82 udkøre
2769 1399 68 78 til

1159 1488 492 105 Qvist-Pladsen
1691 1513 78 74 og
1821 1497 74 74 de
1941 1495 208 74 andre
2203 1497 142 72 med
2389 1511 164 60 naar
2581 1493 226 96 Pram-

1161 1613 182 64 mene
1373 1609 156 62 vare
1561 1583 238 102 fyldte,
1857 1593 142 74 eller
2027 1593 74 74 de
2131 1589 48 78 ei
2209 1587 204 82 kunde
2451 1581 100 98 for
2589 1589 218 82 Vejrli-

1159 1711 106 80 get
1287 1689 172 96 fare,
1527 1707 136 76 paa
1691 1693 120 78 den
1847 1685 268 82 Maade
2157 1701 172 64 troer
2367 1685 96 94 jeg
2511 1703 70 62 at
2629 1685 204 98 Byen

1149 1793 210 78 kunde
1393 1785 220 96 holdes
1637 1803 146 60 reen
1817 1787 202 92 endog
2043 1803 134 74 paa
2205 1789 76 82 de
2305 1781 198 90 Tider
2549 1805 164 58 naar
2731 1791 102 76 der

1149 1879 204 108 falder
1385 1885 186 96 meest
1605 1879 456 86 Renavation.

1347 2073 140 102 Jeg
1519 2077 122 98 har
1691 2081 122 76 talt
1867 2093 190 80 noget
2105 2093 110 64 om
2257 2069 204 90 Snee
2505 2073 318 100 Kiørfelen

1151 2201 150 62 men
1331 2199 90 58 nu
1465 2175 188 96 synes
1683 2177 130 94 mig
1837 2175 100 96 jeg
1969 2175 118 94 har
2113 2181 196 88 glemt
2337 2195 190 78 noget
2541 2229 22 44 ,
2597 2187 100 74 det
2713 2179 84 94 ffa-

1149 2285 112 76 der
1293 2277 100 78 vel
1433 2275 52 78 ei
1507 2289 72 64 ar
1599 2273 100 94 jeg
1733 2275 218 94 herom
1995 2273 162 96 igien
2205 2273 246 80 aabner
2465 2279 166 76 mine
2657 2275 140 88 Tan-

1143 2377 138 94 ker;
1309 2371 160 84 Der
1487 2377 106 76 der
1613 2371 172 96 giver
1801 2371 128 94 mig
1951 2369 368 98 Anledning
2343 2375 184 78 dertil
2547 2393 62 58 er
2631 2373 190 96 dajeg

1149 2491 172 68 troer
1349 2471 66 78 vi
1445 2463 118 100 stal
1583 2491 92 58 nu
1701 2467 176 94 snart
1909 2465 360 98 haveTøe,
2325 2469 336 98 hvorledes
2683 2493 146 58 mon

1145 2577 92 76 da
1255 2567 392 84 voreGader
1669 2569 86 78 vil
1769 2567 194 78 bliver
1979 2567 332 96 gangbare
2327 2575 140 72 eller
2483 2567 258 98 muelige
2759 2583 70 64 at

1137 2669 622 98 jgiennemvandre?
1813 2663 184 82 Mon
2029 2661 492 98 Borgerffabet
2551 2667 148 94 hver
2733 2661 98 98 for

1141 2771 100 88 sin
1273 2761 178 86 Der
1483 2761 88 80 vil
1601 2769 138 74 lade
1767 2767 100 74 det
1885 2759 74 92 af
1977 2761 250 82 Gaden
2247 2763 292 96 ophugge
2563 2785 76 74 og
2661 2765 144 78 bort-

1133 2863 144 96 føre
1297 2867 34 74 ?
1389 2867 144 74 eller
1567 2881 156 60 mon
1755 2859 448 108 Magistraten
2239 2861 88 78 vil
2355 2861 242 96 ligesom
2621 2861 18 74 i
2675 2859 156 96 Flor

1141 2969 148 76 lade
1323 2965 104 74 der
1457 2975 147 80 raa
1631 2939 528 116 Huus-Eierens
2189 2953 400 98 Bekostning
2623 2953 174 94 besor-

1129 3081 80 76 ge
1253 3057 314 82 bortkiorr
1631 3061 144 74 med
1833 3055 182 80 leiede
2071 3047 300 102 Vogne,
2425 3055 202 92 »hvad
2685 3053 114 84 Re-

1133 3157 364 82 novations
1537 3145 280 104 Cassens
1859 3149 250 100 Vegne
2127 3151 48 80 ei
2193 3151 122 80 kan
2339 3139 298 104 bestride?
2667 3143 164 92 Det

1129 3251 196 100 forste
1357 3269 168 62 troer
1563 3251 98 96 jeg
1707 3251 206 96 aldrig
1975 3251 192 78 bliver
2219 3245 422 100 almindeligt,
2721 3269 108 60 om

1137 3351 326 98 endffionc
1489 3355 180 94 nogle
1715 3347 148 102 faae
1927 3349 140 86 ville
2113 3365 160 68 være
2313 3345 240 98 villige,
2627 3347 202 92 altsaa
