3201 4637
1312 534 91 82 18

1306 726 238 78 vildere
1598 728 78 66 at
1710 710 394 83 anmærkes:
2156 716 118 76 end
2316 728 72 65 at
2426 715 102 76 det
2576 708 128 98 ofte
2746 713 244 98 hænder

1309 870 120 94 sig,
1471 877 74 64 at
1587 878 170 63 naar
1797 863 76 78 de
1894 857 267 99 begjære
2188 855 141 99 friss
2354 856 129 85 Øll
2507 862 70 76 til
2605 864 180 76 deres
2812 857 163 101 Paa-

1311 1012 135 93 fæt,
1492 1025 72 64 at
1599 1012 75 76 de
1705 1002 145 100 faae
1885 1001 101 99 for
2013 1000 139 98 fuld
2179 1003 321 96 Betaling
2528 1002 80 96 af
2621 1010 121 76 den
2771 1003 209 97 Bryg-

1317 1160 156 91 ning
1518 1153 167 97 Øll,
1744 1154 137 91 fom
1926 1152 197 94 siden,
2167 1170 166 58 naar
2376 1153 103 78 det
2514 1151 197 95 haver
2745 1147 266 101 afkastet

1315 1306 105 98 sin
1437 1301 219 96 Gjær,
1681 1300 199 80 bliver
1905 1294 355 98 formedelst
2277 1302 143 74 dets
2437 1294 283 98 Barhed
2737 1301 139 76 eller
2893 1316 89 65 an-

1316 1456 127 76 den
1482 1446 309 97 betydelig
1830 1441 161 102 Feyl
2034 1439 219 96 nedsat
2300 1443 115 79 udi
2456 1443 95 94 sin
2594 1440 241 99 Priis;
2886 1440 125 99 Og

1319 1604 135 87 dog
1505 1591 179 98 faaer
1727 1588 851 87 Brændeviinsbrænderen
2619 1585 125 81 ikke
2785 1586 233 93 tilbage

1326 1750 109 76 det
1496 1739 139 96 som
1690 1742 139 96 han
1890 1739 199 89 haver
2146 1735 195 79 betalt
2382 1751 153 62 over
2574 1730 229 88 Øllets
2846 1732 171 96 siden

1331 1888 355 96 befundene
1727 1884 275 92 Værd,
2045 1901 145 60 men
2227 1878 275 94 foruden
2539 1896 75 62 at
2657 1882 131 91 han
2829 1895 189 63 maae

1330 2038 197 80 betale
1586 2039 121 75 den
1768 2026 217 96 Kraft
2036 2047 83 74 og
2176 2025 269 93 Kjærne
2498 2023 135 93 som
2708 2025 131 96 han
2894 2020 127 82 ikke

1327 2182 205 96 faaer,
1577 2196 189 60 maae
1807 2175 133 88 han
1979 2178 205 87 endog
2223 2168 179 97 oftest
2439 2169 145 80 tabe
2617 2170 95 94 sin
2749 2167 273 98 Fordeel

1332 2334 121 74 ved
1494 2325 295 93 Brugen
1828 2317 81 95 af
1941 2316 274 94 saadant
2260 2316 290 79 bedervet
2582 2312 169 95 Øll,
2796 2310 230 90 hvilket

1331 2476 143 98 han
1509 2471 125 78 ikke
1671 2468 124 80 kan
1831 2465 237 92 kjende,
2107 2483 83 74 og
2229 2458 212 97 derfor
2479 2460 366 80 desmindre
2869 2459 154 78 veed

1334 2636 74 64 at
1458 2633 192 80 vogte
1706 2616 95 95 sig
1858 2606 255 99 derfor,
2154 2613 136 75 eller
2338 2608 200 95 bruge
2580 2602 444 104 Præservativ

1337 2767 335 91 derimod,
1711 2762 20 78 i
1771 2755 136 100 fald
1947 2762 110 80 der
2095 2777 66 60 er
2199 2774 224 74 nogen.

1561 3087 143 101 Ja!
1769 3089 105 76 det
1925 3098 63 64 er
2051 3099 80 60 en
2189 3079 367 93 almindelig
2609 3094 79 73 og
2749 3073 282 94 gammel

1342 3234 225 95 Klage
1624 3230 81 98 af
1740 3224 881 91 Brændeviinsbrænderne,
2682 3233 72 62 at
2796 3233 234 76 mange

1343 3380 81 96 af
1459 3387 142 72 dem
1645 3380 166 88 have
1851 3374 142 85 tabt
2035 3371 292 95 anfeeligt
2363 3369 110 80 udi
2509 3373 176 75 deres
2717 3356 310 98 Velfærd

1342 3522 102 100 for
1506 3529 100 78 det
1660 3521 278 96 nedsatte
1994 3516 172 89 Ølls
2226 3516 284 95 Skyld;
2582 3510 94 100 thi
2718 3528 166 63 naar
2928 3512 100 74 det

2891 3656 142 79 end-
