3015 4524
1298 757 80 104 b)
1429 751 327 100 Betreffer
1792 753 396 93 Nedsættelse
2230 780 134 68 paa
2408 758 312 84 Auctions
2742 762 152 86 Sa»

1438 880 240 78 larium
1718 873 80 94 af
1830 882 74 74 de
1944 876 436 84 Kiobmands
2426 878 291 98 Vahre,
2768 880 124 92 som

1439 1000 24 80 i
1501 1002 158 94 store
1701 999 276 102 Partier
2015 995 336 100 afhændes
2389 1008 118 76 ved
2553 999 298 86 Aucuon.

1378 1196 792 99 Kiøbmands-Vahre,
2246 1197 198 85 Guld
2516 1221 82 74 og
2658 1197 240 97 Sølv',

1222 1321 205 92 haver
1462 1324 23 78 i
1522 1328 121 74 den
1686 1319 135 88 Tid
1864 1320 437 95 Magistraten
2338 1320 213 82 tilkom
2574 1317 325 86 Auctions

1219 1439 422 88 Salarium,
1703 1456 192 60 været
1943 1460 132 70 paa
2129 1437 376 96 Ansøgning
2553 1445 346 75 modereret

1221 1565 75 76 til
1333 1589 43 46 2
1423 1580 119 72 pro
1583 1560 251 88 Eemo,
1889 1578 147 58 men
2093 1563 119 74 den
2263 1556 291 95 anseelige
2607 1558 263 92 Nedsæt-

1216 1681 178 98 telse,
1434 1680 136 94 som
1612 1678 106 97 her
1760 1697 136 74 paa
1938 1674 714 91 Kiøbmands-Vahre
2688 1673 20 75 i
2744 1676 156 90 store

1218 1799 355 84 Summer
1624 1817 67 60 er
1742 1807 381 84 proponeret
2192 1811 79 75 og
2330 1791 323 98 udvirket;
2728 1790 171 92 viiser

1219 1941 76 76 Ly
1333 1924 230 76 alleene
1599 1933 72 64 at
1713 1921 122 76 den
1879 1932 118 74 nye
2037 1910 364 95 Magistrat
2439 1930 70 73 ey
2555 1909 196 96 haver
2789 1930 78 58 no-

1218 2059 106 78 get
1366 2038 220 98 deraf,
1652 2057 146 58 men
1858 2036 204 91 endog
2104 2045 70 64 at
2213 2027 327 83 Stadens
2571 2029 325 96 Intrader

1212 2153 104 92 (til
1338 2160 202 95 hvilke
1562 2162 160 76 dette
1746 2152 380 84 Salarium
2152 2153 122 78 den
2298 2146 152 90 Tiid
2480 2161 118 68 var
2620 2149 278 100 henlagt)

1213 2291 130 92 har
1381 2296 272 66 maaitet
1681 2277 162 94 bøye
1881 2272 212 84 Knæe
2119 2267 104 100 for
2241 2268 446 100 Grossererens
2703 2266 168 98 Inte-

1213 2409 167 98 resse.
1485 2401 371 96 Mærkeligt
1901 2422 63 58 er
2021 2404 103 73 det
2183 2397 227 95 tillige,
2459 2409 69 64 at
2581 2393 193 86 Guld
2813 2416 81 76 og

1216 2531 212 84 Sølv
1482 2546 64 60 er
1606 2523 122 82 ikke
1778 2520 302 95 nedsadt,
2136 2541 82 74 og
2276 2522 170 76 uden
2502 2507 392 102 Nedsættelse

1206 2659 181 76 lader
1422 2650 123 78 ikke
1580 2669 209 74 nogen
1832 2644 259 95 frivillig
2134 2643 177 95 sælge
2352 2646 141 87 det,
2550 2657 81 78 og
2670 2639 225 83 betaler

1211 2801 52 70 4
1285 2795 122 74 pro
1433 2770 152 84 Cto.
1615 2762 778 94 Auctions-Salarium,
2433 2756 254 99 følgelig
2713 2780 182 62 maae

1205 2899 205 84 Guld
1452 2912 82 78 og
1569 2888 207 85 Sølv
1819 2884 265 100 herefter
2127 2885 163 78 blive
2328 2904 74 60 en
2443 2879 255 95 Artikel,
2739 2878 159 98 som,

1208 3023 112 96 faa
1364 3025 200 85 længe
1600 3010 446 97 Reglementet
2103 3011 209 93 saaer
2356 3006 110 80 udi
2518 3005 94 96 sin
2654 3000 236 102 Kraft,

1205 3143 126 80 ikke
1371 3141 282 79 kommer
1699 3139 172 86 (med
1913 3134 248 79 mindre
2205 3137 100 74 det
2341 3126 120 80 kan
2499 3143 162 62 være
2703 3146 188 74 pant«

1205 3259 185 96 fadt,
1457 3280 81 74 og
1597 3279 71 74 ey
1729 3253 81 98 af
1855 3251 470 103 Pantsætteren
2381 3246 194 80 bliver
2627 3245 265 97 indløst)

1202 3375 268 105 frivillig
1522 3380 76 96 sil
1662 3375 284 84 Auction
2006 3372 130 94 som
2192 3367 256 98 forhen,
2510 3361 220 96 efterdi
2790 3368 100 76 det

1202 3519 93 64 nu
1338 3496 415 106 profitablere
1794 3499 123 82 kan
1956 3494 213 95 sælges
2208 3491 531 93 underhaanden.

2085 3679 38 76 3
2755 3646 136 94 Dl-
