3302 4673
1502 746 112 72 Det
1648 724 250 95 Slags
1928 713 212 88 Sæd.
2263 711 144 100 Jeg
2456 726 208 72 troede
2696 720 18 78 i
2744 708 356 111 Henseende
3130 727 66 84 til

1508 861 294 98 Mangel
1832 871 134 97 passe
1983 848 244 102 Penge
2314 872 82 74 vg
2412 856 74 72 de
2514 852 256 100 Klager
2788 876 150 64 over
2954 857 222 102 Fattig-

1506 1008 205 81 Dom,
1794 1003 74 68 at
1912 995 100 72 det
2044 983 102 98 gik
2182 983 166 82 mine
2394 984 469 100 Landsmænd,
2930 997 132 92 som
3102 1001 96 74 det

1515 1145 202 85 gaaer
1747 1123 122 96 oste
1901 1118 394 93 Mennesker-,
2351 1124 264 96 nemlig:
2687 1138 70 66 at
2787 1144 158 65 man
2979 1129 222 94 sjelden

1511 1288 70 60 er
1613 1259 296 101 fornsiet,
1967 1277 84 74 og
2085 1259 158 76 altid
2277 1251 250 101 klager;
2579 1256 98 98 jeg
2705 1276 230 67 meente
2965 1259 236 100 derfor,

1509 1406 106 76 det
1645 1417 124 60 var
1801 1393 140 78 min
1969 1387 198 100 Pligt
2201 1403 72 64 at
2323 1390 284 96 iagttage
2633 1394 164 80 mine
2829 1369 344 128 Forretnin-

1513 1554 144 80 ger,
1515 1554 144 80 ger,
1725 1531 150 78 bede
1905 1521 172 84 Gud
2127 1523 138 98 give
2299 1520 242 84 Landet
2575 1522 206 100 Fred,
2833 1550 80 77 og
2943 1545 68 68 at
3035 1531 140 98 Jor-

1511 1678 125 72 den
1683 1675 251 70 maatte
1981 1659 139 96 give
2165 1659 93 92 sin
2305 1652 293 100 Afgrøde
2641 1660 69 78 til
2757 1658 213 88 Brød
3013 1663 97 96 for
3133 1673 71 76 de

1514 1799 386 103 Hungrige.
2004 1795 128 80 Udi
2162 1801 198 73 denne
2394 1790 228 92 Tanke
2658 1794 134 82 blev
2820 1798 96 95 jeg
2949 1797 109 91 saa
3086 1819 116 60 me,

1516 1954 104 84 get
1666 1951 166 64 mere
1878 1925 338 96 bestyrket,
2264 1927 129 91 som
2430 1930 100 94 jeg
2560 1928 138 82 blev
2730 1948 184 77 vaer,
2966 1928 207 96 hverke-

1510 2073 243 79 dessen
1510 2082 124 72 des
1680 2089 74 58 en
1792 2061 316 104 herskende
2164 2059 406 95 Misundelse
2614 2060 252 90 forledte
2914 2087 70 60 en
3024 2067 178 86 Deel

1508 2201 440 87 Skribentere
1978 2193 76 94 af
2082 2193 364 98 Patriotisk
2484 2194 378 94 Nidkieched
2902 2215 70 64 at
2998 2201 204 96 ønffe,

1509 2358 74 62 at
1619 2346 72 73 de
1721 2335 72 96 af
1824 2331 287 84 Landets
2136 2326 461 100 Indbyggere,
2655 2338 102 72 der
2790 2330 197 98 havde
3015 2351 182 80 noget

1509 2474 270 93 tilbage,
1833 2481 248 68 maatte
2119 2473 198 74 vorde
2353 2464 374 90 forarmede.
2881 2464 170 83 Men
3085 2477 108 72 ved

1507 2614 132 84 det,
1675 2619 108 66 ver
1813 2599 236 84 udkom
2083 2615 58 62 et
2171 2600 452 94 allernaadigst
2653 2596 310 100 Forbud,
3013 2617 68 62 at
3111 2603 78 78 in»

1507 2764 120 76 gen
1663 2757 250 64 maatte
1943 2737 252 78 brænde
2230 2731 442 117 Brændeviin
2701 2730 272 101 afRug,
3027 2735 164 96 herte

1503 2876 97 96 jeg
1635 2884 70 69 de
1739 2871 258 100 Fattige
2029 2891 80 74 og
2131 2867 352 101 Hungrige
2521 2866 116 100 (thi
2667 2868 230 98 visselig
2931 2889 92 60 ere
3061 2871 128 94 flere

1502 3030 100 62 nu
1648 3007 78 94 af
1762 3015 102 72 det
1894 3003 246 96 Slags
2174 3017 118 68 end
2336 3012 70 72 de
2438 3022 170 76 troe,
2660 3010 106 74 der
2794 3002 150 81 intet
2978 3023 184 76 mang-

1502 3142 118 96 ler)
1654 3147 156 90 sige:
1858 3137 176 86 Gud
2056 3157 166 62 være
2256 3141 144 79 lov!
2470 3158 88 62 nu
2592 3136 122 82 kan
2746 3138 64 76 vi
2838 3134 142 94 faae
3008 3135 178 98 Rug,

1498 3296 88 74 og
1628 3280 184 77 bedre
1852 3273 190 82 Kiob
2090 3293 136 76 paa
2276 3283 162 87 den;
2512 3272 66 94 ja
2616 3272 176 94 sagde
2818 3288 74 60 en
2930 3269 258 94 Bonde,

1498 3426 72 62 m
1604 3428 44 58 n
1694 3429 92 60 nu
1828 3411 290 78 brænder
2166 3419 72 66 de
2256 3403 284 101 Bygget
2570 3422 134 76 op,
2776 3422 82 76 og
2890 3402 160 89 hvor
3082 3401 108 96 stal

1490 3542 103 100 Di,
1646 3538 131 101 fom
1822 3541 123 100 har
1996 3539 155 100 solgt
2202 3541 103 98 for
2354 3554 203 84 meget
2604 3532 75 100 af
2718 3542 101 78 det
2862 3534 329 95 Slagstil

2909 3669 282 88 Skatter
