2947 4561
127 753 294 98 ligheden
462 740 120 123 selv
673 765 70 62 ar
785 751 118 78 den
947 748 174 96 stolte
1165 747 320 98 Brygger
1525 748 120 98 stal
1701 751 114 82 udi

128 901 100 96 sin
272 892 256 100 Carosse
580 889 260 98 fortjene
912 890 230 98 ligesaa
1212 911 238 81 meget,
1506 894 134 96 som
1700 903 120 76 den

130 1042 452 92 arbejdsomme
648 1037 322 99 Brygger
1030 1060 132 72 paa
1198 1043 130 90 sine
1370 1041 206 99 Lofter
1622 1064 82 77 og
1744 1065 44 60 u-

121 1193 66 80 di
241 1193 78 95 sit
375 1185 414 98 Bryghmis.
927 1184 160 86 Det
1143 1185 122 82 kan
1325 1189 22 76 i
1407 1190 146 96 visse
1595 1189 224 82 Maa-·

295 1332 220 94 ansees
571 1329 106 98 for
719 1347 56 66 et
803 1329 332 101 Indbrud
1189 1335 112 80 udi
1345 1330 446 105 Retfærdighe-

122 1487 162 93 den,
327 1495 169 67 naar
538 1484 122 77 den
724 1478 430 99 vindffibelige
1211 1479 125 96 skal
1396 1480 252 100 straffes
1706 1487 116 80 udi

125 1631 99 94 sin
262 1625 284 95 Næring
594 1649 82 70 og
736 1624 358 100 Levebrød,
1157 1625 171 98 fordi
1408 1632 122 80 den
1605 1632 221 98 stolte,

123 1781 128 76 den
295 1772 164 84 Lade
497 1792 82 77 og
623 1773 210 96 dorffe
871 1772 122 96 skal
1033 1794 82 77 og
1159 1779 146 78 leve.

342 1970 201 96 Intet
582 1991 65 60 er
688 1976 436 92 unaturligere
1164 1981 121 74 end
1324 1991 73 65 at
1436 1976 218 96 betage
1692 1981 122 76 den

116 2115 264 102 Flittige
422 2136 80 76 og
542 2114 310 99 Kyndige
896 2122 118 76 den
1058 2118 326 99 Leylighed
1432 2122 132 100 han
1606 2127 176 91 gand-

117 2263 92 96 fle
247 2266 119 92 vist
407 2262 166 82 vilde
611 2263 184 96 gjore
829 2263 92 99 sig
961 2260 79 98 af
1067 2266 78 95 sit
1183 2265 386 103 Videnskab
1611 2288 82 77 og
1733 2265 83 100 af

119 2409 134 96 sine
291 2414 224 88 øvrige
551 2413 288 76 nærende
881 2406 420 101 Egenffaber.

356 2586 272 94 Enhver
666 2589 188 98 flittig
898 2610 80 74 og
1036 2594 414 96 omgjengelig
1494 2592 322 101 Brygger

118 2733 218 98 onffer
374 2732 214 96 derfor
626 2737 20 78 i
681 2733 305 103 Hjerter,
1032 2760 106 59 om
1182 2759 70 76 ey
1294 2748 140 74 med
1474 2738 340 101 Munden,

119 2895 74 64 at
231 2879 344 99 Ligningen
619 2897 243 65 maatte
913 2884 282 99 ophore;
1267 2885 272 93 Enhver
1599 2895 214 74 anden

118 3027 325 97 Brygger
490 3048 81 75 og
610 3027 445 101 Jndvaaner,
1100 3030 133 95 som
1274 3033 123 80 ikke
1456 3034 199 96 haver
1710 3041 73 76 de-

124 3183 106 68 res
298 3175 364 96 hemmelige
746 3173 188 85 Snit
990 3184 118 74 ved
1166 3177 380 99 Ligningen,
1599 3180 216 96 ønsker

121 3323 107 76 der
265 3317 271 99 samme,
573 3319 127 98 Og
743 3327 101 76 det
905 3344 63 58 er
1023 3328 197 77 allene
1259 3329 117 76 den
1417 3330 209 94 stolte,
1683 3335 121 76 den

121 3466 302 94 magelige
447 3488 76 76 og
549 3467 500 99 uomgjengelige
1085 3470 356 100 Brygger,
1487 3472 128 94 som
1661 3483 146 74 med

122 3609 191 98 begge
352 3610 263 102 Fødder
652 3617 281 98 stamper
978 3622 300 79 derimod.

888 3714 66 92 A
998 3740 50 70 4
1636 3722 174 87 Ved
