2996 4637
154 1356 331 332 Sde
529 1404 190 78 ældre
752 1399 239 93 Tider,
1030 1400 89 78 da
1150 1393 289 97 Dyrene
1478 1388 207 80 kunde
1726 1389 129 75 tale

460 1543 82 73 og
585 1520 231 96 ffrive,
876 1539 80 74 og
997 1518 211 96 havde
1247 1514 295 76 indrettet
1583 1507 267 78 imellem

450 1643 95 93 sig
587 1658 78 60 en
709 1632 448 99 uindskrænket
1198 1629 375 83 Eenevølds
1618 1623 207 97 Regje-

162 1763 190 94 rings
375 1758 235 101 Form,
649 1755 165 96 samt
850 1759 72 76 til
958 1761 122 73 den
1099 1751 191 86 Ende
1327 1751 213 88 havde
1574 1746 282 96 ophøyet

159 1884 218 85 Løven
451 1901 82 76 og
605 1880 174 88 hans
841 1872 480 92 Descendenter
1381 1871 70 78 til
1523 1865 328 94 bestandig

162 2000 276 99 Herffer
492 2019 82 73 og
626 1996 244 94 øverste
904 1991 350 85 Dommer
1316 2009 152 59 over
1524 1994 76 75 de
1652 1992 202 72 andre

157 2118 215 101 Dyr,
425 2123 166 94 store
623 2137 83 74 og
747 2113 231 96 smaa,
1037 2112 250 98 hændte
1325 2110 104 81 det
1471 2112 133 93 sig,
1663 2124 72 64 at
1775 2128 76 57 en

158 2247 191 97 fattig
380 2240 258 87 Bævér
676 2243 122 72 ved
840 2252 56 64 et
934 2231 281 101 offentlig
1238 2229 245 97 Skrift
1522 2237 330 91 opdagede

157 2362 309 97 adskillige
523 2355 329 85 Uordener
917 2377 81 73 og
1057 2354 399 95 Vedtægter
1525 2356 209 79 iblant
1791 2375 61 58 er

158 2487 111 78 vis
304 2481 307 83 Societet
648 2475 81 98 af
760 2480 207 87 Ulve,
1010 2474 137 90 som
1188 2473 213 89 havde
1438 2470 387 96 sammensve-

157 2619 101 67 ret
295 2603 93 97 sig
429 2615 71 64 at
541 2598 167 79 vilde
745 2603 133 71 leve
915 2607 135 78 paa
1089 2598 75 75 de
1205 2594 203 79 andre
1445 2592 221 97 Dyrs
1705 2590 123 85 Be-

158 2718 329 99 kostning;
538 2728 83 84 og
672 2735 131 76 paa
860 2720 103 73 der
1022 2716 181 76 deres
1258 2704 333 102 Eenighed
1648 2711 211 95 ffulde

159 2859 173 60 være
385 2829 89 98 af
511 2834 375 97 des'større
923 2829 409 98 Varighed,
1391 2831 335 93 beffuttede
1779 2836 77 73 de

162 2973 75 62 at
294 2958 161 78 deele
506 2951 229 83 Rovet
792 2955 139 76 med
990 2957 121 73 den
1172 2953 251 92 nøyeste
1462 2948 399 97 Accuratesse

161 3099 83 74 og
275 3067 273 103 Liighed.
643 3070 117 91 Til
797 3078 117 76 den
939 3071 191 85 Ende
1169 3070 343 97 forfattede
1555 3078 75 73 de
1675 3075 185 90 nogle

164 3193 273 86 Articler
504 3195 273 78 imellem
848 3192 143 95 sig,
1068 3188 135 92 som
1260 3196 75 74 de
1400 3187 313 94 forbandt
1764 3188 95 95 sig

169 3327 167 76 nøye
369 3324 73 64 at
479 3305 305 97 efterleve.
889 3305 173 82 Men
1105 3314 101 73 det
1230 3302 213 100 ikke-de
1479 3312 127 89 dog
1633 3310 201 76 under-

170 3428 197 92 tiden,
408 3441 71 64 at
516 3431 77 75 de
636 3428 163 93 store
840 3428 163 79 Ulve
1040 3429 165 76 aade
1248 3422 105 96 fra
1392 3429 75 78 de
1502 3424 233 94 smaae,
1778 3443 79 74 og

168 3535 277 99 saadant
501 3543 125 83 kan
679 3565 165 62 man
895 3543 123 82 ikke
1069 3542 113 96 saa
1224 3559 200 80 meget
1466 3549 202 76 undre
1707 3558 153 67 over

1656 3656 209 81 iblanr
