<?xml version="1.0" encoding="utf-8"?>
<alto xmlns="http://www.loc.gov/standards/alto/ns-v3#" xmlns:xs="http://www.w3.org/2001/XMLSchema-instance" xmlns:xlink="http://www.w3.org/1999/xlink">
	<Description>
		<MeasurementUnit>pixel</MeasurementUnit>
		<sourceImageInformation>
			<fileName>130017168372_1_008_002_012.tif</fileName>
		</sourceImageInformation>
		<OCRProcessing ID="OCR1">
			<ocrProcessingStep>
				<processingDateTime>2018-09-13</processingDateTime>
				<processingAgency>Zissor AS</processingAgency>
				<processingStepSettings>Combined OCR</processingStepSettings>
				<processingSoftware>
					<softwareCreator>Zissor AS</softwareCreator>
					<softwareName>ContentOCR-11; ContentOCR-Tesseract</softwareName>
					<softwareVersion>2.0.2; 2.0.0</softwareVersion>
					<applicationDescription>OCR Component for Zissor Content System</applicationDescription>
				</processingSoftware>
			</ocrProcessingStep>
		</OCRProcessing>
	</Description>
	<Styles>
		<TextStyle ID="STYLE1" FONTFAMILY="Arial" FONTSIZE="8" FONTSTYLE=""/>
		<TextStyle ID="STYLE2" FONTFAMILY="Arial" FONTSIZE="3" FONTSTYLE=""/>
		<TextStyle ID="STYLE3" FONTFAMILY="Arial" FONTSIZE="10.5" FONTSTYLE=""/>
		<TextStyle ID="STYLE4" FONTFAMILY="Arial" FONTSIZE="12" FONTSTYLE=""/>
		<TextStyle ID="STYLE5" FONTFAMILY="Arial" FONTSIZE="10.5" FONTSTYLE="italics"/>
	</Styles>
	<Layout>
		<Page ID="PAGE68" HEIGHT="4594" WIDTH="2940" PHYSICAL_IMG_NR="68" PROCESSING="OCR1" PC="0.78">
			<TopMargin HEIGHT="453" WIDTH="2940" HPOS="0" VPOS="0"/>
			<LeftMargin HEIGHT="3305" WIDTH="912" HPOS="0" VPOS="453"/>
			<RightMargin HEIGHT="3305" WIDTH="96" HPOS="2844" VPOS="453"/>
			<BottomMargin HEIGHT="834" WIDTH="2940" HPOS="0" VPOS="3760"/>
			<PrintSpace ID="PRINTSPACE1" HEIGHT="3305" WIDTH="1930" HPOS="913" VPOS="454">
				<ComposedBlock xs:type="ComposedBlockType" ID="ARTICLE108071" HEIGHT="3305" WIDTH="1930" HPOS="913" VPOS="454" xlink:type="simple">
					<TextBlock xs:type="TextBlockType" ID="ZONE1125994" HEIGHT="54" WIDTH="87" HPOS="1138" VPOS="473" xlink:type="simple">
						<TextLine ID="LINE1" HEIGHT="51" WIDTH="85" HPOS="1139" VPOS="474">
							<String ID="STRING1" STYLEREFS="STYLE1" HEIGHT="51" WIDTH="85" HPOS="1139" VPOS="474" CONTENT="10" WC="0.29" LANG="nob"/>
						</TextLine>
					</TextBlock>
					<TextBlock xs:type="TextBlockType" ID="ZONE1125995" HEIGHT="61" WIDTH="651" HPOS="1609" VPOS="454" xlink:type="simple">
						<TextLine ID="LINE2" HEIGHT="44" WIDTH="624" HPOS="1610" VPOS="467">
							<String ID="STRING2" STYLEREFS="STYLE2" HEIGHT="44" WIDTH="624" HPOS="1610" VPOS="467" CONTENT="Q" SUBS_TYPE="HypPart1" SUBS_CONTENT="QM" WC="0.53" LANG="dan"/>
							<HYP CONTENT="-"/>
						</TextLine>
						<TextLine ID="LINE3" HEIGHT="21" WIDTH="27" HPOS="1822" VPOS="477">
							<String ID="STRING3" STYLEREFS="STYLE2" HEIGHT="21" WIDTH="27" HPOS="1822" VPOS="477" CONTENT="M" SUBS_TYPE="HypPart2" SUBS_CONTENT="QM" WC="0.61" LANG="dan"/>
						</TextLine>
					</TextBlock>
					<TextBlock xs:type="TextBlockType" ID="ZONE1127621" HEIGHT="1605" WIDTH="1873" HPOS="970" VPOS="611" xlink:type="simple">
						<TextLine ID="LINE4" HEIGHT="124" WIDTH="1654" HPOS="1184" VPOS="629">
							<String ID="STRING4" STYLEREFS="STYLE3" HEIGHT="73" WIDTH="103" HPOS="1184" VPOS="639" CONTENT="18." WC="0.88" LANG="dan"/>
							<SP ID="SP1" WIDTH="56" HPOS="1287" VPOS="639"/>
							<String ID="STRING5" STYLEREFS="STYLE3" HEIGHT="99" WIDTH="234" HPOS="1343" VPOS="629" CONTENT="Ingen" WC="0.95" LANG="deu"/>
							<SP ID="SP2" WIDTH="40" HPOS="1577" VPOS="629"/>
							<String ID="STRING6" STYLEREFS="STYLE3" HEIGHT="92" WIDTH="166" HPOS="1617" VPOS="629" CONTENT="Tale" WC="0.75" LANG="deu"/>
							<SP ID="SP3" WIDTH="40" HPOS="1783" VPOS="629"/>
							<String ID="STRING7" STYLEREFS="STYLE3" HEIGHT="66" WIDTH="154" HPOS="1823" VPOS="655" CONTENT="maa" WC="0.83" LANG="deu"/>
							<SP ID="SP4" WIDTH="57" HPOS="1977" VPOS="655"/>
							<String ID="STRING8" STYLEREFS="STYLE3" HEIGHT="62" WIDTH="147" HPOS="2034" VPOS="664" CONTENT="over" WC="0.62" LANG="dan"/>
							<SP ID="SP5" WIDTH="47" HPOS="2181" VPOS="664"/>
							<String ID="STRING9" STYLEREFS="STYLE3" HEIGHT="81" WIDTH="208" HPOS="2228" VPOS="669" CONTENT="nogen" WC="0.75" LANG="dan"/>
							<SP ID="SP6" WIDTH="49" HPOS="2436" VPOS="669"/>
							<String ID="STRING10" STYLEREFS="STYLE3" HEIGHT="97" WIDTH="217" HPOS="2485" VPOS="656" CONTENT="holdes" WC="0.75" LANG="deu"/>
							<SP ID="SP7" WIDTH="44" HPOS="2702" VPOS="656"/>
							<String ID="STRING11" STYLEREFS="STYLE3" HEIGHT="62" WIDTH="92" HPOS="2746" VPOS="688" CONTENT="om" WC="0.39" LANG="deu"/>
						</TextLine>
						<TextLine ID="LINE5" HEIGHT="136" WIDTH="1813" HPOS="1020" VPOS="719">
							<String ID="STRING12" STYLEREFS="STYLE3" HEIGHT="102" WIDTH="302" HPOS="1020" VPOS="719" CONTENT="Dagen," WC="0.75" LANG="deu"/>
							<SP ID="SP8" WIDTH="56" HPOS="1322" VPOS="719"/>
							<String ID="STRING13" STYLEREFS="STYLE3" HEIGHT="58" WIDTH="144" HPOS="1378" VPOS="748" CONTENT="men" WC="0.99" LANG="deu"/>
							<SP ID="SP9" WIDTH="32" HPOS="1522" VPOS="748"/>
							<String ID="STRING14" STYLEREFS="STYLE3" HEIGHT="61" WIDTH="162" HPOS="1554" VPOS="748" CONTENT="naar" WC="0.81" LANG="deu"/>
							<SP ID="SP10" WIDTH="42" HPOS="1716" VPOS="748"/>
							<String ID="STRING15" STYLEREFS="STYLE3" HEIGHT="77" WIDTH="68" HPOS="1758" VPOS="737" CONTENT="de" WC="0.64" LANG="deu"/>
							<SP ID="SP11" WIDTH="36" HPOS="1826" VPOS="737"/>
							<String ID="STRING16" STYLEREFS="STYLE3" HEIGHT="101" WIDTH="310" HPOS="1862" VPOS="734" CONTENT="begraves" WC="0.71" LANG="dan"/>
							<SP ID="SP12" WIDTH="39" HPOS="2172" VPOS="734"/>
							<String ID="STRING17" STYLEREFS="STYLE3" HEIGHT="61" WIDTH="107" HPOS="2211" VPOS="768" CONTENT="om" WC="0.87" LANG="dan"/>
							<SP ID="SP13" WIDTH="32" HPOS="2318" VPOS="768"/>
							<String ID="STRING18" STYLEREFS="STYLE3" HEIGHT="107" WIDTH="315" HPOS="2350" VPOS="748" CONTENT="Aftenen," WC="0.88" LANG="dan"/>
							<SP ID="SP14" WIDTH="30" HPOS="2665" VPOS="748"/>
							<String ID="STRING19" STYLEREFS="STYLE3" HEIGHT="64" WIDTH="138" HPOS="2695" VPOS="782" CONTENT="maa" WC="0.51" LANG="deu"/>
						</TextLine>
						<TextLine ID="LINE6" HEIGHT="129" WIDTH="1810" HPOS="1023" VPOS="817">
							<String ID="STRING20" STYLEREFS="STYLE3" HEIGHT="100" WIDTH="336" HPOS="1023" VPOS="817" CONTENT="Præsten," WC="0.69" LANG="dan"/>
							<SP ID="SP15" WIDTH="56" HPOS="1359" VPOS="817"/>
							<String ID="STRING21" STYLEREFS="STYLE3" HEIGHT="74" WIDTH="18" HPOS="1415" VPOS="825" CONTENT="i" WC="0.66" LANG="dan"/>
							<SP ID="SP16" WIDTH="28" HPOS="1433" VPOS="825"/>
							<String ID="STRING22" STYLEREFS="STYLE3" HEIGHT="90" WIDTH="190" HPOS="1461" VPOS="828" CONTENT="stedet" WC="0.75" LANG="dan"/>
							<SP ID="SP17" WIDTH="26" HPOS="1651" VPOS="828"/>
							<String ID="STRING23" STYLEREFS="STYLE3" HEIGHT="97" WIDTH="100" HPOS="1677" VPOS="824" CONTENT="for" WC="0.6" LANG="dan"/>
							<SP ID="SP18" WIDTH="50" HPOS="1777" VPOS="824"/>
							<String ID="STRING24" STYLEREFS="STYLE3" HEIGHT="112" WIDTH="481" HPOS="1827" VPOS="831" CONTENT="Liigprædiken," WC="0.66" LANG="nob"/>
							<SP ID="SP19" WIDTH="83" HPOS="2308" VPOS="831"/>
							<String ID="STRING25" STYLEREFS="STYLE3" HEIGHT="95" WIDTH="180" HPOS="2391" VPOS="851" CONTENT="holde" WC="0.77" LANG="deu"/>
							<SP ID="SP20" WIDTH="47" HPOS="2571" VPOS="851"/>
							<String ID="STRING26" STYLEREFS="STYLE3" HEIGHT="62" WIDTH="73" HPOS="2618" VPOS="876" CONTENT="en" WC="1" LANG="dan"/>
							<SP ID="SP21" WIDTH="20" HPOS="2691" VPOS="876"/>
							<String ID="STRING27" STYLEREFS="STYLE3" HEIGHT="83" WIDTH="122" HPOS="2711" VPOS="859" CONTENT="kort" WC="0.61" LANG="dan"/>
						</TextLine>
						<TextLine ID="LINE7" HEIGHT="146" WIDTH="1815" HPOS="1015" VPOS="905">
							<String ID="STRING28" STYLEREFS="STYLE3" HEIGHT="94" WIDTH="165" HPOS="1015" VPOS="905" CONTENT="Tale" WC="0.6" LANG="dan"/>
							<SP ID="SP22" WIDTH="32" HPOS="1180" VPOS="905"/>
							<String ID="STRING29" STYLEREFS="STYLE3" HEIGHT="73" WIDTH="132" HPOS="1212" VPOS="937" CONTENT="paa" WC="0.64" LANG="dan"/>
							<SP ID="SP23" WIDTH="33" HPOS="1344" VPOS="937"/>
							<String ID="STRING30" STYLEREFS="STYLE3" HEIGHT="90" WIDTH="259" HPOS="1377" VPOS="914" CONTENT="Gulvet" WC="0.74" LANG="dan"/>
							<SP ID="SP24" WIDTH="52" HPOS="1636" VPOS="914"/>
							<String ID="STRING31" STYLEREFS="STYLE3" HEIGHT="60" WIDTH="146" HPOS="1688" VPOS="946" CONTENT="over" WC="0.6" LANG="dan"/>
							<SP ID="SP25" WIDTH="46" HPOS="1834" VPOS="946"/>
							<String ID="STRING32" STYLEREFS="STYLE3" HEIGHT="84" WIDTH="268" HPOS="1880" VPOS="936" CONTENT="deuuem" WC="0.63" LANG="dan"/>
							<SP ID="SP26" WIDTH="42" HPOS="2148" VPOS="936"/>
							<String ID="STRING33" STYLEREFS="STYLE3" HEIGHT="95" WIDTH="130" HPOS="2190" VPOS="939" CONTENT="som" WC="0.75" LANG="dan"/>
							<SP ID="SP27" WIDTH="44" HPOS="2320" VPOS="939"/>
							<String ID="STRING34" STYLEREFS="STYLE3" HEIGHT="78" WIDTH="18" HPOS="2364" VPOS="949" CONTENT="i" WC="1" LANG="dan"/>
							<SP ID="SP28" WIDTH="46" HPOS="2382" VPOS="949"/>
							<String ID="STRING35" STYLEREFS="STYLE3" HEIGHT="103" WIDTH="290" HPOS="2428" VPOS="948" CONTENT="Rangen" WC="0.88" LANG="dan"/>
							<SP ID="SP29" WIDTH="31" HPOS="2718" VPOS="948"/>
							<String ID="STRING36" STYLEREFS="STYLE3" HEIGHT="62" WIDTH="81" HPOS="2749" VPOS="978" CONTENT="ere" WC="0.8" LANG="dan"/>
						</TextLine>
						<TextLine ID="LINE8" HEIGHT="137" WIDTH="1818" HPOS="1011" VPOS="1009">
							<String ID="STRING37" STYLEREFS="STYLE3" HEIGHT="72" WIDTH="145" HPOS="1011" VPOS="1017" CONTENT="eller" WC="0.87" LANG="dan"/>
							<SP ID="SP30" WIDTH="27" HPOS="1156" VPOS="1017"/>
							<String ID="STRING38" STYLEREFS="STYLE3" HEIGHT="97" WIDTH="76" HPOS="1183" VPOS="1009" CONTENT="af" WC="0.94" LANG="dan"/>
							<SP ID="SP31" WIDTH="27" HPOS="1259" VPOS="1009"/>
							<String ID="STRING39" STYLEREFS="STYLE3" HEIGHT="100" WIDTH="197" HPOS="1286" VPOS="1013" CONTENT="Adel," WC="0.64" LANG="dan"/>
							<SP ID="SP32" WIDTH="59" HPOS="1483" VPOS="1013"/>
							<String ID="STRING40" STYLEREFS="STYLE3" HEIGHT="95" WIDTH="129" HPOS="1542" VPOS="1017" CONTENT="som" WC="0.62" LANG="dan"/>
							<SP ID="SP33" WIDTH="32" HPOS="1671" VPOS="1017"/>
							<String ID="STRING41" STYLEREFS="STYLE3" HEIGHT="90" WIDTH="120" HPOS="1703" VPOS="1031" CONTENT="dog" WC="0.59" LANG="dan"/>
							<SP ID="SP34" WIDTH="33" HPOS="1823" VPOS="1031"/>
							<String ID="STRING42" STYLEREFS="STYLE3" HEIGHT="83" WIDTH="121" HPOS="1856" VPOS="1028" CONTENT="ikke" WC="0.95" LANG="dan"/>
							<SP ID="SP35" WIDTH="30" HPOS="1977" VPOS="1028"/>
							<String ID="STRING43" STYLEREFS="STYLE3" HEIGHT="67" WIDTH="156" HPOS="2007" VPOS="1052" CONTENT="maa" WC="0.87" LANG="dan"/>
							<SP ID="SP36" WIDTH="34" HPOS="2163" VPOS="1052"/>
							<String ID="STRING44" STYLEREFS="STYLE3" HEIGHT="64" WIDTH="156" HPOS="2197" VPOS="1058" CONTENT="vare" WC="0.98" LANG="dan"/>
							<SP ID="SP37" WIDTH="30" HPOS="2353" VPOS="1058"/>
							<String ID="STRING45" STYLEREFS="STYLE3" HEIGHT="97" WIDTH="230" HPOS="2383" VPOS="1049" CONTENT="længer" WC="0.89" LANG="dan"/>
							<SP ID="SP38" WIDTH="38" HPOS="2613" VPOS="1049"/>
							<String ID="STRING46" STYLEREFS="STYLE3" HEIGHT="81" WIDTH="178" HPOS="2651" VPOS="1059" CONTENT="endet" WC="0.72" LANG="dan"/>
						</TextLine>
						<TextLine ID="LINE9" HEIGHT="130" WIDTH="1647" HPOS="1015" VPOS="1103">
							<String ID="STRING47" STYLEREFS="STYLE3" HEIGHT="100" WIDTH="389" HPOS="1015" VPOS="1103" CONTENT="Qvarteer," WC="0.65" LANG="dan"/>
							<SP ID="SP39" WIDTH="60" HPOS="1404" VPOS="1103"/>
							<String ID="STRING48" STYLEREFS="STYLE3" HEIGHT="57" WIDTH="107" HPOS="1464" VPOS="1136" CONTENT="om" WC="0.63" LANG="dan"/>
							<SP ID="SP40" WIDTH="34" HPOS="1571" VPOS="1136"/>
							<String ID="STRING49" STYLEREFS="STYLE3" HEIGHT="76" WIDTH="100" HPOS="1605" VPOS="1126" CONTENT="det" WC="0.64" LANG="dan"/>
							<SP ID="SP41" WIDTH="31" HPOS="1705" VPOS="1126"/>
							<String ID="STRING50" STYLEREFS="STYLE3" HEIGHT="95" WIDTH="76" HPOS="1736" VPOS="1122" CONTENT="af" WC="0.87" LANG="dan"/>
							<SP ID="SP42" WIDTH="27" HPOS="1812" VPOS="1122"/>
							<String ID="STRING51" STYLEREFS="STYLE3" HEIGHT="84" WIDTH="269" HPOS="1839" VPOS="1129" CONTENT="dennem" WC="0.84" LANG="dan"/>
							<SP ID="SP43" WIDTH="35" HPOS="2108" VPOS="1129"/>
							<String ID="STRING52" STYLEREFS="STYLE3" HEIGHT="97" WIDTH="233" HPOS="2143" VPOS="1136" CONTENT="begiert" WC="0.69" LANG="dan"/>
							<SP ID="SP44" WIDTH="38" HPOS="2376" VPOS="1136"/>
							<String ID="STRING53" STYLEREFS="STYLE3" HEIGHT="76" WIDTH="248" HPOS="2414" VPOS="1154" CONTENT="vorder." WC="0.69" LANG="deu"/>
						</TextLine>
						<TextLine ID="LINE10" HEIGHT="127" WIDTH="1666" HPOS="1161" VPOS="1208">
							<String ID="STRING54" STYLEREFS="STYLE3" HEIGHT="68" WIDTH="105" HPOS="1161" VPOS="1232" CONTENT="19." WC="0.9" LANG="dan"/>
							<SP ID="SP45" WIDTH="56" HPOS="1266" VPOS="1232"/>
							<String ID="STRING55" STYLEREFS="STYLE3" HEIGHT="101" WIDTH="376" HPOS="1322" VPOS="1208" CONTENT="Præsterne" WC="0.69" LANG="dan"/>
							<SP ID="SP46" WIDTH="20" HPOS="1698" VPOS="1208"/>
							<String ID="STRING56" STYLEREFS="STYLE4" HEIGHT="99" WIDTH="180" HPOS="1718" VPOS="1217" CONTENT="skulle" WC="0.82" LANG="dan"/>
							<SP ID="SP47" WIDTH="32" HPOS="1898" VPOS="1217"/>
							<String ID="STRING57" STYLEREFS="STYLE3" HEIGHT="100" WIDTH="160" HPOS="1930" VPOS="1224" CONTENT="kaste" WC="0.86" LANG="dan"/>
							<SP ID="SP48" WIDTH="34" HPOS="2090" VPOS="1224"/>
							<String ID="STRING58" STYLEREFS="STYLE3" HEIGHT="97" WIDTH="181" HPOS="2124" VPOS="1230" CONTENT="Jord" WC="0.61" LANG="dan"/>
							<SP ID="SP49" WIDTH="34" HPOS="2305" VPOS="1230"/>
							<String ID="STRING59" STYLEREFS="STYLE3" HEIGHT="75" WIDTH="130" HPOS="2339" VPOS="1260" CONTENT="paa" WC="0.99" LANG="dan"/>
							<SP ID="SP50" WIDTH="36" HPOS="2469" VPOS="1260"/>
							<String ID="STRING60" STYLEREFS="STYLE3" HEIGHT="77" WIDTH="70" HPOS="2505" VPOS="1249" CONTENT="de" WC="0.71" LANG="dan"/>
							<SP ID="SP51" WIDTH="43" HPOS="2575" VPOS="1249"/>
							<String ID="STRING61" STYLEREFS="STYLE3" HEIGHT="87" WIDTH="209" HPOS="2618" VPOS="1244" CONTENT="Døde" WC="0.65" LANG="dan"/>
						</TextLine>
						<TextLine ID="LINE11" HEIGHT="136" WIDTH="1821" HPOS="1001" VPOS="1310">
							<String ID="STRING62" STYLEREFS="STYLE3" HEIGHT="62" WIDTH="168" HPOS="1001" VPOS="1318" CONTENT="naar" WC="0.81" LANG="dan"/>
							<SP ID="SP52" WIDTH="30" HPOS="1169" VPOS="1318"/>
							<String ID="STRING63" STYLEREFS="STYLE3" HEIGHT="75" WIDTH="72" HPOS="1199" VPOS="1313" CONTENT="de" WC="0.99" LANG="dan"/>
							<SP ID="SP53" WIDTH="44" HPOS="1271" VPOS="1313"/>
							<String ID="STRING64" STYLEREFS="STYLE3" HEIGHT="61" WIDTH="94" HPOS="1315" VPOS="1326" CONTENT="ere" WC="0.87" LANG="dan"/>
							<SP ID="SP54" WIDTH="46" HPOS="1409" VPOS="1326"/>
							<String ID="STRING65" STYLEREFS="STYLE3" HEIGHT="103" WIDTH="309" HPOS="1455" VPOS="1310" CONTENT="hensatte," WC="0.61" LANG="dan"/>
							<SP ID="SP55" WIDTH="67" HPOS="1764" VPOS="1310"/>
							<String ID="STRING66" STYLEREFS="STYLE3" HEIGHT="74" WIDTH="142" HPOS="1831" VPOS="1326" CONTENT="eller" WC="0.91" LANG="dan"/>
							<SP ID="SP56" WIDTH="44" HPOS="1973" VPOS="1326"/>
							<String ID="STRING67" STYLEREFS="STYLE3" HEIGHT="78" WIDTH="18" HPOS="2017" VPOS="1325" CONTENT="i" WC="0.74" LANG="dan"/>
							<SP ID="SP57" WIDTH="38" HPOS="2035" VPOS="1325"/>
							<String ID="STRING68" STYLEREFS="STYLE3" HEIGHT="96" WIDTH="262" HPOS="2073" VPOS="1326" CONTENT="Jorden" WC="0.86" LANG="dan"/>
							<SP ID="SP58" WIDTH="49" HPOS="2335" VPOS="1326"/>
							<String ID="STRING69" STYLEREFS="STYLE3" HEIGHT="107" WIDTH="314" HPOS="2384" VPOS="1339" CONTENT="nedsatte," WC="0.76" LANG="dan"/>
							<SP ID="SP59" WIDTH="60" HPOS="2698" VPOS="1339"/>
							<String ID="STRING70" STYLEREFS="STYLE3" HEIGHT="74" WIDTH="64" HPOS="2758" VPOS="1368" CONTENT="og" WC="0.42" LANG="dan"/>
						</TextLine>
						<TextLine ID="LINE12" HEIGHT="128" WIDTH="1795" HPOS="1003" VPOS="1395">
							<String ID="STRING71" STYLEREFS="STYLE3" HEIGHT="93" WIDTH="145" HPOS="1003" VPOS="1395" CONTENT="hvis" WC="0.89" LANG="dan"/>
							<SP ID="SP60" WIDTH="38" HPOS="1148" VPOS="1395"/>
							<String ID="STRING72" STYLEREFS="STYLE3" HEIGHT="75" WIDTH="142" HPOS="1186" VPOS="1406" CONTENT="dem" WC="0.69" LANG="dan"/>
							<SP ID="SP61" WIDTH="38" HPOS="1328" VPOS="1406"/>
							<String ID="STRING73" STYLEREFS="STYLE3" HEIGHT="97" WIDTH="210" HPOS="1366" VPOS="1401" CONTENT="derfor" WC="0.68" LANG="dan"/>
							<SP ID="SP62" WIDTH="26" HPOS="1576" VPOS="1401"/>
							<String ID="STRING74" STYLEREFS="STYLE3" HEIGHT="95" WIDTH="378" HPOS="1602" VPOS="1414" CONTENT="godvilligen" WC="0.74" LANG="dan"/>
							<SP ID="SP63" WIDTH="32" HPOS="1980" VPOS="1414"/>
							<String ID="STRING75" STYLEREFS="STYLE3" HEIGHT="99" WIDTH="217" HPOS="2012" VPOS="1424" CONTENT="gives," WC="0.81" LANG="dan"/>
							<SP ID="SP64" WIDTH="60" HPOS="2229" VPOS="1424"/>
							<String ID="STRING76" STYLEREFS="STYLE3" HEIGHT="62" WIDTH="155" HPOS="2289" VPOS="1453" CONTENT="maa" WC="0.39" LANG="dan"/>
							<SP ID="SP65" WIDTH="22" HPOS="2444" VPOS="1453"/>
							<String ID="STRING77" STYLEREFS="STYLE3" HEIGHT="75" WIDTH="70" HPOS="2466" VPOS="1444" CONTENT="de" WC="0.71" LANG="dan"/>
							<SP ID="SP66" WIDTH="19" HPOS="2536" VPOS="1444"/>
							<String ID="STRING78" STYLEREFS="STYLE3" HEIGHT="59" WIDTH="243" HPOS="2555" VPOS="1462" CONTENT="annam" SUBS_TYPE="HypPart1" SUBS_CONTENT="annamme," WC="0.61" LANG="dan"/>
							<HYP CONTENT="-"/>
						</TextLine>
						<TextLine ID="LINE13" HEIGHT="137" WIDTH="1817" HPOS="999" VPOS="1501">
							<String ID="STRING79" STYLEREFS="STYLE3" HEIGHT="80" WIDTH="136" HPOS="999" VPOS="1509" CONTENT="me," SUBS_TYPE="HypPart2" SUBS_CONTENT="annamme," WC="0.62" LANG="dan"/>
							<SP ID="SP67" WIDTH="45" HPOS="1135" VPOS="1509"/>
							<String ID="STRING80" STYLEREFS="STYLE4" HEIGHT="63" WIDTH="193" HPOS="1180" VPOS="1511" CONTENT="enten" WC="0.9" LANG="dan"/>
							<SP ID="SP68" WIDTH="21" HPOS="1373" VPOS="1511"/>
							<String ID="STRING81" STYLEREFS="STYLE3" HEIGHT="74" WIDTH="69" HPOS="1394" VPOS="1504" CONTENT="de" WC="0.76" LANG="dan"/>
							<SP ID="SP69" WIDTH="32" HPOS="1463" VPOS="1504"/>
							<String ID="STRING82" STYLEREFS="STYLE3" HEIGHT="59" WIDTH="94" HPOS="1495" VPOS="1521" CONTENT="ere" WC="0.78" LANG="dan"/>
							<SP ID="SP70" WIDTH="19" HPOS="1589" VPOS="1521"/>
							<String ID="STRING83" STYLEREFS="STYLE3" HEIGHT="105" WIDTH="337" HPOS="1608" VPOS="1501" CONTENT="Kiobstæd" WC="0.53" LANG="dan"/>
							<SP ID="SP71" WIDTH="20" HPOS="1945" VPOS="1501"/>
							<String ID="STRING84" STYLEREFS="STYLE3" HEIGHT="74" WIDTH="140" HPOS="1965" VPOS="1522" CONTENT="eller" WC="0.86" LANG="dan"/>
							<SP ID="SP72" WIDTH="30" HPOS="2105" VPOS="1522"/>
							<String ID="STRING85" STYLEREFS="STYLE3" HEIGHT="107" WIDTH="342" HPOS="2135" VPOS="1520" CONTENT="Landsbye" WC="0.75" LANG="dan"/>
							<SP ID="SP73" WIDTH="34" HPOS="2477" VPOS="1520"/>
							<String ID="STRING86" STYLEREFS="STYLE3" HEIGHT="105" WIDTH="305" HPOS="2511" VPOS="1533" CONTENT="Præster," WC="0.76" LANG="dan"/>
						</TextLine>
						<TextLine ID="LINE14" HEIGHT="135" WIDTH="1818" HPOS="996" VPOS="1591">
							<String ID="STRING87" STYLEREFS="STYLE3" HEIGHT="61" WIDTH="153" HPOS="996" VPOS="1605" CONTENT="men" WC="0.88" LANG="dan"/>
							<SP ID="SP74" WIDTH="40" HPOS="1149" VPOS="1605"/>
							<String ID="STRING88" STYLEREFS="STYLE3" HEIGHT="97" WIDTH="380" HPOS="1189" VPOS="1591" CONTENT="ingenlunde" WC="0.76" LANG="dan"/>
							<SP ID="SP75" WIDTH="33" HPOS="1569" VPOS="1591"/>
							<String ID="STRING89" STYLEREFS="STYLE3" HEIGHT="63" WIDTH="157" HPOS="1602" VPOS="1619" CONTENT="maa" WC="0.88" LANG="dan"/>
							<SP ID="SP76" WIDTH="32" HPOS="1759" VPOS="1619"/>
							<String ID="STRING90" STYLEREFS="STYLE3" HEIGHT="75" WIDTH="70" HPOS="1791" VPOS="1610" CONTENT="de" WC="0.79" LANG="dan"/>
							<SP ID="SP77" WIDTH="33" HPOS="1861" VPOS="1610"/>
							<String ID="STRING91" STYLEREFS="STYLE3" HEIGHT="82" WIDTH="204" HPOS="1894" VPOS="1627" CONTENT="nogen" WC="0.8" LANG="dan"/>
							<SP ID="SP78" WIDTH="19" HPOS="2098" VPOS="1627"/>
							<String ID="STRING92" STYLEREFS="STYLE3" HEIGHT="109" WIDTH="325" HPOS="2117" VPOS="1612" CONTENT="forskrive," WC="0.8" LANG="dan"/>
							<SP ID="SP79" WIDTH="60" HPOS="2442" VPOS="1612"/>
							<String ID="STRING93" STYLEREFS="STYLE3" HEIGHT="95" WIDTH="170" HPOS="2502" VPOS="1631" CONTENT="hvad" WC="0.72" LANG="dan"/>
							<SP ID="SP80" WIDTH="16" HPOS="2672" VPOS="1631"/>
							<String ID="STRING94" STYLEREFS="STYLE3" HEIGHT="74" WIDTH="126" HPOS="2688" VPOS="1643" CONTENT="eller" WC="0.86" LANG="dan"/>
						</TextLine>
						<TextLine ID="LINE15" HEIGHT="148" WIDTH="1793" HPOS="990" VPOS="1681">
							<String ID="STRING95" STYLEREFS="STYLE3" HEIGHT="95" WIDTH="162" HPOS="990" VPOS="1681" CONTENT="hvor" WC="0.63" LANG="dan"/>
							<SP ID="SP81" WIDTH="36" HPOS="1152" VPOS="1681"/>
							<String ID="STRING96" STYLEREFS="STYLE3" HEIGHT="80" WIDTH="204" HPOS="1188" VPOS="1707" CONTENT="meget" WC="0.83" LANG="dan"/>
							<SP ID="SP82" WIDTH="30" HPOS="1392" VPOS="1707"/>
							<String ID="STRING97" STYLEREFS="STYLE3" HEIGHT="75" WIDTH="72" HPOS="1422" VPOS="1697" CONTENT="de" WC="0.65" LANG="dan"/>
							<SP ID="SP83" WIDTH="48" HPOS="1494" VPOS="1697"/>
							<String ID="STRING98" STYLEREFS="STYLE3" HEIGHT="81" WIDTH="138" HPOS="1542" VPOS="1696" CONTENT="ville" WC="0.92" LANG="dan"/>
							<SP ID="SP84" WIDTH="52" HPOS="1680" VPOS="1696"/>
							<String ID="STRING99" STYLEREFS="STYLE3" HEIGHT="93" WIDTH="158" HPOS="1732" VPOS="1700" CONTENT="have" WC="0.77" LANG="dan"/>
							<SP ID="SP85" WIDTH="47" HPOS="1890" VPOS="1700"/>
							<String ID="STRING100" STYLEREFS="STYLE3" HEIGHT="77" WIDTH="204" HPOS="1937" VPOS="1717" CONTENT="under" WC="0.78" LANG="dan"/>
							<SP ID="SP86" WIDTH="37" HPOS="2141" VPOS="1717"/>
							<String ID="STRING101" STYLEREFS="STYLE3" HEIGHT="76" WIDTH="179" HPOS="2178" VPOS="1723" CONTENT="deres" WC="0.72" LANG="dan"/>
							<SP ID="SP87" WIDTH="37" HPOS="2357" VPOS="1723"/>
							<String ID="STRING102" STYLEREFS="STYLE3" HEIGHT="93" WIDTH="229" HPOS="2394" VPOS="1720" CONTENT="Kalds" WC="0.78" LANG="dan"/>
							<SP ID="SP88" WIDTH="33" HPOS="2623" VPOS="1720"/>
							<String ID="STRING103" STYLEREFS="STYLE3" HEIGHT="100" WIDTH="127" HPOS="2656" VPOS="1729" CONTENT="For" SUBS_TYPE="HypPart1" SUBS_CONTENT="Fortabelse." WC="0.31" LANG="dan"/>
							<HYP CONTENT="-"/>
						</TextLine>
						<TextLine ID="LINE16" HEIGHT="138" WIDTH="1825" HPOS="987" VPOS="1781">
							<String ID="STRING104" STYLEREFS="STYLE3" HEIGHT="94" WIDTH="242" HPOS="987" VPOS="1781" CONTENT="tabelse." SUBS_TYPE="HypPart2" SUBS_CONTENT="Fortabelse." WC="0.79" LANG="dan"/>
							<SP ID="SP89" WIDTH="106" HPOS="1229" VPOS="1781"/>
							<String ID="STRING105" STYLEREFS="STYLE3" HEIGHT="100" WIDTH="136" HPOS="1335" VPOS="1785" CONTENT="For" WC="0.41" LANG="dan"/>
							<SP ID="SP90" WIDTH="34" HPOS="1471" VPOS="1785"/>
							<String ID="STRING106" STYLEREFS="STYLE3" HEIGHT="98" WIDTH="264" HPOS="1505" VPOS="1790" CONTENT="Jorden" WC="0.76" LANG="dan"/>
							<SP ID="SP91" WIDTH="30" HPOS="1769" VPOS="1790"/>
							<String ID="STRING107" STYLEREFS="STYLE3" HEIGHT="76" WIDTH="196" HPOS="1799" VPOS="1806" CONTENT="allene" WC="1" LANG="nob"/>
							<SP ID="SP92" WIDTH="41" HPOS="1995" VPOS="1806"/>
							<String ID="STRING108" STYLEREFS="STYLE3" HEIGHT="61" WIDTH="69" HPOS="2036" VPOS="1825" CONTENT="at" WC="0.71" LANG="dan"/>
							<SP ID="SP93" WIDTH="45" HPOS="2105" VPOS="1825"/>
							<String ID="STRING109" STYLEREFS="STYLE3" HEIGHT="102" WIDTH="338" HPOS="2150" VPOS="1817" CONTENT="paakaste," WC="0.79" LANG="dan"/>
							<SP ID="SP94" WIDTH="74" HPOS="2488" VPOS="1817"/>
							<String ID="STRING110" STYLEREFS="STYLE3" HEIGHT="62" WIDTH="154" HPOS="2562" VPOS="1847" CONTENT="maa" WC="0.93" LANG="dan"/>
							<SP ID="SP95" WIDTH="32" HPOS="2716" VPOS="1847"/>
							<String ID="STRING111" STYLEREFS="STYLE3" HEIGHT="77" WIDTH="64" HPOS="2748" VPOS="1838" CONTENT="de" WC="0.67" LANG="dan"/>
						</TextLine>
						<TextLine ID="LINE17" HEIGHT="151" WIDTH="1826" HPOS="983" VPOS="1873">
							<String ID="STRING112" STYLEREFS="STYLE3" HEIGHT="84" WIDTH="157" HPOS="983" VPOS="1873" CONTENT="intet" WC="0.71" LANG="dan"/>
							<SP ID="SP96" WIDTH="36" HPOS="1140" VPOS="1873"/>
							<String ID="STRING113" STYLEREFS="STYLE3" HEIGHT="82" WIDTH="144" HPOS="1176" VPOS="1896" CONTENT="tage" WC="0.88" LANG="dan"/>
							<SP ID="SP97" WIDTH="34" HPOS="1320" VPOS="1896"/>
							<String ID="STRING114" STYLEREFS="STYLE3" HEIGHT="76" WIDTH="132" HPOS="1354" VPOS="1905" CONTENT="paa" WC="0.94" LANG="dan"/>
							<SP ID="SP98" WIDTH="30" HPOS="1486" VPOS="1905"/>
							<String ID="STRING115" STYLEREFS="STYLE3" HEIGHT="108" WIDTH="489" HPOS="1516" VPOS="1888" CONTENT="Landsbyerne," WC="0.8" LANG="dan"/>
							<SP ID="SP99" WIDTH="61" HPOS="2005" VPOS="1888"/>
							<String ID="STRING116" STYLEREFS="STYLE3" HEIGHT="76" WIDTH="69" HPOS="2066" VPOS="1924" CONTENT="ey" WC="0.71" LANG="dan"/>
							<SP ID="SP100" WIDTH="35" HPOS="2135" VPOS="1924"/>
							<String ID="STRING117" STYLEREFS="STYLE3" HEIGHT="95" WIDTH="186" HPOS="2170" VPOS="1909" CONTENT="heller" WC="0.85" LANG="dan"/>
							<SP ID="SP101" WIDTH="41" HPOS="2356" VPOS="1909"/>
							<String ID="STRING118" STYLEREFS="STYLE3" HEIGHT="77" WIDTH="165" HPOS="2397" VPOS="1925" CONTENT="node" WC="0.64" LANG="dan"/>
							<SP ID="SP102" WIDTH="49" HPOS="2562" VPOS="1925"/>
							<String ID="STRING119" STYLEREFS="STYLE3" HEIGHT="78" WIDTH="198" HPOS="2611" VPOS="1946" CONTENT="nogen" WC="0.86" LANG="dan"/>
						</TextLine>
						<TextLine ID="LINE18" HEIGHT="134" WIDTH="1830" HPOS="979" VPOS="1972">
							<String ID="STRING120" STYLEREFS="STYLE3" HEIGHT="79" WIDTH="70" HPOS="979" VPOS="1972" CONTENT="til" WC="0.81" LANG="dan"/>
							<SP ID="SP103" WIDTH="30" HPOS="1049" VPOS="1972"/>
							<String ID="STRING121" STYLEREFS="STYLE3" HEIGHT="63" WIDTH="68" HPOS="1079" VPOS="1993" CONTENT="at" WC="0.81" LANG="dan"/>
							<SP ID="SP104" WIDTH="37" HPOS="1147" VPOS="1993"/>
							<String ID="STRING122" STYLEREFS="STYLE3" HEIGHT="81" WIDTH="137" HPOS="1184" VPOS="1981" CONTENT="lade" WC="0.85" LANG="dan"/>
							<SP ID="SP105" WIDTH="30" HPOS="1321" VPOS="1981"/>
							<String ID="STRING123" STYLEREFS="STYLE3" HEIGHT="92" WIDTH="268" HPOS="1351" VPOS="1985" CONTENT="prædike" WC="0.75" LANG="dan"/>
							<SP ID="SP106" WIDTH="26" HPOS="1619" VPOS="1985"/>
							<String ID="STRING124" STYLEREFS="STYLE3" HEIGHT="63" WIDTH="150" HPOS="1645" VPOS="2009" CONTENT="over" WC="0.7" LANG="dan"/>
							<SP ID="SP107" WIDTH="18" HPOS="1795" VPOS="2009"/>
							<String ID="STRING125" STYLEREFS="STYLE3" HEIGHT="77" WIDTH="180" HPOS="1813" VPOS="2001" CONTENT="deres" WC="0.85" LANG="dan"/>
							<SP ID="SP108" WIDTH="30" HPOS="1993" VPOS="2001"/>
							<String ID="STRING126" STYLEREFS="STYLE3" HEIGHT="89" WIDTH="94" HPOS="2023" VPOS="1997" CONTENT="D" WC="0.62" LANG="dan"/>
							<SP ID="SP109" WIDTH="14" HPOS="2117" VPOS="1997"/>
							<String ID="STRING127" STYLEREFS="STYLE3" HEIGHT="79" WIDTH="144" HPOS="2131" VPOS="2011" CONTENT="øde." WC="0.82" LANG="dan"/>
							<SP ID="SP110" WIDTH="60" HPOS="2275" VPOS="2011"/>
							<String ID="STRING128" STYLEREFS="STYLE3" HEIGHT="62" WIDTH="106" HPOS="2335" VPOS="2031" CONTENT="om" WC="0.67" LANG="dan"/>
							<SP ID="SP111" WIDTH="20" HPOS="2441" VPOS="2031"/>
							<String ID="STRING129" STYLEREFS="STYLE3" HEIGHT="77" WIDTH="74" HPOS="2461" VPOS="2024" CONTENT="de" WC="0.7" LANG="dan"/>
							<SP ID="SP112" WIDTH="22" HPOS="2535" VPOS="2024"/>
							<String ID="STRING130" STYLEREFS="STYLE3" HEIGHT="75" WIDTH="102" HPOS="2557" VPOS="2025" CONTENT="det" WC="0.63" LANG="dan"/>
							<SP ID="SP113" WIDTH="30" HPOS="2659" VPOS="2025"/>
							<String ID="STRING131" STYLEREFS="STYLE3" HEIGHT="82" WIDTH="120" HPOS="2689" VPOS="2024" CONTENT="ikke" WC="0.89" LANG="dan"/>
						</TextLine>
						<TextLine ID="LINE19" HEIGHT="105" WIDTH="467" HPOS="973" VPOS="2066">
							<String ID="STRING132" STYLEREFS="STYLE3" HEIGHT="96" WIDTH="120" HPOS="973" VPOS="2066" CONTENT="selv" WC="0.77" LANG="dan"/>
							<SP ID="SP114" WIDTH="62" HPOS="1093" VPOS="2066"/>
							<String ID="STRING133" STYLEREFS="STYLE3" HEIGHT="97" WIDTH="285" HPOS="1155" VPOS="2074" CONTENT="begierer." WC="0.74" LANG="dan"/>
						</TextLine>
						<TextLine ID="LINE20" HEIGHT="84" WIDTH="80" HPOS="1294" VPOS="2174">
							<String ID="STRING134" STYLEREFS="STYLE3" HEIGHT="84" WIDTH="80" HPOS="1294" VPOS="2174" CONTENT="N" WC="0.36" LANG="dan"/>
						</TextLine>
					</TextBlock>
					<TextBlock xs:type="TextBlockType" ID="ZONE1125998" HEIGHT="1595" WIDTH="1892" HPOS="913" VPOS="2164" xlink:type="simple">
						<TextLine ID="LINE21" HEIGHT="134" WIDTH="1678" HPOS="1123" VPOS="2174">
							<String ID="STRING135" STYLEREFS="STYLE3" HEIGHT="59" WIDTH="115" HPOS="1123" VPOS="2195" CONTENT="20." WC="0.65" LANG="dan"/>
							<SP ID="SP115" WIDTH="56" HPOS="1238" VPOS="2195"/>
							<String ID="STRING136" STYLEREFS="STYLE3" HEIGHT="86" WIDTH="206" HPOS="1294" VPOS="2174" CONTENT="Naar" WC="0.66" LANG="dan"/>
							<SP ID="SP116" WIDTH="31" HPOS="1500" VPOS="2174"/>
							<String ID="STRING137" STYLEREFS="STYLE3" HEIGHT="79" WIDTH="203" HPOS="1531" VPOS="2203" CONTENT="nogen" WC="0.73" LANG="dan"/>
							<SP ID="SP117" WIDTH="29" HPOS="1734" VPOS="2203"/>
							<String ID="STRING138" STYLEREFS="STYLE3" HEIGHT="77" WIDTH="84" HPOS="1763" VPOS="2193" CONTENT="vtt" WC="0.41" LANG="dan"/>
							<SP ID="SP118" WIDTH="33" HPOS="1847" VPOS="2193"/>
							<String ID="STRING139" STYLEREFS="STYLE3" HEIGHT="95" WIDTH="161" HPOS="1880" VPOS="2191" CONTENT="have" WC="0.9" LANG="dan"/>
							<SP ID="SP119" WIDTH="34" HPOS="2041" VPOS="2191"/>
							<String ID="STRING140" STYLEREFS="STYLE3" HEIGHT="75" WIDTH="116" HPOS="2075" VPOS="2206" CONTENT="alle" WC="1" LANG="dan"/>
							<SP ID="SP120" WIDTH="49" HPOS="2191" VPOS="2206"/>
							<String ID="STRING141" STYLEREFS="STYLE3" HEIGHT="93" WIDTH="363" HPOS="2240" VPOS="2201" CONTENT="Klokkerne" WC="0.85" LANG="dan"/>
							<SP ID="SP121" WIDTH="50" HPOS="2603" VPOS="2201"/>
							<String ID="STRING142" STYLEREFS="STYLE3" HEIGHT="91" WIDTH="102" HPOS="2653" VPOS="2217" CONTENT="her" WC="0.54" LANG="dan"/>
							<SP ID="SP122" WIDTH="30" HPOS="2755" VPOS="2217"/>
							<String ID="STRING143" STYLEREFS="STYLE3" HEIGHT="77" WIDTH="16" HPOS="2785" VPOS="2221" CONTENT="i" WC="0.55" LANG="dan"/>
						</TextLine>
						<TextLine ID="LINE22" HEIGHT="152" WIDTH="1827" HPOS="967" VPOS="2260">
							<String ID="STRING144" STYLEREFS="STYLE3" HEIGHT="106" WIDTH="253" HPOS="967" VPOS="2260" CONTENT="Byen," WC="0.77" LANG="dan"/>
							<SP ID="SP123" WIDTH="59" HPOS="1220" VPOS="2260"/>
							<String ID="STRING145" STYLEREFS="STYLE3" HEIGHT="76" WIDTH="140" HPOS="1279" VPOS="2278" CONTENT="eller" WC="0.85" LANG="dan"/>
							<SP ID="SP124" WIDTH="29" HPOS="1419" VPOS="2278"/>
							<String ID="STRING146" STYLEREFS="STYLE3" HEIGHT="72" WIDTH="119" HPOS="1448" VPOS="2286" CONTENT="alle" WC="1" LANG="dan"/>
							<SP ID="SP125" WIDTH="30" HPOS="1567" VPOS="2286"/>
							<String ID="STRING147" STYLEREFS="STYLE3" HEIGHT="83" WIDTH="280" HPOS="1597" VPOS="2285" CONTENT="Klokker" WC="0.74" LANG="dan"/>
							<SP ID="SP126" WIDTH="35" HPOS="1877" VPOS="2285"/>
							<String ID="STRING148" STYLEREFS="STYLE3" HEIGHT="78" WIDTH="65" HPOS="1912" VPOS="2293" CONTENT="til" WC="0.59" LANG="dan"/>
							<SP ID="SP127" WIDTH="34" HPOS="1977" VPOS="2293"/>
							<String ID="STRING149" STYLEREFS="STYLE3" HEIGHT="77" WIDTH="115" HPOS="2011" VPOS="2301" CONTENT="den" WC="0.76" LANG="dan"/>
							<SP ID="SP128" WIDTH="41" HPOS="2126" VPOS="2301"/>
							<String ID="STRING150" STYLEREFS="STYLE3" HEIGHT="86" WIDTH="201" HPOS="2167" VPOS="2297" CONTENT="Kirke" WC="0.66" LANG="dan"/>
							<SP ID="SP129" WIDTH="53" HPOS="2368" VPOS="2297"/>
							<String ID="STRING151" STYLEREFS="STYLE3" HEIGHT="95" WIDTH="159" HPOS="2421" VPOS="2307" CONTENT="hvor" WC="0.47" LANG="dan"/>
							<SP ID="SP130" WIDTH="57" HPOS="2580" VPOS="2307"/>
							<String ID="STRING152" STYLEREFS="STYLE3" HEIGHT="99" WIDTH="157" HPOS="2637" VPOS="2313" CONTENT="Liget" WC="0.58" LANG="dan"/>
						</TextLine>
						<TextLine ID="LINE23" HEIGHT="152" WIDTH="1831" HPOS="960" VPOS="2360">
							<String ID="STRING153" STYLEREFS="STYLE3" HEIGHT="103" WIDTH="358" HPOS="960" VPOS="2360" CONTENT="begraves," WC="0.7" LANG="dan"/>
							<SP ID="SP131" WIDTH="42" HPOS="1318" VPOS="2360"/>
							<String ID="STRING154" STYLEREFS="STYLE3" HEIGHT="97" WIDTH="120" HPOS="1360" VPOS="2370" CONTENT="stal" WC="0.61" LANG="dan"/>
							<SP ID="SP132" WIDTH="20" HPOS="1480" VPOS="2370"/>
							<String ID="STRING155" STYLEREFS="STYLE3" HEIGHT="77" WIDTH="38" HPOS="1500" VPOS="2382" CONTENT="d" WC="0.3" LANG="dan"/>
							<SP ID="SP133" WIDTH="18" HPOS="1538" VPOS="2382"/>
							<String ID="STRING156" STYLEREFS="STYLE3" HEIGHT="60" WIDTH="72" HPOS="1556" VPOS="2398" CONTENT="en" WC="0.98" LANG="dan"/>
							<SP ID="SP134" WIDTH="22" HPOS="1628" VPOS="2398"/>
							<String ID="STRING157" STYLEREFS="STYLE3" HEIGHT="85" WIDTH="200" HPOS="1650" VPOS="2380" CONTENT="betale" WC="0.77" LANG="dan"/>
							<SP ID="SP135" WIDTH="20" HPOS="1850" VPOS="2380"/>
							<String ID="STRING158" STYLEREFS="STYLE3" HEIGHT="80" WIDTH="64" HPOS="1870" VPOS="2387" CONTENT="til" WC="0.85" LANG="dan"/>
							<SP ID="SP136" WIDTH="17" HPOS="1934" VPOS="2387"/>
							<String ID="STRING159" STYLEREFS="STYLE3" HEIGHT="64" WIDTH="117" HPOS="1951" VPOS="2409" CONTENT="vor" WC="0.85" LANG="dan"/>
							<SP ID="SP137" WIDTH="24" HPOS="2068" VPOS="2409"/>
							<String ID="STRING160" STYLEREFS="STYLE3" HEIGHT="100" WIDTH="178" HPOS="2092" VPOS="2393" CONTENT="Frue" WC="0.67" LANG="dan"/>
							<SP ID="SP138" WIDTH="20" HPOS="2270" VPOS="2393"/>
							<String ID="STRING161" STYLEREFS="STYLE3" HEIGHT="87" WIDTH="225" HPOS="2290" VPOS="2399" CONTENT="Skole" WC="0.82" LANG="dan"/>
							<SP ID="SP139" WIDTH="17" HPOS="2515" VPOS="2399"/>
							<String ID="STRING162" STYLEREFS="STYLE3" HEIGHT="90" WIDTH="85" HPOS="2532" VPOS="2406" CONTENT="Ti" WC="0.34" LANG="dan"/>
							<SP ID="SP140" WIDTH="23" HPOS="2617" VPOS="2406"/>
							<String ID="STRING163" STYLEREFS="STYLE3" HEIGHT="103" WIDTH="151" HPOS="2640" VPOS="2409" CONTENT="Rip" WC="0.44" LANG="dan"/>
						</TextLine>
						<TextLine ID="LINE24" HEIGHT="149" WIDTH="1822" HPOS="960" VPOS="2460">
							<String ID="STRING164" STYLEREFS="STYLE3" HEIGHT="82" WIDTH="185" HPOS="960" VPOS="2460" CONTENT="daler" WC="0.71" LANG="dan"/>
							<SP ID="SP141" WIDTH="42" HPOS="1145" VPOS="2460"/>
							<String ID="STRING165" STYLEREFS="STYLE3" HEIGHT="71" WIDTH="30" HPOS="1187" VPOS="2489" CONTENT="3" WC="0.24" LANG="dan"/>
							<SP ID="SP142" WIDTH="27" HPOS="1217" VPOS="2489"/>
							<String ID="STRING166" STYLEREFS="STYLE3" HEIGHT="106" WIDTH="249" HPOS="1244" VPOS="2464" CONTENT="Mark," WC="0.64" LANG="dan"/>
							<SP ID="SP143" WIDTH="62" HPOS="1493" VPOS="2464"/>
							<String ID="STRING167" STYLEREFS="STYLE3" HEIGHT="78" WIDTH="75" HPOS="1555" VPOS="2496" CONTENT="og" WC="0.73" LANG="dan"/>
							<SP ID="SP144" WIDTH="15" HPOS="1630" VPOS="2496"/>
							<String ID="STRING168" STYLEREFS="STYLE3" HEIGHT="94" WIDTH="120" HPOS="1645" VPOS="2478" CONTENT="stal" WC="0.61" LANG="dan"/>
							<SP ID="SP145" WIDTH="18" HPOS="1765" VPOS="2478"/>
							<String ID="STRING169" STYLEREFS="STYLE3" HEIGHT="75" WIDTH="106" HPOS="1783" VPOS="2490" CONTENT="der" WC="0.62" LANG="dan"/>
							<SP ID="SP146" WIDTH="30" HPOS="1889" VPOS="2490"/>
							<String ID="STRING170" STYLEREFS="STYLE3" HEIGHT="86" WIDTH="262" HPOS="1919" VPOS="2490" CONTENT="davære" WC="0.82" LANG="dan"/>
							<SP ID="SP147" WIDTH="22" HPOS="2181" VPOS="2490"/>
							<String ID="STRING171" STYLEREFS="STYLE3" HEIGHT="95" WIDTH="248" HPOS="2203" VPOS="2495" CONTENT="rilstæde" WC="0.7" LANG="dan"/>
							<SP ID="SP148" WIDTH="22" HPOS="2451" VPOS="2495"/>
							<String ID="STRING172" STYLEREFS="STYLE3" HEIGHT="79" WIDTH="16" HPOS="2473" VPOS="2504" CONTENT="i" WC="0.71" LANG="dan"/>
							<SP ID="SP149" WIDTH="28" HPOS="2489" VPOS="2504"/>
							<String ID="STRING173" STYLEREFS="STYLE3" HEIGHT="105" WIDTH="265" HPOS="2517" VPOS="2504" CONTENT="Kirken," WC="0.84" LANG="dan"/>
						</TextLine>
						<TextLine ID="LINE25" HEIGHT="145" WIDTH="1807" HPOS="955" VPOS="2550">
							<String ID="STRING174" STYLEREFS="STYLE4" HEIGHT="86" WIDTH="114" HPOS="955" VPOS="2550" CONTENT="En" WC="0.67" LANG="dan"/>
							<SP ID="SP150" WIDTH="34" HPOS="1069" VPOS="2550"/>
							<String ID="STRING175" STYLEREFS="STYLE3" HEIGHT="93" WIDTH="131" HPOS="1103" VPOS="2558" CONTENT="som" WC="0.72" LANG="dan"/>
							<SP ID="SP151" WIDTH="57" HPOS="1234" VPOS="2558"/>
							<String ID="STRING176" STYLEREFS="STYLE3" HEIGHT="102" WIDTH="301" HPOS="1291" VPOS="2564" CONTENT="Sangen" WC="0.82" LANG="dan"/>
							<SP ID="SP152" WIDTH="46" HPOS="1592" VPOS="2564"/>
							<String ID="STRING177" STYLEREFS="STYLE3" HEIGHT="89" WIDTH="166" HPOS="1638" VPOS="2574" CONTENT="kand" WC="0.99" LANG="dan"/>
							<SP ID="SP153" WIDTH="46" HPOS="1804" VPOS="2574"/>
							<String ID="STRING178" STYLEREFS="STYLE3" HEIGHT="102" WIDTH="304" HPOS="1850" VPOS="2578" CONTENT="forestaae" WC="0.75" LANG="dan"/>
							<SP ID="SP154" WIDTH="58" HPOS="2154" VPOS="2578"/>
							<String ID="STRING179" STYLEREFS="STYLE3" HEIGHT="73" WIDTH="140" HPOS="2212" VPOS="2604" CONTENT="med" WC="0.73" LANG="dan"/>
							<SP ID="SP155" WIDTH="59" HPOS="2352" VPOS="2604"/>
							<String ID="STRING180" STYLEREFS="STYLE3" HEIGHT="71" WIDTH="96" HPOS="2411" VPOS="2624" CONTENT="24" WC="0.68" LANG="dan"/>
							<SP ID="SP156" WIDTH="41" HPOS="2507" VPOS="2624"/>
							<String ID="STRING181" STYLEREFS="STYLE3" HEIGHT="85" WIDTH="214" HPOS="2548" VPOS="2603" CONTENT="Skole" SUBS_TYPE="HypPart1" SUBS_CONTENT="Skolebørn" WC="0.88" LANG="dan"/>
							<HYP CONTENT="-"/>
						</TextLine>
						<TextLine ID="LINE26" HEIGHT="144" WIDTH="1827" HPOS="954" VPOS="2648">
							<String ID="STRING182" STYLEREFS="STYLE3" HEIGHT="87" WIDTH="172" HPOS="954" VPOS="2648" CONTENT="børn" SUBS_TYPE="HypPart2" SUBS_CONTENT="Skolebørn" WC="0.68" LANG="dan"/>
							<SP ID="SP157" WIDTH="31" HPOS="1126" VPOS="2648"/>
							<String ID="STRING183" STYLEREFS="STYLE3" HEIGHT="75" WIDTH="144" HPOS="1157" VPOS="2665" CONTENT="med" WC="0.75" LANG="dan"/>
							<SP ID="SP158" WIDTH="33" HPOS="1301" VPOS="2665"/>
							<String ID="STRING184" STYLEREFS="STYLE3" HEIGHT="101" WIDTH="281" HPOS="1334" VPOS="2661" CONTENT="Kapper" WC="0.75" LANG="dan"/>
							<SP ID="SP159" WIDTH="19" HPOS="1615" VPOS="2661"/>
							<String ID="STRING185" STYLEREFS="STYLE3" HEIGHT="93" WIDTH="127" HPOS="1634" VPOS="2672" CONTENT="som" WC="0.69" LANG="dan"/>
							<SP ID="SP160" WIDTH="18" HPOS="1761" VPOS="2672"/>
							<String ID="STRING186" STYLEREFS="STYLE4" HEIGHT="99" WIDTH="327" HPOS="1779" VPOS="2680" CONTENT="chriselige" WC="0.88" LANG="dan"/>
							<SP ID="SP161" WIDTH="35" HPOS="2106" VPOS="2680"/>
							<String ID="STRING187" STYLEREFS="STYLE3" HEIGHT="97" WIDTH="122" HPOS="2141" VPOS="2689" CONTENT="Liig" WC="0.73" LANG="dan"/>
							<SP ID="SP162" WIDTH="34" HPOS="2263" VPOS="2689"/>
							<String ID="STRING188" STYLEREFS="STYLE3" HEIGHT="99" WIDTH="304" HPOS="2297" VPOS="2693" CONTENT="Psalmer" WC="0.79" LANG="dan"/>
							<SP ID="SP163" WIDTH="20" HPOS="2601" VPOS="2693"/>
							<String ID="STRING189" STYLEREFS="STYLE3" HEIGHT="86" WIDTH="160" HPOS="2621" VPOS="2703" CONTENT="kand" WC="0.84" LANG="dan"/>
						</TextLine>
						<TextLine ID="LINE27" HEIGHT="146" WIDTH="1825" HPOS="953" VPOS="2748">
							<String ID="STRING190" STYLEREFS="STYLE3" HEIGHT="98" WIDTH="236" HPOS="953" VPOS="2748" CONTENT="siunge." WC="0.83" LANG="dan"/>
							<SP ID="SP164" WIDTH="106" HPOS="1189" VPOS="2748"/>
							<String ID="STRING191" STYLEREFS="STYLE3" HEIGHT="87" WIDTH="138" HPOS="1295" VPOS="2756" CONTENT="Vil" WC="0.81" LANG="dan"/>
							<SP ID="SP165" WIDTH="37" HPOS="1433" VPOS="2756"/>
							<String ID="STRING192" STYLEREFS="STYLE3" HEIGHT="76" WIDTH="202" HPOS="1470" VPOS="2787" CONTENT="nogen" WC="0.77" LANG="dan"/>
							<SP ID="SP166" WIDTH="41" HPOS="1672" VPOS="2787"/>
							<String ID="STRING193" STYLEREFS="STYLE3" HEIGHT="93" WIDTH="159" HPOS="1713" VPOS="2772" CONTENT="have" WC="0.89" LANG="dan"/>
							<SP ID="SP167" WIDTH="36" HPOS="1872" VPOS="2772"/>
							<String ID="STRING194" STYLEREFS="STYLE3" HEIGHT="83" WIDTH="250" HPOS="1908" VPOS="2782" CONTENT="mindre" WC="0.67" LANG="dan"/>
							<SP ID="SP168" WIDTH="27" HPOS="2158" VPOS="2782"/>
							<String ID="STRING195" STYLEREFS="STYLE3" HEIGHT="88" WIDTH="285" HPOS="2185" VPOS="2786" CONTENT="Klokker" WC="0.85" LANG="dan"/>
							<SP ID="SP169" WIDTH="34" HPOS="2470" VPOS="2786"/>
							<String ID="STRING196" STYLEREFS="STYLE3" HEIGHT="75" WIDTH="74" HPOS="2504" VPOS="2819" CONTENT="og" WC="0.58" LANG="dan"/>
							<SP ID="SP170" WIDTH="22" HPOS="2578" VPOS="2819"/>
							<String ID="STRING197" STYLEREFS="STYLE3" HEIGHT="83" WIDTH="178" HPOS="2600" VPOS="2800" CONTENT="ikkun" WC="0.93" LANG="dan"/>
						</TextLine>
						<TextLine ID="LINE28" HEIGHT="144" WIDTH="1819" HPOS="956" VPOS="2846">
							<String ID="STRING198" STYLEREFS="STYLE3" HEIGHT="69" WIDTH="84" HPOS="956" VPOS="2858" CONTENT="18" WC="0.61" LANG="dan"/>
							<SP ID="SP171" WIDTH="42" HPOS="1040" VPOS="2858"/>
							<String ID="STRING199" STYLEREFS="STYLE3" HEIGHT="111" WIDTH="431" HPOS="1082" VPOS="2846" CONTENT="Skolebørn," WC="0.77" LANG="dan"/>
							<SP ID="SP172" WIDTH="61" HPOS="1513" VPOS="2846"/>
							<String ID="STRING200" STYLEREFS="STYLE3" HEIGHT="75" WIDTH="82" HPOS="1574" VPOS="2870" CONTENT="da" WC="0.77" LANG="dan"/>
							<SP ID="SP173" WIDTH="36" HPOS="1656" VPOS="2870"/>
							<String ID="STRING201" STYLEREFS="STYLE3" HEIGHT="86" WIDTH="200" HPOS="1692" VPOS="2868" CONTENT="betale" WC="0.86" LANG="dan"/>
							<SP ID="SP174" WIDTH="20" HPOS="1892" VPOS="2868"/>
							<String ID="STRING202" STYLEREFS="STYLE3" HEIGHT="100" WIDTH="177" HPOS="1912" VPOS="2874" CONTENT="Syv" WC="0.62" LANG="dan"/>
							<SP ID="SP175" WIDTH="25" HPOS="2089" VPOS="2874"/>
							<String ID="STRING203" STYLEREFS="STYLE3" HEIGHT="108" WIDTH="357" HPOS="2114" VPOS="2882" CONTENT="Rixdaler," WC="0.68" LANG="dan"/>
							<SP ID="SP176" WIDTH="60" HPOS="2471" VPOS="2882"/>
							<String ID="STRING204" STYLEREFS="STYLE3" HEIGHT="93" WIDTH="122" HPOS="2531" VPOS="2896" CONTENT="hvo" WC="0.76" LANG="dan"/>
							<SP ID="SP177" WIDTH="22" HPOS="2653" VPOS="2896"/>
							<String ID="STRING205" STYLEREFS="STYLE3" HEIGHT="75" WIDTH="100" HPOS="2675" VPOS="2904" CONTENT="der" WC="0.66" LANG="dan"/>
						</TextLine>
						<TextLine ID="LINE29" HEIGHT="148" WIDTH="1825" HPOS="945" VPOS="2941">
							<String ID="STRING206" STYLEREFS="STYLE3" HEIGHT="80" WIDTH="88" HPOS="945" VPOS="2941" CONTENT="vil" WC="0.65" LANG="dan"/>
							<SP ID="SP178" WIDTH="32" HPOS="1033" VPOS="2941"/>
							<String ID="STRING207" STYLEREFS="STYLE3" HEIGHT="96" WIDTH="164" HPOS="1065" VPOS="2943" CONTENT="have" WC="0.94" LANG="dan"/>
							<SP ID="SP179" WIDTH="34" HPOS="1229" VPOS="2943"/>
							<String ID="STRING208" STYLEREFS="STYLE3" HEIGHT="49" WIDTH="82" HPOS="1263" VPOS="2979" CONTENT="12" WC="0.86" LANG="dan"/>
							<SP ID="SP180" WIDTH="34" HPOS="1345" VPOS="2979"/>
							<String ID="STRING209" STYLEREFS="STYLE3" HEIGHT="81" WIDTH="198" HPOS="1379" VPOS="2957" CONTENT="betale" WC="0.77" LANG="dan"/>
							<SP ID="SP181" WIDTH="34" HPOS="1577" VPOS="2957"/>
							<String ID="STRING210" STYLEREFS="STYLE3" HEIGHT="98" WIDTH="150" HPOS="1611" VPOS="2961" CONTENT="Fire" WC="0.7" LANG="dan"/>
							<SP ID="SP182" WIDTH="34" HPOS="1761" VPOS="2961"/>
							<String ID="STRING211" STYLEREFS="STYLE3" HEIGHT="96" WIDTH="314" HPOS="1795" VPOS="2969" CONTENT="Rixdaler" WC="0.68" LANG="dan"/>
							<SP ID="SP183" WIDTH="35" HPOS="2109" VPOS="2969"/>
							<String ID="STRING212" STYLEREFS="STYLE5" HEIGHT="67" WIDTH="32" HPOS="2144" VPOS="3007" CONTENT="3" WC="0.3" LANG="dan"/>
							<SP ID="SP184" WIDTH="29" HPOS="2176" VPOS="3007"/>
							<String ID="STRING213" STYLEREFS="STYLE3" HEIGHT="101" WIDTH="253" HPOS="2205" VPOS="2985" CONTENT="Mark," WC="0.69" LANG="dan"/>
							<SP ID="SP185" WIDTH="61" HPOS="2458" VPOS="2985"/>
							<String ID="STRING214" STYLEREFS="STYLE3" HEIGHT="95" WIDTH="123" HPOS="2519" VPOS="2994" CONTENT="hvo" WC="0.69" LANG="dan"/>
							<SP ID="SP186" WIDTH="26" HPOS="2642" VPOS="2994"/>
							<String ID="STRING215" STYLEREFS="STYLE3" HEIGHT="77" WIDTH="102" HPOS="2668" VPOS="3004" CONTENT="der" WC="0.47" LANG="dan"/>
						</TextLine>
						<TextLine ID="LINE30" HEIGHT="142" WIDTH="1821" HPOS="938" VPOS="3039">
							<String ID="STRING216" STYLEREFS="STYLE3" HEIGHT="79" WIDTH="90" HPOS="938" VPOS="3039" CONTENT="vil" WC="0.76" LANG="dan"/>
							<SP ID="SP187" WIDTH="33" HPOS="1028" VPOS="3039"/>
							<String ID="STRING217" STYLEREFS="STYLE3" HEIGHT="94" WIDTH="159" HPOS="1061" VPOS="3043" CONTENT="have" WC="0.84" LANG="dan"/>
							<SP ID="SP188" WIDTH="40" HPOS="1220" VPOS="3043"/>
							<String ID="STRING218" STYLEREFS="STYLE3" HEIGHT="69" WIDTH="36" HPOS="1260" VPOS="3061" CONTENT="8" WC="1" LANG="dan"/>
							<SP ID="SP189" WIDTH="46" HPOS="1296" VPOS="3061"/>
							<String ID="STRING219" STYLEREFS="STYLE3" HEIGHT="84" WIDTH="198" HPOS="1342" VPOS="3052" CONTENT="betale" WC="0.96" LANG="dan"/>
							<SP ID="SP190" WIDTH="36" HPOS="1540" VPOS="3052"/>
							<String ID="STRING220" STYLEREFS="STYLE3" HEIGHT="102" WIDTH="146" HPOS="1576" VPOS="3056" CONTENT="Fire" WC="0.8" LANG="dan"/>
							<SP ID="SP191" WIDTH="32" HPOS="1722" VPOS="3056"/>
							<String ID="STRING221" STYLEREFS="STYLE3" HEIGHT="117" WIDTH="459" HPOS="1754" VPOS="3062" CONTENT="Slettedaler," WC="0.76" LANG="nob"/>
							<SP ID="SP192" WIDTH="64" HPOS="2213" VPOS="3062"/>
							<String ID="STRING222" STYLEREFS="STYLE3" HEIGHT="73" WIDTH="76" HPOS="2277" VPOS="3106" CONTENT="og" WC="0.68" LANG="dan"/>
							<SP ID="SP193" WIDTH="43" HPOS="2353" VPOS="3106"/>
							<String ID="STRING223" STYLEREFS="STYLE3" HEIGHT="95" WIDTH="124" HPOS="2396" VPOS="3086" CONTENT="hvo" WC="0.47" LANG="dan"/>
							<SP ID="SP194" WIDTH="34" HPOS="2520" VPOS="3086"/>
							<String ID="STRING224" STYLEREFS="STYLE3" HEIGHT="75" WIDTH="107" HPOS="2554" VPOS="3099" CONTENT="der" WC="0.76" LANG="dan"/>
							<SP ID="SP195" WIDTH="20" HPOS="2661" VPOS="3099"/>
							<String ID="STRING225" STYLEREFS="STYLE3" HEIGHT="81" WIDTH="78" HPOS="2681" VPOS="3096" CONTENT="vil" WC="0.71" LANG="dan"/>
						</TextLine>
						<TextLine ID="LINE31" HEIGHT="159" WIDTH="1833" HPOS="932" VPOS="3130">
							<String ID="STRING226" STYLEREFS="STYLE3" HEIGHT="97" WIDTH="170" HPOS="932" VPOS="3130" CONTENT="have" WC="0.64" LANG="dan"/>
							<SP ID="SP196" WIDTH="34" HPOS="1102" VPOS="3130"/>
							<String ID="STRING227" STYLEREFS="STYLE3" HEIGHT="65" WIDTH="42" HPOS="1136" VPOS="3148" CONTENT="6" WC="0.47" LANG="dan"/>
							<SP ID="SP197" WIDTH="32" HPOS="1178" VPOS="3148"/>
							<String ID="STRING228" STYLEREFS="STYLE3" HEIGHT="110" WIDTH="433" HPOS="1210" VPOS="3144" CONTENT="Skolebørn," WC="0.65" LANG="dan"/>
							<SP ID="SP198" WIDTH="58" HPOS="1643" VPOS="3144"/>
							<String ID="STRING229" STYLEREFS="STYLE3" HEIGHT="84" WIDTH="110" HPOS="1701" VPOS="3158" CONTENT="En" WC="1" LANG="dan"/>
							<SP ID="SP199" WIDTH="46" HPOS="1811" VPOS="3158"/>
							<String ID="STRING230" STYLEREFS="STYLE3" HEIGHT="100" WIDTH="332" HPOS="1857" VPOS="3165" CONTENT="Rixdaler." WC="0.74" LANG="dan"/>
							<SP ID="SP200" WIDTH="120" HPOS="2189" VPOS="3165"/>
							<String ID="STRING231" STYLEREFS="STYLE3" HEIGHT="87" WIDTH="206" HPOS="2309" VPOS="3180" CONTENT="Naar" WC="0.74" LANG="dan"/>
							<SP ID="SP201" WIDTH="47" HPOS="2515" VPOS="3180"/>
							<String ID="STRING232" STYLEREFS="STYLE3" HEIGHT="77" WIDTH="203" HPOS="2562" VPOS="3212" CONTENT="nogen" WC="0.87" LANG="dan"/>
						</TextLine>
						<TextLine ID="LINE32" HEIGHT="129" WIDTH="1803" HPOS="931" VPOS="3239">
							<String ID="STRING233" STYLEREFS="STYLE3" HEIGHT="78" WIDTH="236" HPOS="931" VPOS="3239" CONTENT="vorder" WC="0.59" LANG="deu"/>
							<SP ID="SP202" WIDTH="32" HPOS="1167" VPOS="3239"/>
							<String ID="STRING234" STYLEREFS="STYLE3" HEIGHT="101" WIDTH="265" HPOS="1199" VPOS="3240" CONTENT="bevilget" WC="0.85" LANG="dan"/>
							<SP ID="SP203" WIDTH="36" HPOS="1464" VPOS="3240"/>
							<String ID="STRING235" STYLEREFS="STYLE3" HEIGHT="78" WIDTH="180" HPOS="1500" VPOS="3258" CONTENT="deres" WC="0.77" LANG="dan"/>
							<SP ID="SP204" WIDTH="33" HPOS="1680" VPOS="3258"/>
							<String ID="STRING236" STYLEREFS="STYLE3" HEIGHT="102" WIDTH="123" HPOS="1713" VPOS="3256" CONTENT="Liig" WC="0.7" LANG="dan"/>
							<SP ID="SP205" WIDTH="48" HPOS="1836" VPOS="3256"/>
							<String ID="STRING237" STYLEREFS="STYLE3" HEIGHT="62" WIDTH="106" HPOS="1884" VPOS="3285" CONTENT="om" WC="0.55" LANG="dan"/>
							<SP ID="SP206" WIDTH="52" HPOS="1990" VPOS="3285"/>
							<String ID="STRING238" STYLEREFS="STYLE3" HEIGHT="100" WIDTH="278" HPOS="2042" VPOS="3268" CONTENT="Aftenen" WC="0.91" LANG="dan"/>
							<SP ID="SP207" WIDTH="50" HPOS="2320" VPOS="3268"/>
							<String ID="STRING239" STYLEREFS="STYLE3" HEIGHT="65" WIDTH="72" HPOS="2370" VPOS="3295" CONTENT="at" WC="0.69" LANG="dan"/>
							<SP ID="SP208" WIDTH="48" HPOS="2442" VPOS="3295"/>
							<String ID="STRING240" STYLEREFS="STYLE3" HEIGHT="77" WIDTH="142" HPOS="2490" VPOS="3289" CONTENT="lade" WC="0.89" LANG="dan"/>
							<SP ID="SP209" WIDTH="36" HPOS="2632" VPOS="3289"/>
							<String ID="STRING241" STYLEREFS="STYLE3" HEIGHT="80" WIDTH="66" HPOS="2668" VPOS="3288" CONTENT="be" SUBS_TYPE="HypPart1" SUBS_CONTENT="begrave," WC="0.65" LANG="dan"/>
							<HYP CONTENT="-"/>
						</TextLine>
						<TextLine ID="LINE33" HEIGHT="141" WIDTH="1845" HPOS="924" VPOS="3336">
							<String ID="STRING242" STYLEREFS="STYLE3" HEIGHT="85" WIDTH="239" HPOS="924" VPOS="3344" CONTENT="grave," SUBS_TYPE="HypPart2" SUBS_CONTENT="begrave," WC="0.86" LANG="dan"/>
							<SP ID="SP210" WIDTH="57" HPOS="1163" VPOS="3344"/>
							<String ID="STRING243" STYLEREFS="STYLE3" HEIGHT="96" WIDTH="122" HPOS="1220" VPOS="3336" CONTENT="stal" WC="0.61" LANG="dan"/>
							<SP ID="SP211" WIDTH="32" HPOS="1342" VPOS="3336"/>
							<String ID="STRING244" STYLEREFS="STYLE3" HEIGHT="75" WIDTH="72" HPOS="1374" VPOS="3351" CONTENT="de" WC="0.67" LANG="dan"/>
							<SP ID="SP212" WIDTH="30" HPOS="1446" VPOS="3351"/>
							<String ID="STRING245" STYLEREFS="STYLE3" HEIGHT="91" WIDTH="129" HPOS="1476" VPOS="3348" CONTENT="som" WC="0.62" LANG="dan"/>
							<SP ID="SP213" WIDTH="36" HPOS="1605" VPOS="3348"/>
							<String ID="STRING246" STYLEREFS="STYLE3" HEIGHT="60" WIDTH="94" HPOS="1641" VPOS="3374" CONTENT="ere" WC="0.8" LANG="dan"/>
							<SP ID="SP214" WIDTH="33" HPOS="1735" VPOS="3374"/>
							<String ID="STRING247" STYLEREFS="STYLE3" HEIGHT="79" WIDTH="17" HPOS="1768" VPOS="3358" CONTENT="i" WC="1" LANG="dan"/>
							<SP ID="SP215" WIDTH="33" HPOS="1785" VPOS="3358"/>
							<String ID="STRING248" STYLEREFS="STYLE3" HEIGHT="100" WIDTH="289" HPOS="1818" VPOS="3360" CONTENT="Rangen" WC="0.87" LANG="dan"/>
							<SP ID="SP216" WIDTH="52" HPOS="2107" VPOS="3360"/>
							<String ID="STRING249" STYLEREFS="STYLE3" HEIGHT="75" WIDTH="74" HPOS="2159" VPOS="3391" CONTENT="og" WC="0.62" LANG="dan"/>
							<SP ID="SP217" WIDTH="56" HPOS="2233" VPOS="3391"/>
							<String ID="STRING250" STYLEREFS="STYLE3" HEIGHT="95" WIDTH="164" HPOS="2289" VPOS="3373" CONTENT="have" WC="0.78" LANG="dan"/>
							<SP ID="SP218" WIDTH="50" HPOS="2453" VPOS="3373"/>
							<String ID="STRING251" STYLEREFS="STYLE3" HEIGHT="89" WIDTH="164" HPOS="2503" VPOS="3380" CONTENT="Titel" WC="0.74" LANG="dan"/>
							<SP ID="SP219" WIDTH="30" HPOS="2667" VPOS="3380"/>
							<String ID="STRING252" STYLEREFS="STYLE3" HEIGHT="91" WIDTH="72" HPOS="2697" VPOS="3386" CONTENT="af" WC="1" LANG="dan"/>
						</TextLine>
						<TextLine ID="LINE34" HEIGHT="152" WIDTH="1831" HPOS="927" VPOS="3422">
							<String ID="STRING253" STYLEREFS="STYLE3" HEIGHT="103" WIDTH="258" HPOS="927" VPOS="3422" CONTENT="Raad," WC="0.71" LANG="dan"/>
							<SP ID="SP220" WIDTH="54" HPOS="1185" VPOS="3422"/>
							<String ID="STRING254" STYLEREFS="STYLE3" HEIGHT="96" WIDTH="140" HPOS="1239" VPOS="3434" CONTENT="give" WC="0.8" LANG="dan"/>
							<SP ID="SP221" WIDTH="30" HPOS="1379" VPOS="3434"/>
							<String ID="STRING255" STYLEREFS="STYLE3" HEIGHT="95" WIDTH="96" HPOS="1409" VPOS="3440" CONTENT="for" WC="0.54" LANG="dan"/>
							<SP ID="SP222" WIDTH="34" HPOS="1505" VPOS="3440"/>
							<String ID="STRING256" STYLEREFS="STYLE3" HEIGHT="99" WIDTH="311" HPOS="1539" VPOS="3454" CONTENT="dennem," WC="0.86" LANG="dan"/>
							<SP ID="SP223" WIDTH="27" HPOS="1850" VPOS="3454"/>
							<String ID="STRING257" STYLEREFS="STYLE3" HEIGHT="78" WIDTH="189" HPOS="1877" VPOS="3465" CONTENT="deres" WC="0.75" LANG="dan"/>
							<SP ID="SP224" WIDTH="17" HPOS="2066" VPOS="3465"/>
							<String ID="STRING258" STYLEREFS="STYLE3" HEIGHT="103" WIDTH="331" HPOS="2083" VPOS="3461" CONTENT="Hustruer" WC="0.44" LANG="dan"/>
							<SP ID="SP225" WIDTH="38" HPOS="2414" VPOS="3461"/>
							<String ID="STRING259" STYLEREFS="STYLE3" HEIGHT="76" WIDTH="74" HPOS="2452" VPOS="3498" CONTENT="og" WC="0.6" LANG="dan"/>
							<SP ID="SP226" WIDTH="20" HPOS="2526" VPOS="3498"/>
							<String ID="STRING260" STYLEREFS="STYLE3" HEIGHT="86" WIDTH="212" HPOS="2546" VPOS="3479" CONTENT="Børn" WC="0.74" LANG="dan"/>
						</TextLine>
						<TextLine ID="LINE35" HEIGHT="159" WIDTH="1808" HPOS="919" VPOS="3515">
							<String ID="STRING261" STYLEREFS="STYLE4" HEIGHT="93" WIDTH="91" HPOS="919" VPOS="3515" CONTENT="Ti" WC="0.46" LANG="dan"/>
							<SP ID="SP227" WIDTH="33" HPOS="1010" VPOS="3515"/>
							<String ID="STRING262" STYLEREFS="STYLE3" HEIGHT="110" WIDTH="347" HPOS="1043" VPOS="3521" CONTENT="Rixdaler," WC="0.69" LANG="dan"/>
							<SP ID="SP228" WIDTH="60" HPOS="1390" VPOS="3521"/>
							<String ID="STRING263" STYLEREFS="STYLE3" HEIGHT="76" WIDTH="75" HPOS="1450" VPOS="3561" CONTENT="og" WC="0.8" LANG="dan"/>
							<SP ID="SP229" WIDTH="39" HPOS="1525" VPOS="3561"/>
							<String ID="STRING264" STYLEREFS="STYLE3" HEIGHT="77" WIDTH="70" HPOS="1564" VPOS="3550" CONTENT="de" WC="0.78" LANG="dan"/>
							<SP ID="SP230" WIDTH="27" HPOS="1634" VPOS="3550"/>
							<String ID="STRING265" STYLEREFS="STYLE3" HEIGHT="79" WIDTH="201" HPOS="1661" VPOS="3556" CONTENT="andre" WC="0.83" LANG="dan"/>
							<SP ID="SP231" WIDTH="32" HPOS="1862" VPOS="3556"/>
							<String ID="STRING266" STYLEREFS="STYLE3" HEIGHT="79" WIDTH="20" HPOS="1894" VPOS="3554" CONTENT="i" WC="0.32" LANG="dan"/>
							<SP ID="SP232" WIDTH="32" HPOS="1914" VPOS="3554"/>
							<String ID="STRING267" STYLEREFS="STYLE3" HEIGHT="103" WIDTH="290" HPOS="1946" VPOS="3555" CONTENT="Rangen" WC="0.83" LANG="dan"/>
							<SP ID="SP233" WIDTH="62" HPOS="2236" VPOS="3555"/>
							<String ID="STRING268" STYLEREFS="STYLE3" HEIGHT="102" WIDTH="155" HPOS="2298" VPOS="3566" CONTENT="Sex" WC="0.6" LANG="dan"/>
							<SP ID="SP234" WIDTH="53" HPOS="2453" VPOS="3566"/>
							<String ID="STRING269" STYLEREFS="STYLE3" HEIGHT="98" WIDTH="221" HPOS="2506" VPOS="3576" CONTENT="Rixda" SUBS_TYPE="HypPart1" SUBS_CONTENT="Rixdaler." WC="0.81" LANG="dan"/>
							<HYP CONTENT="-"/>
						</TextLine>
						<TextLine ID="LINE36" HEIGHT="77" WIDTH="97" HPOS="2557" VPOS="3679">
							<String ID="STRING270" STYLEREFS="STYLE3" HEIGHT="77" WIDTH="97" HPOS="2557" VPOS="3679" CONTENT="ler." SUBS_TYPE="HypPart2" SUBS_CONTENT="Rixdaler." WC="0.81" LANG="dan"/>
						</TextLine>
					</TextBlock>
				</ComposedBlock>
			</PrintSpace>
		</Page>
	</Layout>
</alto>
