3090 4583
1271 705 276 90 Mand,
1601 699 110 94 faa
1751 699 204 98 ffulde
2013 699 278 98 sandelig
2341 721 232 76 mange
2613 703 304 106 Haardhe-

1273 833 114 72 der
1435 837 82 74 og
1559 813 502 100 uforffammede
2101 817 396 102 Forøvelser,
2541 817 134 94 som
2714 823 198 95 hidind-

1283 939 76 79 til
1409 933 256 96 virkelig
1709 951 94 66 ere
1847 935 350 98 passerede,
2257 957 164 60 være
2465 939 220 82 bievne
2729 945 226 80 dræbte

1269 1055 118 84 udi
1429 1053 356 102 Fødselen,
1847 1055 242 94 dersom
2131 1061 120 74 den
2295 1053 418 100 Forurettede
2755 1059 200 80 kunde

1273 1175 168 90 have
1477 1175 200 96 klaget
1717 1177 94 96 sin
1855 1173 178 100 Sag
2077 1167 310 104 offentlig;
2441 1177 96 98 thi
2579 1181 104 76 det
2723 1199 62 58 er
2827 1179 128 96 just

1269 1295 246 94 saadan
1571 1315 74 58 en
1689 1291 360 98 Revange,
2109 1293 136 90 som
2305 1287 268 102 hverken
2617 1293 342 100 Patroner

1271 1419 140 76 eller
1455 1409 232 102 Penge
1729 1409 124 80 kan
1901 1407 348 100 forhindre.

1487 1599 112 94 En
1631 1605 300 84 Monark
1970 1614 186 104 maa-:-
2207 1607 160 96 have
2405 1609 78 80 de
2523 1609 410 96 alleronffelig-

1269 1729 88 98 ste
1377 1727 368 100 Principier
1769 1729 174 80 imod
1967 1729 128 94 sine
2119 1727 338 94 betrængte
2479 1725 480 100 Undersaatter;

1265 1855 110 78 Let
1435 1849 198 80 bliver
1689 1855 126 88 dog
1873 1845 182 98 stedse
2113 1869 74 56 en
2227 1845 422 96 Umuelighed
2697 1843 102 96 for
2841 1853 118 78 den

1263 1967 264 100 Fattige
1559 1987 78 72 og
1667 1961 416 94 Undertrykte
2117 1979 70 62 ar
2221 1961 298 94 profitere
2555 1959 202 100 deraf,
2793 1985 168 60 naar

1263 2091 426 88 Ministeren,
1739 2089 114 76 der
1895 2083 120 94 ssal
2055 2079 330 98 foredrage
2427 2089 120 74 den
2591 2083 340 96 Forurette-

1257 2215 124 74 Les
1427 2201 230 94 Tarv,
1715 2215 178 64 enten
1933 2195 80 96 af
2049 2201 236 96 urigtig
2329 2191 510 104 Information,
2883 2207 52 74 el-

1257 2331 92 76 ler
1407 2317 80 98 af
1541 2339 176 76 puur
1775 2315 410 100 Partiiffhed
2249 2319 228 90 hælder
2545 2321 94 92 sig
2703 2321 70 76 til
2833 2325 124 74 den

1257 2443 230 98 Part,
1541 2435 134 94 som
1719 2435 198 96 haver
1963 2435 184 92 meest
2191 2431 320 98 Anseelse,
2559 2455 80 74 og
2679 2435 124 78 kan
2843 2457 86 56 an-

1257 2561 232 90 bringe
1541 2561 124 74 den
1727 2547 318 100 kraftigste
2087 2551 668 96 Recommendation;
2845 2549 108 88 En

1253 2679 314 90 Minister
1623 2675 122 80 kan
1801 2677 204 90 endog
2065 2671 80 94 af
2199 2673 126 94 fine
2381 2671 568 96 Subordinerede,

1253 2799 76 80 til
1373 2791 200 92 hvilke
1621 2793 130 96 han
1799 2791 200 98 haver
2039 2785 188 98 fattet
2275 2785 520 100 Fortroelighed,
2848 2790 113 74 let-I

1443 2903 180 104 fores
1669 2909 128 96 bag
1839 2907 210 98 Lyset,
2105 2927 168 66 naar
2319 2907 142 96 disse
2505 2913 138 74 lade
2683 2909 90 90 sig
2819 2901 98 94 for-

1251 3035 212 84 blinde
1507 3049 182 66 enten
1729 3029 84 98 af
1843 3031 300 82 Guldets
2179 3027 324 96 Klarhed,
2543 3031 136 74 eller
2721 3019 80 98 af
2835 3027 108 78 det

1243 3155 216 100 stærke
1501 3151 194 84 Skin
1737 3147 106 108 fra
1881 3165 76 64 en
1997 3147 230 100 høyere
2269 3145 352 84 Caracteer.

1471 3331 162 88 Det
1671 3327 386 102 allervisseste
2097 3321 398 90 Remedium
2537 3317 238 100 derfor,
2819 3321 138 90 som

1249 3449 124 82 kan
1431 3449 332 84 udtænkes
1825 3451 70 82 ril
1947 3443 606 98 Retfærdighedens
2599 3439 350 96 Udøvelse,

1983 3585 12 30 >
2081 3609 6 4 -
2891 3577 62 60 er
