3074 4559
1217 543 110 60 SL

1729 711 98 98 rhi
1869 715 106 78 det
2015 733 64 60 er
2121 707 256 104 expresft
2397 713 174 80 imod
2595 711 280 104 Lignmgs-

1223 833 548 106 Forordningen;
1835 851 146 62 men
2027 829 118 98 for
2205 851 70 62 ar
2335 829 288 100 fordreye
2675 835 240 74 Stamm

1229 955 382 100 <jvæftionis
1629 1003 20 32 s
1691 951 260 98 anfører
1993 953 130 98 han
2163 961 102 78 det
2303 953 300 94 faaledes.
2707 953 186 86 Over-

1237 1081 100 82 alt
1395 1077 120 86 har
1565 1069 274 86 Ordren
1877 1071 164 96 sagt:
2127 1071 98 100 jeg
2279 1095 190 58 maae
2523 1073 240 98 brygge
2819 1071 108 94 saa

1235 1197 204 96 længe
1473 1193 174 86 mine
1681 1189 368 86 Ereditorer
2089 1191 124 82 ikke
2241 1193 162 98 have
2425 1211 190 80 noget
2641 1195 286 80 derimod

1229 1335 84 68 at
1355 1319 282 92 erindre;
1689 1309 158 90 Det
1869 1329 122 62 var
2017 1309 214 98 derfor
2255 1311 216 100 Hans
2493 1313 192 82 blotte
2711 1313 196 96 Skyl-

1237 1437 234 98 dighed
1531 1451 72 62 at
1661 1437 144 76 lade
1847 1433 130 96 mig
2039 1431 240 98 brygge
2335 1453 80 76 og
2469 1433 290 82 udbetale
2797 1437 134 94 mig

1237 1557 322 102 Pengene
1597 1551 102 98 for
1741 1557 102 76 det
1907 1553 498 94 udassignerede
2461 1551 166 94 011,
2687 1577 80 74 og
2817 1551 122 92 faa

1241 1693 188 70 vente
1491 1695 108 60 om
1655 1675 170 78 mine
1883 1671 376 84 Creditvrer
2299 1673 168 78 vilde
2507 1691 166 60 være
2711 1669 228 100 ligesaa

1243 1801 542 96 ubarmhiertige,
1849 1795 134 96 som
2027 1795 174 100 Han
2247 1819 82 74 og
2373 1795 214 100 Hans
2627 1799 288 96 ligesinde-

1237 1931 104 78 de.
1447 1917 134 102 Thi
1645 1917 178 98 hvad
1879 1915 280 98 Langers
2229 1913 330 102 Fordring
2619 1915 130 98 hos
2813 1915 132 94 mig

1241 2041 272 100 angik,-
1541 2043 90 84 da
1695 2033 204 82 tilbød
1965 2033 96 98 jeg
2101 2035 168 94 strax
2315 2039 100 76 det
2461 2031 354 102 forfaldne,
2875 2033 72 94 ja

1237 2171 236 88 rndog,
1515 2159 156 96 efter
1707 2153 216 100 Hans
1955 2155 326 100 urimelige
2305 2155 354 100 Paastand
2685 2177 108 60 om
2817 2151 110 98 Af-

1243 2301 186 70 tenen
1481 2285 122 82 den
1637 2275 171 119 Fyen
1853 2271 338 100 October,
2235 2279 104 78 det
2379 2275 138 92 som
2557 2277 126 82 ikke
2713 2275 232 98 førend

1237 2411 130 76 den
1429 2405 168 88 14de
1647 2399 154 94 næst
1851 2393 150 96 efter
2057 2399 142 78 blev
2261 2393 364 100 forfalden,
2687 2419 82 76 og
2843 2395 104 98 for

1243 2525 236 106 hvilket
1531 2527 94 78 alt
1675 2519 244 100 Lauger
1961 2523 292 78 desuden
2301 2519 216 100 havde
2583 2521 230 98 ligesaa
2853 2525 66 80 til-

1241 2645 346 106 strækkelig
1637 2639 134 96 som
1839 2643 334 96 uryggelig
2211 2637 464 104 Hypotheqve.
2779 2645 168 82 Men

1241 2769 340 100 sidstmelte
1621 2761 384 102 Paastand,
2045 2759 138 94 som
2225 2759 180 102 Han
2437 2761 122 82 ikke
2605 2763 120 90 har
2763 2769 188 78 vildet

1243 2907 172 62 være
1461 2881 286 82 bekendt
1771 2881 20 78 i
1833 2881 80 96 sit
1961 2877 326 84 Notarial
2309 2875 242 98 Svar,
2595 2879 174 94 viiser
2795 2881 156 98 ham

1243 3011 128 82 ikke
1409 3007 252 80 mindre
1685 3001 136 82 blot
1845 3001 114 82 udi
1985 2997 218 102 Hans
2225 2997 280 100 Dessein
2531 3001 172 82 imod
2725 3023 74 58 en
2829 3025 94 60 un-

1247 3125 288 98 dertrykt
1573 3121 440 102 Interessent,
2059 3117 228 98 efterdi
2331 3123 130 96 han
2499 3125 168 78 uden
2703 3119 252 102 Tvang

1247 3273 88 74 og
1359 3245 536 96 Nødvendighed
1935 3243 168 82 vilde
2125 3243 178 96 giøre
2325 3243 132 80 min
2483 3239 284 100 Adgang
2793 3245 70 78 til
2887 3263 72 64 ar

1245 3367 248 92 brygge
1551 3363 414 98 vansseligere
2027 3357 104 100 for
2189 3361 154 98 mig,
2385 3361 118 78 ved
2543 3375 72 66 at
2644 3357 314 100 paasaae

1249 3489 80 82 de
1383 3481 270 102 Penge,
1705 3483 134 98 som
1897 3481 126 86 ikke
2075 3501 254 82 engang
2391 3497 154 68 vare
2613 3477 344 104 forfaldne,

2763 3595 192 84 betal-
