<?xml version="1.0" encoding="utf-8"?>
<alto xmlns="http://www.loc.gov/standards/alto/ns-v3#" xmlns:xs="http://www.w3.org/2001/XMLSchema-instance" xmlns:xlink="http://www.w3.org/1999/xlink">
	<Description>
		<MeasurementUnit>pixel</MeasurementUnit>
		<sourceImageInformation>
			<fileName>130017168372_1_008_008_008.tif</fileName>
		</sourceImageInformation>
		<OCRProcessing ID="OCR1">
			<ocrProcessingStep>
				<processingDateTime>2018-09-13</processingDateTime>
				<processingAgency>Zissor AS</processingAgency>
				<processingStepSettings>Combined OCR</processingStepSettings>
				<processingSoftware>
					<softwareCreator>Zissor AS</softwareCreator>
					<softwareName>ContentOCR-11; ContentOCR-Tesseract</softwareName>
					<softwareVersion>2.0.2; 2.0.0</softwareVersion>
					<applicationDescription>OCR Component for Zissor Content System</applicationDescription>
				</processingSoftware>
			</ocrProcessingStep>
		</OCRProcessing>
	</Description>
	<Styles>
		<TextStyle ID="STYLE1" FONTFAMILY="Arial" FONTSIZE="10.5" FONTSTYLE=""/>
		<TextStyle ID="STYLE2" FONTFAMILY="Arial" FONTSIZE="13" FONTSTYLE=""/>
		<TextStyle ID="STYLE3" FONTFAMILY="Arial" FONTSIZE="11.5" FONTSTYLE=""/>
		<TextStyle ID="STYLE4" FONTFAMILY="Arial" FONTSIZE="12" FONTSTYLE=""/>
		<TextStyle ID="STYLE5" FONTFAMILY="Arial" FONTSIZE="11" FONTSTYLE=""/>
	</Styles>
	<Layout>
		<Page ID="PAGE240" HEIGHT="4578" WIDTH="2977" PHYSICAL_IMG_NR="240" PROCESSING="OCR1" PC="0.69">
			<TopMargin HEIGHT="700" WIDTH="2977" HPOS="0" VPOS="0"/>
			<LeftMargin HEIGHT="2978" WIDTH="1040" HPOS="0" VPOS="700"/>
			<RightMargin HEIGHT="2978" WIDTH="148" HPOS="2829" VPOS="700"/>
			<BottomMargin HEIGHT="898" WIDTH="2977" HPOS="0" VPOS="3680"/>
			<PrintSpace ID="PRINTSPACE1" HEIGHT="2978" WIDTH="1787" HPOS="1041" VPOS="701">
				<ComposedBlock xs:type="ComposedBlockType" ID="ARTICLE108243" HEIGHT="2978" WIDTH="1787" HPOS="1041" VPOS="701" xlink:type="simple">
					<TextBlock xs:type="TextBlockType" ID="ZONE1127754" HEIGHT="2890" WIDTH="1787" HPOS="1041" VPOS="701" xlink:type="simple">
						<TextLine ID="LINE1" HEIGHT="102" WIDTH="1738" HPOS="1049" VPOS="701">
							<String ID="STRING1" STYLEREFS="STYLE1" HEIGHT="76" WIDTH="106" HPOS="1049" VPOS="719" CONTENT="vel" WC="0.42" LANG="dan"/>
							<SP ID="SP1" WIDTH="26" HPOS="1155" VPOS="719"/>
							<String ID="STRING2" STYLEREFS="STYLE1" HEIGHT="80" WIDTH="124" HPOS="1181" VPOS="713" CONTENT="kan" WC="0.79" LANG="dan"/>
							<SP ID="SP2" WIDTH="35" HPOS="1305" VPOS="713"/>
							<String ID="STRING3" STYLEREFS="STYLE2" HEIGHT="96" WIDTH="246" HPOS="1340" VPOS="707" CONTENT="besaae" WC="0.88" LANG="dan"/>
							<SP ID="SP3" WIDTH="31" HPOS="1586" VPOS="707"/>
							<String ID="STRING4" STYLEREFS="STYLE1" HEIGHT="94" WIDTH="92" HPOS="1617" VPOS="709" CONTENT="sig" WC="0.21" LANG="dan"/>
							<SP ID="SP4" WIDTH="32" HPOS="1709" VPOS="709"/>
							<String ID="STRING5" STYLEREFS="STYLE1" HEIGHT="78" WIDTH="142" HPOS="1741" VPOS="711" CONTENT="med" WC="0.56" LANG="dan"/>
							<SP ID="SP5" WIDTH="34" HPOS="1883" VPOS="711"/>
							<String ID="STRING6" STYLEREFS="STYLE1" HEIGHT="56" WIDTH="74" HPOS="1917" VPOS="729" CONTENT="en" WC="1" LANG="dan"/>
							<SP ID="SP6" WIDTH="34" HPOS="1991" VPOS="729"/>
							<String ID="STRING7" STYLEREFS="STYLE1" HEIGHT="98" WIDTH="318" HPOS="2025" VPOS="701" CONTENT="rerikaffen" WC="0.68" LANG="deu"/>
							<SP ID="SP7" WIDTH="32" HPOS="2343" VPOS="701"/>
							<String ID="STRING8" STYLEREFS="STYLE1" HEIGHT="98" WIDTH="264" HPOS="2375" VPOS="703" CONTENT="Handel" WC="0.68" LANG="dan"/>
							<SP ID="SP8" WIDTH="18" HPOS="2639" VPOS="703"/>
							<String ID="STRING9" STYLEREFS="STYLE1" HEIGHT="36" WIDTH="20" HPOS="2657" VPOS="761" CONTENT="," WC="0.81" LANG="dan"/>
							<SP ID="SP9" WIDTH="42" HPOS="2677" VPOS="761"/>
							<String ID="STRING10" STYLEREFS="STYLE1" HEIGHT="66" WIDTH="68" HPOS="2719" VPOS="727" CONTENT="at" WC="0.74" LANG="dan"/>
						</TextLine>
						<TextLine ID="LINE2" HEIGHT="102" WIDTH="1744" HPOS="1047" VPOS="805">
							<String ID="STRING11" STYLEREFS="STYLE1" HEIGHT="100" WIDTH="588" HPOS="1047" VPOS="807" CONTENT="smaaeStæderne" WC="0.66" LANG="dan"/>
							<SP ID="SP10" WIDTH="18" HPOS="1635" VPOS="807"/>
							<String ID="STRING12" STYLEREFS="STYLE1" HEIGHT="88" WIDTH="120" HPOS="1653" VPOS="809" CONTENT="skal" WC="0.81" LANG="dan"/>
							<SP ID="SP11" WIDTH="16" HPOS="1773" VPOS="809"/>
							<String ID="STRING13" STYLEREFS="STYLE1" HEIGHT="78" WIDTH="176" HPOS="1789" VPOS="807" CONTENT="Købe" WC="0.81" LANG="dan"/>
							<SP ID="SP12" WIDTH="14" HPOS="1965" VPOS="807"/>
							<String ID="STRING14" STYLEREFS="STYLE1" HEIGHT="90" WIDTH="436" HPOS="1979" VPOS="805" CONTENT="deresVahre" WC="0.8" LANG="dan"/>
							<SP ID="SP13" WIDTH="16" HPOS="2415" VPOS="805"/>
							<String ID="STRING15" STYLEREFS="STYLE1" HEIGHT="72" WIDTH="132" HPOS="2431" VPOS="827" CONTENT="paa" WC="0.75" LANG="dan"/>
							<SP ID="SP14" WIDTH="22" HPOS="2563" VPOS="827"/>
							<String ID="STRING16" STYLEREFS="STYLE1" HEIGHT="74" WIDTH="206" HPOS="2585" VPOS="817" CONTENT="anden" WC="0.72" LANG="dan"/>
						</TextLine>
						<TextLine ID="LINE3" HEIGHT="112" WIDTH="1744" HPOS="1047" VPOS="905">
							<String ID="STRING17" STYLEREFS="STYLE1" HEIGHT="98" WIDTH="274" HPOS="1047" VPOS="911" CONTENT="Haand" WC="0.71" LANG="dan"/>
							<SP ID="SP15" WIDTH="52" HPOS="1321" VPOS="911"/>
							<String ID="STRING18" STYLEREFS="STYLE1" HEIGHT="94" WIDTH="80" HPOS="1373" VPOS="905" CONTENT="af" WC="0.95" LANG="dan"/>
							<SP ID="SP16" WIDTH="34" HPOS="1453" VPOS="905"/>
							<String ID="STRING19" STYLEREFS="STYLE1" HEIGHT="74" WIDTH="72" HPOS="1487" VPOS="913" CONTENT="de" WC="0.8" LANG="dan"/>
							<SP ID="SP17" WIDTH="42" HPOS="1559" VPOS="913"/>
							<String ID="STRING20" STYLEREFS="STYLE1" HEIGHT="112" WIDTH="434" HPOS="1601" VPOS="905" CONTENT="indenjandske" WC="0.75" LANG="dan"/>
							<SP ID="SP18" WIDTH="38" HPOS="2035" VPOS="905"/>
							<String ID="STRING21" STYLEREFS="STYLE1" HEIGHT="90" WIDTH="158" HPOS="2073" VPOS="909" CONTENT="store" WC="0.51" LANG="dan"/>
							<SP ID="SP19" WIDTH="30" HPOS="2231" VPOS="909"/>
							<String ID="STRING22" STYLEREFS="STYLE3" HEIGHT="94" WIDTH="324" HPOS="2261" VPOS="907" CONTENT="Græder," WC="0.39" LANG="dan"/>
							<SP ID="SP20" WIDTH="34" HPOS="2585" VPOS="907"/>
							<String ID="STRING23" STYLEREFS="STYLE1" HEIGHT="74" WIDTH="172" HPOS="2619" VPOS="915" CONTENT="aller«" WC="0.68" LANG="deu"/>
						</TextLine>
						<TextLine ID="LINE4" HEIGHT="102" WIDTH="1746" HPOS="1047" VPOS="1003">
							<String ID="STRING24" STYLEREFS="STYLE1" HEIGHT="96" WIDTH="160" HPOS="1047" VPOS="1009" CONTENT="helst" WC="0.62" LANG="dan"/>
							<SP ID="SP21" WIDTH="34" HPOS="1207" VPOS="1009"/>
							<String ID="STRING25" STYLEREFS="STYLE1" HEIGHT="94" WIDTH="320" HPOS="1241" VPOS="1005" CONTENT="saadanne" WC="0.91" LANG="dan"/>
							<SP ID="SP22" WIDTH="34" HPOS="1561" VPOS="1005"/>
							<String ID="STRING26" STYLEREFS="STYLE1" HEIGHT="96" WIDTH="362" HPOS="1595" VPOS="1007" CONTENT="som.por," WC="0.65" LANG="dan"/>
							<SP ID="SP23" WIDTH="42" HPOS="1957" VPOS="1007"/>
							<String ID="STRING27" STYLEREFS="STYLE1" HEIGHT="98" WIDTH="266" HPOS="1999" VPOS="1005" CONTENT="Hamp," WC="0.66" LANG="dan"/>
							<SP ID="SP24" WIDTH="44" HPOS="2265" VPOS="1005"/>
							<String ID="STRING28" STYLEREFS="STYLE3" HEIGHT="96" WIDTH="254" HPOS="2309" VPOS="1003" CONTENT="Sraal," WC="0.76" LANG="dan"/>
							<SP ID="SP25" WIDTH="32" HPOS="2563" VPOS="1003"/>
							<String ID="STRING29" STYLEREFS="STYLE1" HEIGHT="98" WIDTH="198" HPOS="2595" VPOS="1007" CONTENT="Jern," WC="0.78" LANG="dan"/>
						</TextLine>
						<TextLine ID="LINE5" HEIGHT="100" WIDTH="1744" HPOS="1051" VPOS="1105">
							<String ID="STRING30" STYLEREFS="STYLE1" HEIGHT="94" WIDTH="226" HPOS="1051" VPOS="1107" CONTENT="Kalk," WC="0.85" LANG="dan"/>
							<SP ID="SP26" WIDTH="48" HPOS="1277" VPOS="1107"/>
							<String ID="STRING31" STYLEREFS="STYLE1" HEIGHT="94" WIDTH="262" HPOS="1325" VPOS="1105" CONTENT="Steen," WC="0.81" LANG="dan"/>
							<SP ID="SP27" WIDTH="44" HPOS="1587" VPOS="1105"/>
							<String ID="STRING32" STYLEREFS="STYLE1" HEIGHT="88" WIDTH="192" HPOS="1631" VPOS="1107" CONTENT="Kul," WC="0.81" LANG="dan"/>
							<SP ID="SP28" WIDTH="52" HPOS="1823" VPOS="1107"/>
							<String ID="STRING33" STYLEREFS="STYLE1" HEIGHT="94" WIDTH="218" HPOS="1875" VPOS="1105" CONTENT="Sild," WC="0.67" LANG="dan"/>
							<SP ID="SP29" WIDTH="58" HPOS="2093" VPOS="1105"/>
							<String ID="STRING34" STYLEREFS="STYLE1" HEIGHT="100" WIDTH="174" HPOS="2151" VPOS="1105" CONTENT="F-ff," WC="0.38" LANG="dan"/>
							<SP ID="SP30" WIDTH="30" HPOS="2325" VPOS="1105"/>
							<String ID="STRING35" STYLEREFS="STYLE1" HEIGHT="74" WIDTH="78" HPOS="2355" VPOS="1127" CONTENT="og" WC="0.66" LANG="dan"/>
							<SP ID="SP31" WIDTH="40" HPOS="2433" VPOS="1127"/>
							<String ID="STRING36" STYLEREFS="STYLE1" HEIGHT="90" WIDTH="322" HPOS="2473" VPOS="1105" CONTENT="saadanne" WC="0.78" LANG="dan"/>
						</TextLine>
						<TextLine ID="LINE6" HEIGHT="96" WIDTH="1182" HPOS="1583" VPOS="1205">
							<String ID="STRING37" STYLEREFS="STYLE1" HEIGHT="56" WIDTH="112" HPOS="1583" VPOS="1229" CONTENT="aae" WC="1" LANG="dan"/>
							<SP ID="SP32" WIDTH="32" HPOS="1695" VPOS="1229"/>
							<String ID="STRING38" STYLEREFS="STYLE1" HEIGHT="82" WIDTH="364" HPOS="1727" VPOS="1205" CONTENT="Slæderne" WC="0.74" LANG="dan"/>
							<SP ID="SP33" WIDTH="24" HPOS="2091" VPOS="1205"/>
							<String ID="STRING39" STYLEREFS="STYLE1" HEIGHT="92" WIDTH="114" HPOS="2115" VPOS="1209" CONTENT="lige" WC="0.73" LANG="dan"/>
							<SP ID="SP34" WIDTH="34" HPOS="2229" VPOS="1209"/>
							<String ID="STRING40" STYLEREFS="STYLE1" HEIGHT="92" WIDTH="108" HPOS="2263" VPOS="1205" CONTENT="saa" WC="0.87" LANG="dan"/>
							<SP ID="SP35" WIDTH="32" HPOS="2371" VPOS="1205"/>
							<String ID="STRING41" STYLEREFS="STYLE4" HEIGHT="95" WIDTH="362" HPOS="2403" VPOS="1206" CONTENT="beqvem-Ise" SUBS_TYPE="HypPart1" SUBS_CONTENT="beqvem-Iselsig" WC="0.73" LANG="dan"/>
							<HYP CONTENT="-"/>
						</TextLine>
						<TextLine ID="LINE7" HEIGHT="96" WIDTH="1746" HPOS="1049" VPOS="1305">
							<String ID="STRING42" STYLEREFS="STYLE5" HEIGHT="95" WIDTH="92" HPOS="1049" VPOS="1306" CONTENT="lsig" SUBS_TYPE="HypPart2" SUBS_CONTENT="beqvem-Iselsig" WC="0.81" LANG="dan"/>
							<SP ID="SP36" WIDTH="476" HPOS="1141" VPOS="1306"/>
							<String ID="STRING43" STYLEREFS="STYLE1" HEIGHT="76" WIDTH="184" HPOS="1617" VPOS="1309" CONTENT="bedre" WC="0.71" LANG="dan"/>
							<SP ID="SP37" WIDTH="52" HPOS="1801" VPOS="1309"/>
							<String ID="STRING44" STYLEREFS="STYLE1" HEIGHT="72" WIDTH="118" HPOS="1853" VPOS="1311" CONTENT="end" WC="0.99" LANG="dan"/>
							<SP ID="SP38" WIDTH="46" HPOS="1971" VPOS="1311"/>
							<String ID="STRING45" STYLEREFS="STYLE1" HEIGHT="74" WIDTH="72" HPOS="2017" VPOS="1309" CONTENT="de" WC="0.79" LANG="dan"/>
							<SP ID="SP39" WIDTH="30" HPOS="2089" VPOS="1309"/>
							<String ID="STRING46" STYLEREFS="STYLE3" HEIGHT="88" WIDTH="194" HPOS="2119" VPOS="1309" CONTENT="større" WC="0.58" LANG="dan"/>
							<SP ID="SP40" WIDTH="34" HPOS="2313" VPOS="1309"/>
							<String ID="STRING47" STYLEREFS="STYLE3" HEIGHT="82" WIDTH="284" HPOS="2347" VPOS="1305" CONTENT="Græder" WC="0.66" LANG="dan"/>
							<SP ID="SP41" WIDTH="38" HPOS="2631" VPOS="1305"/>
							<String ID="STRING48" STYLEREFS="STYLE1" HEIGHT="80" WIDTH="126" HPOS="2669" VPOS="1307" CONTENT="kan" WC="0.72" LANG="dan"/>
						</TextLine>
						<TextLine ID="LINE8" HEIGHT="96" WIDTH="1189" HPOS="1608" VPOS="1402">
							<String ID="STRING49" STYLEREFS="STYLE5" HEIGHT="96" WIDTH="140" HPOS="1608" VPOS="1402" CONTENT="Jeg" WC="0.87" LANG="dan"/>
							<SP ID="SP42" WIDTH="45" HPOS="1748" VPOS="1402"/>
							<String ID="STRING50" STYLEREFS="STYLE1" HEIGHT="90" WIDTH="214" HPOS="1793" VPOS="1403" CONTENT="tykkes" WC="0.62" LANG="dan"/>
							<SP ID="SP43" WIDTH="50" HPOS="2007" VPOS="1403"/>
							<String ID="STRING51" STYLEREFS="STYLE1" HEIGHT="72" WIDTH="72" HPOS="2057" VPOS="1409" CONTENT="de" WC="1" LANG="dan"/>
							<SP ID="SP44" WIDTH="46" HPOS="2129" VPOS="1409"/>
							<String ID="STRING52" STYLEREFS="STYLE1" HEIGHT="72" WIDTH="88" HPOS="2175" VPOS="1409" CONTENT="vil" WC="0.62" LANG="dan"/>
							<SP ID="SP45" WIDTH="42" HPOS="2263" VPOS="1409"/>
							<String ID="STRING53" STYLEREFS="STYLE3" HEIGHT="78" WIDTH="242" HPOS="2305" VPOS="1405" CONTENT="komme" WC="0.7" LANG="dan"/>
							<SP ID="SP46" WIDTH="44" HPOS="2547" VPOS="1405"/>
							<String ID="STRING54" STYLEREFS="STYLE3" HEIGHT="72" WIDTH="206" HPOS="2591" VPOS="1423" CONTENT="meget" WC="0.54" LANG="dan"/>
						</TextLine>
						<TextLine ID="LINE9" HEIGHT="102" WIDTH="1310" HPOS="1483" VPOS="1499">
							<String ID="STRING55" STYLEREFS="STYLE1" HEIGHT="58" WIDTH="106" HPOS="1483" VPOS="1523" CONTENT="om" WC="0.83" LANG="dan"/>
							<SP ID="SP47" WIDTH="38" HPOS="1589" VPOS="1523"/>
							<String ID="STRING56" STYLEREFS="STYLE1" HEIGHT="72" WIDTH="72" HPOS="1627" VPOS="1511" CONTENT="de" WC="0.64" LANG="dan"/>
							<SP ID="SP48" WIDTH="36" HPOS="1699" VPOS="1511"/>
							<String ID="STRING57" STYLEREFS="STYLE1" HEIGHT="88" WIDTH="220" HPOS="1735" VPOS="1501" CONTENT="hentes" WC="0.66" LANG="dan"/>
							<SP ID="SP49" WIDTH="18" HPOS="1955" VPOS="1501"/>
							<String ID="STRING58" STYLEREFS="STYLE1" HEIGHT="58" WIDTH="176" HPOS="1973" VPOS="1521" CONTENT="euren" WC="0.56" LANG="deu"/>
							<SP ID="SP50" WIDTH="24" HPOS="2149" VPOS="1521"/>
							<String ID="STRING59" STYLEREFS="STYLE1" HEIGHT="90" WIDTH="104" HPOS="2173" VPOS="1499" CONTENT="fra" WC="0.76" LANG="dan"/>
							<SP ID="SP51" WIDTH="22" HPOS="2277" VPOS="1499"/>
							<String ID="STRING60" STYLEREFS="STYLE1" HEIGHT="94" WIDTH="186" HPOS="2299" VPOS="1501" CONTENT="første" WC="0.53" LANG="dan"/>
							<SP ID="SP52" WIDTH="18" HPOS="2485" VPOS="1501"/>
							<String ID="STRING61" STYLEREFS="STYLE3" HEIGHT="102" WIDTH="290" HPOS="2503" VPOS="1499" CONTENT="Haand," WC="0.67" LANG="dan"/>
						</TextLine>
						<TextLine ID="LINE10" HEIGHT="96" WIDTH="1377" HPOS="1418" VPOS="1597">
							<String ID="STRING62" STYLEREFS="STYLE4" HEIGHT="74" WIDTH="73" HPOS="1418" VPOS="1606" CONTENT="de" WC="0.88" LANG="dan"/>
							<SP ID="SP53" WIDTH="46" HPOS="1491" VPOS="1606"/>
							<String ID="STRING63" STYLEREFS="STYLE1" HEIGHT="84" WIDTH="286" HPOS="1537" VPOS="1599" CONTENT="Græder" WC="0.64" LANG="dan"/>
							<SP ID="SP54" WIDTH="54" HPOS="1823" VPOS="1599"/>
							<String ID="STRING64" STYLEREFS="STYLE1" HEIGHT="94" WIDTH="164" HPOS="1877" VPOS="1597" CONTENT="hvor" WC="0.61" LANG="dan"/>
							<SP ID="SP55" WIDTH="54" HPOS="2041" VPOS="1597"/>
							<String ID="STRING65" STYLEREFS="STYLE1" HEIGHT="72" WIDTH="108" HPOS="2095" VPOS="1603" CONTENT="der" WC="0.8" LANG="dan"/>
							<SP ID="SP56" WIDTH="46" HPOS="2203" VPOS="1603"/>
							<String ID="STRING66" STYLEREFS="STYLE1" HEIGHT="78" WIDTH="204" HPOS="2249" VPOS="1599" CONTENT="kunde" WC="0.54" LANG="dan"/>
							<SP ID="SP57" WIDTH="50" HPOS="2453" VPOS="1599"/>
							<String ID="STRING67" STYLEREFS="STYLE1" HEIGHT="70" WIDTH="76" HPOS="2503" VPOS="1623" CONTENT="og" WC="0.82" LANG="dan"/>
							<SP ID="SP58" WIDTH="34" HPOS="2579" VPOS="1623"/>
							<String ID="STRING68" STYLEREFS="STYLE4" HEIGHT="85" WIDTH="182" HPOS="2613" VPOS="1603" CONTENT="skee-Sle" SUBS_TYPE="HypPart1" SUBS_CONTENT="skee-Slebringes" WC="0.74" LANG="dan"/>
							<HYP CONTENT="-"/>
						</TextLine>
						<TextLine ID="LINE11" HEIGHT="102" WIDTH="1781" HPOS="1046" VPOS="1695">
							<String ID="STRING69" STYLEREFS="STYLE4" HEIGHT="95" WIDTH="290" HPOS="1046" VPOS="1701" CONTENT="bringes" SUBS_TYPE="HypPart2" SUBS_CONTENT="skee-Slebringes" WC="0.84" LANG="dan"/>
							<SP ID="SP59" WIDTH="-285" HPOS="1336" VPOS="1701"/>
							<String ID="STRING70" STYLEREFS="STYLE1" HEIGHT="84" WIDTH="270" HPOS="1051" VPOS="1713" CONTENT="bringes" WC="0.69" LANG="dan"/>
							<SP ID="SP60" WIDTH="36" HPOS="1321" VPOS="1713"/>
							<String ID="STRING71" STYLEREFS="STYLE1" HEIGHT="78" WIDTH="188" HPOS="1357" VPOS="1717" CONTENT="noget" WC="0.78" LANG="dan"/>
							<SP ID="SP61" WIDTH="38" HPOS="1545" VPOS="1717"/>
							<String ID="STRING72" STYLEREFS="STYLE1" HEIGHT="96" WIDTH="120" HPOS="1583" VPOS="1699" CONTENT="hen" WC="0.98" LANG="dan"/>
							<SP ID="SP62" WIDTH="44" HPOS="1703" VPOS="1699"/>
							<String ID="STRING73" STYLEREFS="STYLE1" HEIGHT="96" WIDTH="108" HPOS="1747" VPOS="1695" CONTENT="fra" WC="0.75" LANG="dan"/>
							<SP ID="SP63" WIDTH="48" HPOS="1855" VPOS="1695"/>
							<String ID="STRING74" STYLEREFS="STYLE1" HEIGHT="78" WIDTH="74" HPOS="1903" VPOS="1697" CONTENT="tit" WC="0.51" LANG="dan"/>
							<SP ID="SP64" WIDTH="50" HPOS="1977" VPOS="1697"/>
							<String ID="STRING75" STYLEREFS="STYLE1" HEIGHT="82" WIDTH="298" HPOS="2027" VPOS="1695" CONTENT="bemeldte" WC="0.77" LANG="dan"/>
							<SP ID="SP65" WIDTH="32" HPOS="2325" VPOS="1695"/>
							<String ID="STRING76" STYLEREFS="STYLE1" HEIGHT="90" WIDTH="208" HPOS="2357" VPOS="1697" CONTENT="smaae" WC="0.92" LANG="dan"/>
							<SP ID="SP66" WIDTH="33" HPOS="2565" VPOS="1697"/>
							<String ID="STRING77" STYLEREFS="STYLE4" HEIGHT="82" WIDTH="229" HPOS="2598" VPOS="1699" CONTENT="Skade" WC="0.72" LANG="dan"/>
						</TextLine>
						<TextLine ID="LINE12" HEIGHT="100" WIDTH="1752" HPOS="1045" VPOS="1795">
							<String ID="STRING78" STYLEREFS="STYLE1" HEIGHT="76" WIDTH="138" HPOS="1045" VPOS="1807" CONTENT="Ler." WC="0.69" LANG="dan"/>
							<SP ID="SP67" WIDTH="102" HPOS="1183" VPOS="1807"/>
							<String ID="STRING79" STYLEREFS="STYLE1" HEIGHT="96" WIDTH="392" HPOS="1285" VPOS="1797" CONTENT="Oplosning" WC="0.78" LANG="dan"/>
							<SP ID="SP68" WIDTH="38" HPOS="1677" VPOS="1797"/>
							<String ID="STRING80" STYLEREFS="STYLE1" HEIGHT="72" WIDTH="78" HPOS="1715" VPOS="1821" CONTENT="og" WC="0.88" LANG="dan"/>
							<SP ID="SP69" WIDTH="34" HPOS="1793" VPOS="1821"/>
							<String ID="STRING81" STYLEREFS="STYLE1" HEIGHT="98" WIDTH="440" HPOS="1827" VPOS="1795" CONTENT="Jndffibning" WC="0.51" LANG="dan"/>
							<SP ID="SP70" WIDTH="30" HPOS="2267" VPOS="1795"/>
							<String ID="STRING82" STYLEREFS="STYLE1" HEIGHT="92" WIDTH="158" HPOS="2297" VPOS="1799" CONTENT="igien" WC="0.7" LANG="dan"/>
							<SP ID="SP71" WIDTH="30" HPOS="2455" VPOS="1799"/>
							<String ID="STRING83" STYLEREFS="STYLE1" HEIGHT="74" WIDTH="132" HPOS="2485" VPOS="1817" CONTENT="paa" WC="0.8" LANG="dan"/>
							<SP ID="SP72" WIDTH="38" HPOS="2617" VPOS="1817"/>
							<String ID="STRING84" STYLEREFS="STYLE1" HEIGHT="96" WIDTH="142" HPOS="2655" VPOS="1799" CONTENT="disse" WC="0.89" LANG="dan"/>
						</TextLine>
						<TextLine ID="LINE13" HEIGHT="104" WIDTH="1746" HPOS="1049" VPOS="1891">
							<String ID="STRING85" STYLEREFS="STYLE1" HEIGHT="92" WIDTH="170" HPOS="1049" VPOS="1903" CONTENT="store" WC="0.66" LANG="dan"/>
							<SP ID="SP73" WIDTH="28" HPOS="1219" VPOS="1903"/>
							<String ID="STRING86" STYLEREFS="STYLE1" HEIGHT="96" WIDTH="322" HPOS="1247" VPOS="1897" CONTENT="Græder," WC="0.68" LANG="dan"/>
							<SP ID="SP74" WIDTH="28" HPOS="1569" VPOS="1897"/>
							<String ID="STRING87" STYLEREFS="STYLE1" HEIGHT="96" WIDTH="214" HPOS="1597" VPOS="1895" CONTENT="saavel" WC="0.8" LANG="dan"/>
							<SP ID="SP75" WIDTH="28" HPOS="1811" VPOS="1895"/>
							<String ID="STRING88" STYLEREFS="STYLE1" HEIGHT="90" WIDTH="132" HPOS="1839" VPOS="1897" CONTENT="som" WC="0.77" LANG="dan"/>
							<SP ID="SP76" WIDTH="34" HPOS="1971" VPOS="1897"/>
							<String ID="STRING89" STYLEREFS="STYLE1" HEIGHT="102" WIDTH="412" HPOS="2005" VPOS="1891" CONTENT="Pakhusene," WC="0.77" LANG="dan"/>
							<SP ID="SP77" WIDTH="28" HPOS="2417" VPOS="1891"/>
							<String ID="STRING90" STYLEREFS="STYLE1" HEIGHT="58" WIDTH="60" HPOS="2445" VPOS="1917" CONTENT="er" WC="0.62" LANG="dan"/>
							<SP ID="SP78" WIDTH="18" HPOS="2505" VPOS="1917"/>
							<String ID="STRING91" STYLEREFS="STYLE1" HEIGHT="80" WIDTH="272" HPOS="2523" VPOS="1899" CONTENT="alletider" WC="0.71" LANG="dan"/>
						</TextLine>
						<TextLine ID="LINE14" HEIGHT="104" WIDTH="1769" HPOS="1051" VPOS="1993">
							<String ID="STRING92" STYLEREFS="STYLE1" HEIGHT="96" WIDTH="136" HPOS="1051" VPOS="1999" CONTENT="heel" WC="0.83" LANG="dan"/>
							<SP ID="SP79" WIDTH="46" HPOS="1187" VPOS="1999"/>
							<String ID="STRING93" STYLEREFS="STYLE1" HEIGHT="96" WIDTH="254" HPOS="1233" VPOS="1997" CONTENT="kostbar" WC="0.59" LANG="dan"/>
							<SP ID="SP80" WIDTH="52" HPOS="1487" VPOS="1997"/>
							<String ID="STRING94" STYLEREFS="STYLE1" HEIGHT="72" WIDTH="82" HPOS="1539" VPOS="2019" CONTENT="og" WC="0.91" LANG="dan"/>
							<SP ID="SP81" WIDTH="52" HPOS="1621" VPOS="2019"/>
							<String ID="STRING95" STYLEREFS="STYLE1" HEIGHT="96" WIDTH="142" HPOS="1673" VPOS="1995" CONTENT="disse" WC="0.76" LANG="dan"/>
							<SP ID="SP82" WIDTH="54" HPOS="1815" VPOS="1995"/>
							<String ID="STRING96" STYLEREFS="STYLE1" HEIGHT="104" WIDTH="508" HPOS="1869" VPOS="1993" CONTENT="Omkostninger" WC="0.69" LANG="dan"/>
							<SP ID="SP83" WIDTH="34" HPOS="2377" VPOS="1993"/>
							<String ID="STRING97" STYLEREFS="STYLE4" HEIGHT="102" WIDTH="409" HPOS="2411" VPOS="1993" CONTENT="saavelsom" WC="0.84" LANG="dan"/>
							<SP ID="SP84" WIDTH="-157" HPOS="2820" VPOS="1993"/>
							<String ID="STRING98" STYLEREFS="STYLE1" HEIGHT="90" WIDTH="132" HPOS="2663" VPOS="1997" CONTENT="som" WC="0.86" LANG="dan"/>
						</TextLine>
						<TextLine ID="LINE15" HEIGHT="106" WIDTH="1744" HPOS="1049" VPOS="2091">
							<String ID="STRING99" STYLEREFS="STYLE1" HEIGHT="72" WIDTH="128" HPOS="1049" VPOS="2119" CONTENT="nye" WC="0.6" LANG="dan"/>
							<SP ID="SP85" WIDTH="38" HPOS="1177" VPOS="2119"/>
							<String ID="STRING100" STYLEREFS="STYLE1" HEIGHT="102" WIDTH="316" HPOS="1215" VPOS="2095" CONTENT="Fragter," WC="0.69" LANG="dan"/>
							<SP ID="SP86" WIDTH="60" HPOS="1531" VPOS="2095"/>
							<String ID="STRING101" STYLEREFS="STYLE1" HEIGHT="92" WIDTH="354" HPOS="1591" VPOS="2095" CONTENT="Assurance" WC="0.66" LANG="dan"/>
							<SP ID="SP87" WIDTH="34" HPOS="1945" VPOS="2095"/>
							<String ID="STRING102" STYLEREFS="STYLE1" HEIGHT="74" WIDTH="80" HPOS="1979" VPOS="2115" CONTENT="og" WC="0.8" LANG="dan"/>
							<SP ID="SP88" WIDTH="42" HPOS="2059" VPOS="2115"/>
							<String ID="STRING103" STYLEREFS="STYLE1" HEIGHT="104" WIDTH="692" HPOS="2101" VPOS="2091" CONTENT="Toldbod-Clarering," WC="0.77" LANG="dan"/>
						</TextLine>
						<TextLine ID="LINE16" HEIGHT="102" WIDTH="1781" HPOS="1047" VPOS="2191">
							<String ID="STRING104" STYLEREFS="STYLE1" HEIGHT="94" WIDTH="198" HPOS="1047" VPOS="2199" CONTENT="rillige" WC="0.67" LANG="deu"/>
							<SP ID="SP89" WIDTH="50" HPOS="1245" VPOS="2199"/>
							<String ID="STRING105" STYLEREFS="STYLE1" HEIGHT="76" WIDTH="146" HPOS="1295" VPOS="2199" CONTENT="med" WC="0.83" LANG="dan"/>
							<SP ID="SP90" WIDTH="52" HPOS="1441" VPOS="2199"/>
							<String ID="STRING106" STYLEREFS="STYLE1" HEIGHT="98" WIDTH="464" HPOS="1493" VPOS="2193" CONTENT="Grosserernes" WC="0.74" LANG="dan"/>
							<SP ID="SP91" WIDTH="38" HPOS="1957" VPOS="2193"/>
							<String ID="STRING107" STYLEREFS="STYLE4" HEIGHT="100" WIDTH="833" HPOS="1995" VPOS="2191" CONTENT="Fordeel-Talensettes1«" WC="0.81" LANG="dan"/>
							<SP ID="SP92" WIDTH="-481" HPOS="2828" VPOS="2191"/>
							<String ID="STRING108" STYLEREFS="STYLE1" HEIGHT="96" WIDTH="116" HPOS="2347" VPOS="2195" CONTENT="ffal" WC="0.61" LANG="dan"/>
							<SP ID="SP93" WIDTH="28" HPOS="2463" VPOS="2195"/>
							<String ID="STRING109" STYLEREFS="STYLE1" HEIGHT="72" WIDTH="88" HPOS="2491" VPOS="2203" CONTENT="alt" WC="1" LANG="dan"/>
							<SP ID="SP94" WIDTH="30" HPOS="2579" VPOS="2203"/>
							<String ID="STRING110" STYLEREFS="STYLE1" HEIGHT="94" WIDTH="182" HPOS="2609" VPOS="2193" CONTENT="serres" WC="0.81" LANG="dan"/>
						</TextLine>
						<TextLine ID="LINE17" HEIGHT="104" WIDTH="1746" HPOS="1045" VPOS="2291">
							<String ID="STRING111" STYLEREFS="STYLE1" HEIGHT="78" WIDTH="144" HPOS="1045" VPOS="2317" CONTENT="paa" WC="0.75" LANG="dan"/>
							<SP ID="SP95" WIDTH="42" HPOS="1189" VPOS="2317"/>
							<String ID="STRING112" STYLEREFS="STYLE1" HEIGHT="100" WIDTH="352" HPOS="1231" VPOS="2291" CONTENT="Vahrene." WC="0.79" LANG="dan"/>
							<SP ID="SP96" WIDTH="102" HPOS="1583" VPOS="2291"/>
							<String ID="STRING113" STYLEREFS="STYLE1" HEIGHT="80" WIDTH="174" HPOS="1685" VPOS="2293" CONTENT="Men" WC="0.54" LANG="dan"/>
							<SP ID="SP97" WIDTH="52" HPOS="1859" VPOS="2293"/>
							<String ID="STRING114" STYLEREFS="STYLE1" HEIGHT="82" WIDTH="88" HPOS="1911" VPOS="2291" CONTENT="vil" WC="0.75" LANG="dan"/>
							<SP ID="SP98" WIDTH="46" HPOS="1999" VPOS="2291"/>
							<String ID="STRING115" STYLEREFS="STYLE1" HEIGHT="58" WIDTH="156" HPOS="2045" VPOS="2313" CONTENT="man" WC="1" LANG="dan"/>
							<SP ID="SP99" WIDTH="40" HPOS="2201" VPOS="2313"/>
							<String ID="STRING116" STYLEREFS="STYLE1" HEIGHT="94" WIDTH="158" HPOS="2241" VPOS="2295" CONTENT="sige," WC="0.63" LANG="dan"/>
							<SP ID="SP100" WIDTH="42" HPOS="2399" VPOS="2295"/>
							<String ID="STRING117" STYLEREFS="STYLE1" HEIGHT="74" WIDTH="100" HPOS="2441" VPOS="2299" CONTENT="det" WC="0.78" LANG="dan"/>
							<SP ID="SP101" WIDTH="32" HPOS="2541" VPOS="2299"/>
							<String ID="STRING118" STYLEREFS="STYLE1" HEIGHT="78" WIDTH="122" HPOS="2573" VPOS="2295" CONTENT="kan" WC="0.92" LANG="dan"/>
							<SP ID="SP102" WIDTH="30" HPOS="2695" VPOS="2295"/>
							<String ID="STRING119" STYLEREFS="STYLE1" HEIGHT="94" WIDTH="66" HPOS="2725" VPOS="2295" CONTENT="jo" WC="0.75" LANG="dan"/>
						</TextLine>
						<TextLine ID="LINE18" HEIGHT="102" WIDTH="1750" HPOS="1047" VPOS="2389">
							<String ID="STRING120" STYLEREFS="STYLE1" HEIGHT="62" WIDTH="172" HPOS="1047" VPOS="2413" CONTENT="være" WC="0.72" LANG="dan"/>
							<SP ID="SP103" WIDTH="30" HPOS="1219" VPOS="2413"/>
							<String ID="STRING121" STYLEREFS="STYLE1" HEIGHT="86" WIDTH="514" HPOS="1249" VPOS="2389" CONTENT="Kiøbmændene" WC="0.76" LANG="dan"/>
							<SP ID="SP104" WIDTH="32" HPOS="1763" VPOS="2389"/>
							<String ID="STRING122" STYLEREFS="STYLE1" HEIGHT="74" WIDTH="14" HPOS="1795" VPOS="2395" CONTENT="i" WC="0.66" LANG="dan"/>
							<SP ID="SP105" WIDTH="36" HPOS="1809" VPOS="2395"/>
							<String ID="STRING123" STYLEREFS="STYLE1" HEIGHT="72" WIDTH="72" HPOS="1845" VPOS="2399" CONTENT="de" WC="0.77" LANG="dan"/>
							<SP ID="SP106" WIDTH="30" HPOS="1917" VPOS="2399"/>
							<String ID="STRING124" STYLEREFS="STYLE1" HEIGHT="94" WIDTH="178" HPOS="1947" VPOS="2389" CONTENT="smaa" WC="0.92" LANG="dan"/>
							<SP ID="SP107" WIDTH="32" HPOS="2125" VPOS="2389"/>
							<String ID="STRING125" STYLEREFS="STYLE1" HEIGHT="84" WIDTH="280" HPOS="2157" VPOS="2391" CONTENT="Græder" WC="0.79" LANG="dan"/>
							<SP ID="SP108" WIDTH="22" HPOS="2437" VPOS="2391"/>
							<String ID="STRING126" STYLEREFS="STYLE1" HEIGHT="94" WIDTH="338" HPOS="2459" VPOS="2397" CONTENT="ligemeger," WC="0.7" LANG="dan"/>
						</TextLine>
						<TextLine ID="LINE19" HEIGHT="98" WIDTH="1746" HPOS="1047" VPOS="2491">
							<String ID="STRING127" STYLEREFS="STYLE1" HEIGHT="78" WIDTH="84" HPOS="1047" VPOS="2495" CONTENT="Le" WC="0.61" LANG="dan"/>
							<SP ID="SP109" WIDTH="46" HPOS="1131" VPOS="2495"/>
							<String ID="STRING128" STYLEREFS="STYLE1" HEIGHT="80" WIDTH="128" HPOS="1177" VPOS="2495" CONTENT="kan" WC="1" LANG="dan"/>
							<SP ID="SP110" WIDTH="44" HPOS="1305" VPOS="2495"/>
							<String ID="STRING129" STYLEREFS="STYLE1" HEIGHT="92" WIDTH="140" HPOS="1349" VPOS="2493" CONTENT="sette" WC="0.85" LANG="nob"/>
							<SP ID="SP111" WIDTH="44" HPOS="1489" VPOS="2493"/>
							<String ID="STRING130" STYLEREFS="STYLE1" HEIGHT="74" WIDTH="182" HPOS="1533" VPOS="2499" CONTENT="deres" WC="0.82" LANG="dan"/>
							<SP ID="SP112" WIDTH="42" HPOS="1715" VPOS="2499"/>
							<String ID="STRING131" STYLEREFS="STYLE1" HEIGHT="96" WIDTH="282" HPOS="1757" VPOS="2491" CONTENT="Udsalgs" WC="0.76" LANG="dan"/>
							<SP ID="SP113" WIDTH="16" HPOS="2039" VPOS="2491"/>
							<String ID="STRING132" STYLEREFS="STYLE1" HEIGHT="98" WIDTH="262" HPOS="2055" VPOS="2491" CONTENT="«Priser" WC="0.62" LANG="dan"/>
							<SP ID="SP114" WIDTH="78" HPOS="2317" VPOS="2491"/>
							<String ID="STRING133" STYLEREFS="STYLE1" HEIGHT="92" WIDTH="256" HPOS="2395" VPOS="2491" CONTENT="derefter" WC="0.85" LANG="dan"/>
							<SP ID="SP115" WIDTH="42" HPOS="2651" VPOS="2491"/>
							<String ID="STRING134" STYLEREFS="STYLE1" HEIGHT="92" WIDTH="100" HPOS="2693" VPOS="2491" CONTENT="for" WC="0.75" LANG="dan"/>
						</TextLine>
						<TextLine ID="LINE20" HEIGHT="96" WIDTH="1746" HPOS="1047" VPOS="2591">
							<String ID="STRING135" STYLEREFS="STYLE1" HEIGHT="86" WIDTH="294" HPOS="1047" VPOS="2591" CONTENT="Almuen" WC="0.81" LANG="dan"/>
							<SP ID="SP116" WIDTH="40" HPOS="1341" VPOS="2591"/>
							<String ID="STRING136" STYLEREFS="STYLE1" HEIGHT="90" WIDTH="134" HPOS="1381" VPOS="2591" CONTENT="som" WC="0.81" LANG="dan"/>
							<SP ID="SP117" WIDTH="54" HPOS="1515" VPOS="2591"/>
							<String ID="STRING137" STYLEREFS="STYLE1" HEIGHT="92" WIDTH="120" HPOS="1569" VPOS="2593" CONTENT="skal" WC="0.81" LANG="dan"/>
							<SP ID="SP118" WIDTH="56" HPOS="1689" VPOS="2593"/>
							<String ID="STRING138" STYLEREFS="STYLE1" HEIGHT="80" WIDTH="194" HPOS="1745" VPOS="2591" CONTENT="købe." WC="0.84" LANG="dan"/>
							<SP ID="SP119" WIDTH="128" HPOS="1939" VPOS="2591"/>
							<String ID="STRING139" STYLEREFS="STYLE1" HEIGHT="82" WIDTH="172" HPOS="2067" VPOS="2591" CONTENT="Men" WC="0.76" LANG="dan"/>
							<SP ID="SP120" WIDTH="44" HPOS="2239" VPOS="2591"/>
							<String ID="STRING140" STYLEREFS="STYLE1" HEIGHT="74" WIDTH="106" HPOS="2283" VPOS="2597" CONTENT="lad" WC="0.77" LANG="dan"/>
							<SP ID="SP121" WIDTH="54" HPOS="2389" VPOS="2597"/>
							<String ID="STRING141" STYLEREFS="STYLE1" HEIGHT="78" WIDTH="120" HPOS="2443" VPOS="2597" CONTENT="end" WC="0.78" LANG="dan"/>
							<SP ID="SP122" WIDTH="42" HPOS="2563" VPOS="2597"/>
							<String ID="STRING142" STYLEREFS="STYLE1" HEIGHT="76" WIDTH="188" HPOS="2605" VPOS="2611" CONTENT="være," WC="0.74" LANG="dan"/>
						</TextLine>
						<TextLine ID="LINE21" HEIGHT="98" WIDTH="1748" HPOS="1047" VPOS="2691">
							<String ID="STRING143" STYLEREFS="STYLE1" HEIGHT="62" WIDTH="164" HPOS="1047" VPOS="2713" CONTENT="man" WC="0.77" LANG="dan"/>
							<SP ID="SP123" WIDTH="50" HPOS="1211" VPOS="2713"/>
							<String ID="STRING144" STYLEREFS="STYLE1" HEIGHT="94" WIDTH="268" HPOS="1261" VPOS="2693" CONTENT="gaidske" WC="0.82" LANG="dan"/>
							<SP ID="SP124" WIDTH="50" HPOS="1529" VPOS="2693"/>
							<String ID="STRING145" STYLEREFS="STYLE1" HEIGHT="96" WIDTH="372" HPOS="1579" VPOS="2691" CONTENT="tilsidesetter" WC="0.74" LANG="nob"/>
							<SP ID="SP125" WIDTH="54" HPOS="1951" VPOS="2691"/>
							<String ID="STRING146" STYLEREFS="STYLE1" HEIGHT="88" WIDTH="230" HPOS="2005" VPOS="2693" CONTENT="herved" WC="0.62" LANG="dan"/>
							<SP ID="SP126" WIDTH="44" HPOS="2235" VPOS="2693"/>
							<String ID="STRING147" STYLEREFS="STYLE1" HEIGHT="84" WIDTH="94" HPOS="2279" VPOS="2693" CONTENT="sin" WC="0.73" LANG="dan"/>
							<SP ID="SP127" WIDTH="48" HPOS="2373" VPOS="2693"/>
							<String ID="STRING148" STYLEREFS="STYLE1" HEIGHT="98" WIDTH="230" HPOS="2421" VPOS="2691" CONTENT="Pligt," WC="0.74" LANG="dan"/>
							<SP ID="SP128" WIDTH="72" HPOS="2651" VPOS="2691"/>
							<String ID="STRING149" STYLEREFS="STYLE1" HEIGHT="70" WIDTH="72" HPOS="2723" VPOS="2701" CONTENT="at" WC="0.65" LANG="dan"/>
						</TextLine>
						<TextLine ID="LINE22" HEIGHT="100" WIDTH="1744" HPOS="1049" VPOS="2787">
							<String ID="STRING150" STYLEREFS="STYLE1" HEIGHT="94" WIDTH="88" HPOS="1049" VPOS="2791" CONTENT="see" WC="0.76" LANG="dan"/>
							<SP ID="SP129" WIDTH="48" HPOS="1137" VPOS="2791"/>
							<String ID="STRING151" STYLEREFS="STYLE1" HEIGHT="74" WIDTH="132" HPOS="1185" VPOS="2811" CONTENT="paa" WC="0.99" LANG="dan"/>
							<SP ID="SP130" WIDTH="44" HPOS="1317" VPOS="2811"/>
							<String ID="STRING152" STYLEREFS="STYLE1" HEIGHT="84" WIDTH="326" HPOS="1361" VPOS="2789" CONTENT="Almuens" WC="0.69" LANG="dan"/>
							<SP ID="SP131" WIDTH="32" HPOS="1687" VPOS="2789"/>
							<String ID="STRING153" STYLEREFS="STYLE1" HEIGHT="86" WIDTH="148" HPOS="1719" VPOS="2787" CONTENT="Vel" WC="0.86" LANG="dan"/>
							<SP ID="SP132" WIDTH="32" HPOS="1867" VPOS="2787"/>
							<String ID="STRING154" STYLEREFS="STYLE1" HEIGHT="76" WIDTH="20" HPOS="1899" VPOS="2793" CONTENT="i" WC="1" LANG="dan"/>
							<SP ID="SP133" WIDTH="38" HPOS="1919" VPOS="2793"/>
							<String ID="STRING155" STYLEREFS="STYLE1" HEIGHT="98" WIDTH="546" HPOS="1957" VPOS="2789" CONTENT="Almindelighed," WC="0.67" LANG="dan"/>
							<SP ID="SP134" WIDTH="36" HPOS="2503" VPOS="2789"/>
							<String ID="STRING156" STYLEREFS="STYLE1" HEIGHT="92" WIDTH="106" HPOS="2539" VPOS="2789" CONTENT="saa" WC="0.77" LANG="dan"/>
							<SP ID="SP135" WIDTH="32" HPOS="2645" VPOS="2789"/>
							<String ID="STRING157" STYLEREFS="STYLE1" HEIGHT="88" WIDTH="116" HPOS="2677" VPOS="2795" CONTENT="fly«" WC="0.61" LANG="dan"/>
						</TextLine>
						<TextLine ID="LINE23" HEIGHT="104" WIDTH="1746" HPOS="1045" VPOS="2885">
							<String ID="STRING158" STYLEREFS="STYLE1" HEIGHT="78" WIDTH="116" HPOS="1045" VPOS="2897" CONTENT="Ler" WC="0.5" LANG="dan"/>
							<SP ID="SP136" WIDTH="54" HPOS="1161" VPOS="2897"/>
							<String ID="STRING159" STYLEREFS="STYLE1" HEIGHT="88" WIDTH="126" HPOS="1215" VPOS="2897" CONTENT="dog" WC="0.76" LANG="dan"/>
							<SP ID="SP137" WIDTH="56" HPOS="1341" VPOS="2897"/>
							<String ID="STRING160" STYLEREFS="STYLE1" HEIGHT="96" WIDTH="190" HPOS="1397" VPOS="2887" CONTENT="deraf" WC="0.78" LANG="dan"/>
							<SP ID="SP138" WIDTH="40" HPOS="1587" VPOS="2887"/>
							<String ID="STRING161" STYLEREFS="STYLE1" HEIGHT="60" WIDTH="58" HPOS="1627" VPOS="2907" CONTENT="er" WC="0.62" LANG="dan"/>
							<SP ID="SP139" WIDTH="32" HPOS="1685" VPOS="2907"/>
							<String ID="STRING162" STYLEREFS="STYLE1" HEIGHT="90" WIDTH="342" HPOS="1717" VPOS="2891" CONTENT="mærkeligt" WC="0.61" LANG="dan"/>
							<SP ID="SP140" WIDTH="46" HPOS="2059" VPOS="2891"/>
							<String ID="STRING163" STYLEREFS="STYLE1" HEIGHT="94" WIDTH="156" HPOS="2105" VPOS="2885" CONTENT="Tab" WC="0.76" LANG="dan"/>
							<SP ID="SP141" WIDTH="54" HPOS="2261" VPOS="2885"/>
							<String ID="STRING164" STYLEREFS="STYLE1" HEIGHT="90" WIDTH="100" HPOS="2315" VPOS="2889" CONTENT="for" WC="0.81" LANG="dan"/>
							<SP ID="SP142" WIDTH="32" HPOS="2415" VPOS="2889"/>
							<String ID="STRING165" STYLEREFS="STYLE1" HEIGHT="76" WIDTH="74" HPOS="2447" VPOS="2895" CONTENT="de" WC="0.66" LANG="deu"/>
							<SP ID="SP143" WIDTH="28" HPOS="2521" VPOS="2895"/>
							<String ID="STRING166" STYLEREFS="STYLE1" HEIGHT="100" WIDTH="242" HPOS="2549" VPOS="2889" CONTENT="Hand«" WC="0.78" LANG="deu"/>
						</TextLine>
						<TextLine ID="LINE24" HEIGHT="102" WIDTH="1785" HPOS="1043" VPOS="2987">
							<String ID="STRING167" STYLEREFS="STYLE1" HEIGHT="76" WIDTH="180" HPOS="1043" VPOS="2997" CONTENT="lende" WC="0.84" LANG="deu"/>
							<SP ID="SP144" WIDTH="28" HPOS="1223" VPOS="2997"/>
							<String ID="STRING168" STYLEREFS="STYLE1" HEIGHT="72" WIDTH="18" HPOS="1251" VPOS="2995" CONTENT="i" WC="0.82" LANG="dan"/>
							<SP ID="SP145" WIDTH="41" HPOS="1269" VPOS="2995"/>
							<String ID="STRING169" STYLEREFS="STYLE5" HEIGHT="75" WIDTH="69" HPOS="1310" VPOS="2995" CONTENT="de" WC="0.8" LANG="dan"/>
							<SP ID="SP146" WIDTH="42" HPOS="1379" VPOS="2995"/>
							<String ID="STRING170" STYLEREFS="STYLE1" HEIGHT="90" WIDTH="206" HPOS="1421" VPOS="2989" CONTENT="smaae" WC="0.84" LANG="dan"/>
							<SP ID="SP147" WIDTH="32" HPOS="1627" VPOS="2989"/>
							<String ID="STRING171" STYLEREFS="STYLE3" HEIGHT="96" WIDTH="308" HPOS="1659" VPOS="2989" CONTENT="Græder," WC="0.61" LANG="dan"/>
							<SP ID="SP148" WIDTH="48" HPOS="1967" VPOS="2989"/>
							<String ID="STRING172" STYLEREFS="STYLE1" HEIGHT="102" WIDTH="150" HPOS="2015" VPOS="2987" CONTENT="helst" WC="0.62" LANG="dan"/>
							<SP ID="SP149" WIDTH="30" HPOS="2165" VPOS="2987"/>
							<String ID="STRING173" STYLEREFS="STYLE1" HEIGHT="78" WIDTH="18" HPOS="2195" VPOS="2991" CONTENT="i" WC="0.39" LANG="dan"/>
							<SP ID="SP150" WIDTH="20" HPOS="2213" VPOS="2991"/>
							<String ID="STRING174" STYLEREFS="STYLE1" HEIGHT="92" WIDTH="358" HPOS="2233" VPOS="2989" CONTENT="Siælland," WC="0.76" LANG="dan"/>
							<SP ID="SP151" WIDTH="28" HPOS="2591" VPOS="2989"/>
							<String ID="STRING175" STYLEREFS="STYLE1" HEIGHT="94" WIDTH="166" HPOS="2619" VPOS="2991" CONTENT="hvor" WC="0.6" LANG="dan"/>
							<SP ID="SP152" WIDTH="36" HPOS="2785" VPOS="2991"/>
							<String ID="STRING176" STYLEREFS="STYLE1" HEIGHT="24" WIDTH="7" HPOS="2821" VPOS="3049" CONTENT="," WC="0.24" LANG="dan"/>
						</TextLine>
						<TextLine ID="LINE25" HEIGHT="100" WIDTH="1706" HPOS="1045" VPOS="3087">
							<String ID="STRING177" STYLEREFS="STYLE1" HEIGHT="86" WIDTH="468" HPOS="1045" VPOS="3089" CONTENT="Landmanden" WC="0.7" LANG="dan"/>
							<SP ID="SP153" WIDTH="38" HPOS="1513" VPOS="3089"/>
							<String ID="STRING178" STYLEREFS="STYLE1" HEIGHT="90" WIDTH="118" HPOS="1551" VPOS="3091" CONTENT="har" WC="0.66" LANG="dan"/>
							<SP ID="SP154" WIDTH="30" HPOS="1669" VPOS="3091"/>
							<String ID="STRING179" STYLEREFS="STYLE1" HEIGHT="84" WIDTH="40" HPOS="1699" VPOS="3089" CONTENT="L" WC="0.31" LANG="dan"/>
							<SP ID="SP155" WIDTH="36" HPOS="1739" VPOS="3089"/>
							<String ID="STRING180" STYLEREFS="STYLE1" HEIGHT="92" WIDTH="252" HPOS="1775" VPOS="3095" CONTENT="yl'ghed" WC="0.55" LANG="dan"/>
							<SP ID="SP156" WIDTH="34" HPOS="2027" VPOS="3095"/>
							<String ID="STRING181" STYLEREFS="STYLE1" HEIGHT="62" WIDTH="70" HPOS="2061" VPOS="3107" CONTENT="at" WC="0.68" LANG="dan"/>
							<SP ID="SP157" WIDTH="32" HPOS="2131" VPOS="3107"/>
							<String ID="STRING182" STYLEREFS="STYLE1" HEIGHT="80" WIDTH="238" HPOS="2163" VPOS="3089" CONTENT="komme" WC="0.76" LANG="dan"/>
							<SP ID="SP158" WIDTH="24" HPOS="2401" VPOS="3089"/>
							<String ID="STRING183" STYLEREFS="STYLE1" HEIGHT="76" WIDTH="68" HPOS="2425" VPOS="3091" CONTENT="ril" WC="0.66" LANG="dan"/>
							<SP ID="SP159" WIDTH="20" HPOS="2493" VPOS="3091"/>
							<String ID="STRING184" STYLEREFS="STYLE1" HEIGHT="98" WIDTH="238" HPOS="2513" VPOS="3087" CONTENT="Hoved" SUBS_TYPE="HypPart1" SUBS_CONTENT="Hovedstaden" WC="0.64" LANG="dan"/>
							<HYP CONTENT="-"/>
						</TextLine>
						<TextLine ID="LINE26" HEIGHT="100" WIDTH="1744" HPOS="1043" VPOS="3185">
							<String ID="STRING185" STYLEREFS="STYLE1" HEIGHT="86" WIDTH="220" HPOS="1043" VPOS="3195" CONTENT="staden" SUBS_TYPE="HypPart2" SUBS_CONTENT="Hovedstaden" WC="0.69" LANG="dan"/>
							<SP ID="SP160" WIDTH="56" HPOS="1263" VPOS="3195"/>
							<String ID="STRING186" STYLEREFS="STYLE1" HEIGHT="74" WIDTH="78" HPOS="1319" VPOS="3211" CONTENT="og" WC="0.82" LANG="dan"/>
							<SP ID="SP161" WIDTH="54" HPOS="1397" VPOS="3211"/>
							<String ID="STRING187" STYLEREFS="STYLE1" HEIGHT="72" WIDTH="84" HPOS="1451" VPOS="3197" CONTENT="da" WC="0.69" LANG="dan"/>
							<SP ID="SP162" WIDTH="50" HPOS="1535" VPOS="3197"/>
							<String ID="STRING188" STYLEREFS="STYLE1" HEIGHT="74" WIDTH="106" HPOS="1585" VPOS="3195" CONTENT="der" WC="0.56" LANG="dan"/>
							<SP ID="SP163" WIDTH="34" HPOS="1691" VPOS="3195"/>
							<String ID="STRING189" STYLEREFS="STYLE1" HEIGHT="96" WIDTH="280" HPOS="1725" VPOS="3187" CONTENT="forsyner" WC="0.64" LANG="dan"/>
							<SP ID="SP164" WIDTH="42" HPOS="2005" VPOS="3187"/>
							<String ID="STRING190" STYLEREFS="STYLE1" HEIGHT="92" WIDTH="90" HPOS="2047" VPOS="3191" CONTENT="sig" WC="0.7" LANG="dan"/>
							<SP ID="SP165" WIDTH="40" HPOS="2137" VPOS="3191"/>
							<String ID="STRING191" STYLEREFS="STYLE1" HEIGHT="94" WIDTH="110" HPOS="2177" VPOS="3187" CONTENT="saa" WC="0.79" LANG="dan"/>
							<SP ID="SP166" WIDTH="48" HPOS="2287" VPOS="3187"/>
							<String ID="STRING192" STYLEREFS="STYLE1" HEIGHT="80" WIDTH="110" HPOS="2335" VPOS="3201" CONTENT="gor" WC="0.58" LANG="dan"/>
							<SP ID="SP167" WIDTH="32" HPOS="2445" VPOS="3201"/>
							<String ID="STRING193" STYLEREFS="STYLE1" HEIGHT="92" WIDTH="130" HPOS="2477" VPOS="3185" CONTENT="som" WC="0.89" LANG="dan"/>
							<SP ID="SP168" WIDTH="42" HPOS="2607" VPOS="3185"/>
							<String ID="STRING194" STYLEREFS="STYLE1" HEIGHT="84" WIDTH="138" HPOS="2649" VPOS="3185" CONTENT="han" WC="0.72" LANG="dan"/>
						</TextLine>
						<TextLine ID="LINE27" HEIGHT="100" WIDTH="1716" HPOS="1041" VPOS="3283">
							<String ID="STRING195" STYLEREFS="STYLE1" HEIGHT="94" WIDTH="166" HPOS="1041" VPOS="3289" CONTENT="kan," WC="0.79" LANG="dan"/>
							<SP ID="SP169" WIDTH="44" HPOS="1207" VPOS="3289"/>
							<String ID="STRING196" STYLEREFS="STYLE1" HEIGHT="70" WIDTH="84" HPOS="1251" VPOS="3297" CONTENT="da" WC="0.77" LANG="dan"/>
							<SP ID="SP170" WIDTH="52" HPOS="1335" VPOS="3297"/>
							<String ID="STRING197" STYLEREFS="STYLE1" HEIGHT="92" WIDTH="328" HPOS="1387" VPOS="3289" CONTENT="Vahrene" WC="0.6" LANG="dan"/>
							<SP ID="SP171" WIDTH="48" HPOS="1715" VPOS="3289"/>
							<String ID="STRING198" STYLEREFS="STYLE1" HEIGHT="92" WIDTH="242" HPOS="1763" VPOS="3291" CONTENT="rimelig" WC="0.69" LANG="dan"/>
							<SP ID="SP172" WIDTH="52" HPOS="2005" VPOS="3291"/>
							<String ID="STRING199" STYLEREFS="STYLE1" HEIGHT="90" WIDTH="416" HPOS="2057" VPOS="3287" CONTENT="sammestæds" WC="0.68" LANG="dan"/>
							<SP ID="SP173" WIDTH="38" HPOS="2473" VPOS="3287"/>
							<String ID="STRING200" STYLEREFS="STYLE1" HEIGHT="78" WIDTH="122" HPOS="2511" VPOS="3285" CONTENT="kan" WC="0.66" LANG="dan"/>
							<SP ID="SP174" WIDTH="22" HPOS="2633" VPOS="3285"/>
							<String ID="STRING201" STYLEREFS="STYLE1" HEIGHT="92" WIDTH="102" HPOS="2655" VPOS="3283" CONTENT="sæl" SUBS_TYPE="HypPart1" SUBS_CONTENT="sælges" WC="1" LANG="dan"/>
							<HYP CONTENT="-"/>
						</TextLine>
						<TextLine ID="LINE28" HEIGHT="104" WIDTH="1716" HPOS="1041" VPOS="3379">
							<String ID="STRING202" STYLEREFS="STYLE1" HEIGHT="84" WIDTH="118" HPOS="1041" VPOS="3399" CONTENT="ges" SUBS_TYPE="HypPart2" SUBS_CONTENT="sælges" WC="0.83" LANG="dan"/>
							<SP ID="SP175" WIDTH="36" HPOS="1159" VPOS="3399"/>
							<String ID="STRING203" STYLEREFS="STYLE1" HEIGHT="72" WIDTH="204" HPOS="1195" VPOS="3397" CONTENT="lettere" WC="0.74" LANG="dan"/>
							<SP ID="SP176" WIDTH="32" HPOS="1399" VPOS="3397"/>
							<String ID="STRING204" STYLEREFS="STYLE1" HEIGHT="70" WIDTH="118" HPOS="1431" VPOS="3397" CONTENT="end" WC="0.5" LANG="dan"/>
							<SP ID="SP177" WIDTH="32" HPOS="1549" VPOS="3397"/>
							<String ID="STRING205" STYLEREFS="STYLE5" HEIGHT="93" WIDTH="263" HPOS="1581" VPOS="3390" CONTENT="hjemme" WC="0.83" LANG="dan"/>
							<SP ID="SP178" WIDTH="21" HPOS="1844" VPOS="3390"/>
							<String ID="STRING206" STYLEREFS="STYLE1" HEIGHT="94" WIDTH="122" HPOS="1865" VPOS="3389" CONTENT="hos" WC="0.93" LANG="dan"/>
							<SP ID="SP179" WIDTH="22" HPOS="1987" VPOS="3389"/>
							<String ID="STRING207" STYLEREFS="STYLE1" HEIGHT="92" WIDTH="152" HPOS="2009" VPOS="3389" CONTENT="ham" WC="0.68" LANG="dan"/>
							<SP ID="SP180" WIDTH="18" HPOS="2161" VPOS="3389"/>
							<String ID="STRING208" STYLEREFS="STYLE1" HEIGHT="92" WIDTH="114" HPOS="2179" VPOS="3385" CONTENT="selv" WC="0.81" LANG="dan"/>
							<SP ID="SP181" WIDTH="20" HPOS="2293" VPOS="3385"/>
							<String ID="STRING209" STYLEREFS="STYLE1" HEIGHT="74" WIDTH="16" HPOS="2313" VPOS="3387" CONTENT="i" WC="0.97" LANG="dan"/>
							<SP ID="SP182" WIDTH="22" HPOS="2329" VPOS="3387"/>
							<String ID="STRING210" STYLEREFS="STYLE1" HEIGHT="92" WIDTH="206" HPOS="2351" VPOS="3381" CONTENT="smaae" WC="0.87" LANG="dan"/>
							<SP ID="SP183" WIDTH="24" HPOS="2557" VPOS="3381"/>
							<String ID="STRING211" STYLEREFS="STYLE1" HEIGHT="88" WIDTH="176" HPOS="2581" VPOS="3379" CONTENT="Slæ" SUBS_TYPE="HypPart1" SUBS_CONTENT="Slæderne." WC="0.53" LANG="dan"/>
							<HYP CONTENT="-"/>
						</TextLine>
						<TextLine ID="LINE29" HEIGHT="112" WIDTH="1748" HPOS="1041" VPOS="3479">
							<String ID="STRING212" STYLEREFS="STYLE1" HEIGHT="80" WIDTH="208" HPOS="1041" VPOS="3493" CONTENT="derne." SUBS_TYPE="HypPart2" SUBS_CONTENT="Slæderne." WC="0.61" LANG="dan"/>
							<SP ID="SP184" WIDTH="106" HPOS="1249" VPOS="3493"/>
							<String ID="STRING213" STYLEREFS="STYLE1" HEIGHT="86" WIDTH="118" HPOS="1355" VPOS="3487" CONTENT="Alt" WC="0.67" LANG="dan"/>
							<SP ID="SP185" WIDTH="32" HPOS="1473" VPOS="3487"/>
							<String ID="STRING214" STYLEREFS="STYLE1" HEIGHT="80" WIDTH="160" HPOS="1505" VPOS="3495" CONTENT="dette" WC="0.57" LANG="dan"/>
							<SP ID="SP186" WIDTH="38" HPOS="1665" VPOS="3495"/>
							<String ID="STRING215" STYLEREFS="STYLE1" HEIGHT="100" WIDTH="122" HPOS="1703" VPOS="3491" CONTENT="har" WC="0.56" LANG="dan"/>
							<SP ID="SP187" WIDTH="30" HPOS="1825" VPOS="3491"/>
							<String ID="STRING216" STYLEREFS="STYLE1" HEIGHT="96" WIDTH="190" HPOS="1855" VPOS="3489" CONTENT="bragt" WC="0.42" LANG="dan"/>
							<SP ID="SP188" WIDTH="34" HPOS="2045" VPOS="3489"/>
							<String ID="STRING217" STYLEREFS="STYLE1" HEIGHT="98" WIDTH="128" HPOS="2079" VPOS="3487" CONTENT="mig" WC="0.61" LANG="dan"/>
							<SP ID="SP189" WIDTH="34" HPOS="2207" VPOS="3487"/>
							<String ID="STRING218" STYLEREFS="STYLE1" HEIGHT="80" WIDTH="134" HPOS="2241" VPOS="3503" CONTENT="paa" WC="0.81" LANG="dan"/>
							<SP ID="SP190" WIDTH="30" HPOS="2375" VPOS="3503"/>
							<String ID="STRING219" STYLEREFS="STYLE1" HEIGHT="82" WIDTH="120" HPOS="2405" VPOS="3487" CONTENT="den" WC="0.78" LANG="dan"/>
							<SP ID="SP191" WIDTH="34" HPOS="2525" VPOS="3487"/>
							<String ID="STRING220" STYLEREFS="STYLE1" HEIGHT="96" WIDTH="230" HPOS="2559" VPOS="3479" CONTENT="Tanke" WC="0.72" LANG="dan"/>
						</TextLine>
					</TextBlock>
					<TextBlock xs:type="TextBlockType" ID="ZONE1127755" HEIGHT="78" WIDTH="88" HPOS="2701" VPOS="3601" xlink:type="simple">
						<TextLine ID="LINE30" HEIGHT="78" WIDTH="88" HPOS="2701" VPOS="3601">
							<String ID="STRING221" STYLEREFS="STYLE1" HEIGHT="78" WIDTH="88" HPOS="2701" VPOS="3601" CONTENT="og" WC="0.37" LANG="dan"/>
						</TextLine>
					</TextBlock>
				</ComposedBlock>
			</PrintSpace>
		</Page>
	</Layout>
</alto>
