3141 4550
1322 654 652 101 Dommer-Sædet,
2014 655 104 98 for
2156 671 74 68 at
2272 658 230 80 til&eelc
2526 660 136 79 eller
2696 653 304 102 stützende

1328 819 122 74 dm
1490 809 240 93 klogere
1768 802 274 99 Borger
2086 805 98 96 sin
2226 801 266 99 søgende
2530 802 156 85 Ret.

1549 1007 138 99 Jeg
1725 1006 126 98 har
1893 1004 176 97 sagt,
2109 1023 72 64 at
2217 1024 166 62 naar
2403 1002 368 99 Vragerne
2807 1004 200 100 hader

1327 1157 210 98 kjendt
1573 1152 190 90 Øllet
1807 1149 403 100 forsvarligt,
2248 1150 146 96 skal
2451 1156 102 78 det
2603 1169 83 80 og
2729 1166 283 85 antages

1328 1301 236 100 derfor.
1668 1298 342 84 Saadant
2046 1319 66 60 er
2152 1303 194 76 allem
2382 1298 22 78 i
2440 1318 80 58 en
2562 1299 106 78 vis
2692 1297 286 100 Henseen-

1324 1457 118 90 de,
1506 1469 82 77 og
1640 1462 168 66 naar
1864 1465 160 60 man
2074 1443 126 82 ikke
2256 1443 198 101 haver
2496 1446 306 94 iagttaget
2842 1445 136 98 For-

1327 1597 362 93 maliteten,
1731 1610 70 64 at
1835 1588 320 101 forstaae;
2203 1591 98 93 thi
2343 1594 108 78 der
2489 1610 62 60 er
2589 1591 310 80 ordineret
2931 1611 80 59 en

1323 1739 144 92 Ret
1507 1734 574 104 overdragerne,
2119 1733 134 98 som
2295 1736 218 82 kaldes
2529 1732 454 103 Prøve-Kam-

1323 1905 243 84 meret;
1629 1906 145 62 men
1813 1892 103 76 det
1953 1907 67 60 er
2057 1881 123 84 ikke
2235 1882 235 98 enhver
2509 1882 503 98 Kjeldermand,

1320 2045 148 74 eller
1526 2025 640 103 Vertshuusholder
2194 2081 26 44 ,
2286 2026 134 90 som
2480 2026 122 96 har
2672 2033 122 76 den
2848 2045 160 64 rette

1314 2166 369 110 Kundskab
1724 2182 266 87 derom,
2036 2195 82 76 og
2156 2179 100 90 de,
2296 2170 134 94 som
2466 2170 172 100 have
2670 2177 148 90 den,
2858 2173 146 81 bide

1315 2329 380 84 undertiden
1749 2326 116 78 ndi
1919 2335 58 66 tt
2031 2319 182 94 simrt
2269 2316 256 100 ALble,
2587 2314 108 99 for
2749 2317 124 82 ikke
2933 2332 74 66 ar

1313 2473 154 100 faae
1519 2477 106 80 det
1675 2474 278 78 raadent
2011 2467 140 80 eller
2189 2462 412 100 ormstukken.
2739 2461 264 88 Beter

1314 2643 88 76 og
1450 2639 82 64 en
1586 2616 368 93 almindelig
2001 2607 227 102 Troe,
2284 2624 78 68 at
2413 2614 121 80 den
2590 2626 138 65 eene
2785 2607 217 88 Ravn

1318 2767 128 84 ikke
1484 2767 208 100 gjerne
1732 2766 244 94 hugger
2008 2754 191 101 Over
2236 2762 92 78 ud
2370 2776 134 76 paa
2530 2758 134 84 den
2700 2763 230 78 anden.

1534 2961 69 101 I
1644 2954 369 110 Henseende
2045 2961 76 78 til
2154 2947 675 110 Prøve-Kammeret,
2870 2955 123 96 har

1311 3110 502 103 Forordningen
1857 3106 78 97 af
1973 3103 316 100 izJunii
2337 3124 126 72 175
2481 3128 34 66 5
2567 3119 198 78 meget
2803 3119 158 63 mær-

1317 3259 157 96 kelig
1513 3258 431 81 determineret
1979 3255 115 80 udi
2139 3257 165 90 15de
2341 3248 189 100 Art.,
2579 3263 73 66 at
2689 3251 75 78 de
2801 3248 189 82 dertil

1310 3408 364 95 antagende
1730 3408 124 82 sde
1890 3394 774 97 Brændevinsbrændere
2720 3415 82 78 og
2860 3399 126 76 2de

2840 3537 150 94 Ølb
