3015 4637
1068 563 98 60 io

1056 749 184 78 deres
1272 739 276 102 Familie
1580 732 104 98 fra
1736 742 118 76 den
1900 739 400 98 almindelige
2326 737 202 102 Hob,
2586 763 76 75 og
2692 746 108 82 det

1056 845 127 78 kan
1232 863 71 70 ey
1354 861 43 56 a
1426 845 121 74 .det
1596 856 201 76 være,
1844 846 179 74 deres
2066 838 329 101 Omgang
2426 845 145 76 med
2600 848 195 74 andre

1059 941 166 100 Folk
1255 935 78 94 af
1357 941 114 94 lige
1497 934 308 96 Opførsel
1821 936 340 90 udfordrer
2193 945 120 78 det.
2417 939 206 84 Naar
2637 938 158 98 Folk

1061 1037 80 94 af
1173 1043 116 74 den
1323 1037 250 86 Stand
1615 1038 314 82 kommeri
1953 1030 484 105 Armod,erede
2475 1035 82 98 af
2587 1046 118 74 alle
2739 1060 61 70 ex-

1062 1138 295 102 lendias,—
1377 1143 70 76 de
1483 1139 118 93 har
1633 1140 152 78 intet
1821 1144 136 74 lært
1973 1144 136 75 eller
2127 1161 64 58 er
2205 1157 248 78 opvant
2485 1143 120 78 ved
2627 1144 168 74 uden

1063 1243 104 74 det
1215 1235 268 100 samme,
1539 1258 78 76 og
1673 1240 220 80 derudi
1941 1238 120 80 kan
2095 1243 76 76 de
2197 1243 152 80 intet
2379 1237 280 98 foretage
2705 1240 92 92 sig

1061 1339 170 78 uden
1261 1335 254 104 Penge.
1619 1334 100 88 Er
1747 1342 178 74 deres
1959 1334 214 90 Børn
2199 1337 214 82 bleven
2431 1339 70 80 til
2529 1337 270 95 Alders,

1061 1457 85 76 og
1171 1443 101 74 vel
1325 1453 249 76 opvam
1613 1442 123 76 ved
1783 1440 197 78 denne
2009 1436 383 82 Levemaade
2425 1457 81 76 og
2537 1434 263 96 Opfør»

1062 1535 74 90 føl
1178 1533 134 94 som
1356 1517 204 108 falder
1588 1540 20 74 i
1642 1540 118 74 den
1798 1532 276 95 Stand,
2114 1555 80 76 og
2226 1541 166 72 uden
2420 1555 72 60 at
2522 1541 136 74 lære
2682 1554 82 60 no-

1060 1653 102 78 get
1192 1639 216 80 andet,
1446 1635 166 95 gjort
1642 1636 92 92 sig
1766 1630 564 98 Reigningpaaat
2364 1630 174 82 blive

1058 1733 280 92 samme,
1398 1733 198 79 bliver
1646 1736 74 74 de
1764 1734 116 94 lige
1930 1728 128 94 som
2112 1735 200 76 andre
2344 1737 166 74 uden
2544 1725 100 96 for
2674 1728 104 83 Ar-

1062 1829 760 96 beydssandenybaade
1614 1830 208 78 baade
1852 1826 100 96 for
1986 1836 142 74 dem
2160 1829 118 92 selv
2312 1849 80 76 og
2426 1827 100 96 for
2542 1827 264 84 Staren

1060 1931 230 96 ligesaa
1336 1946 206 81 meget
1590 1934 72 78 til
1710 1928 244 98 Byrde
1988 1926 130 94 som
2160 1931 68 78 til
2260 1927 234 88 Gavn.
2590 1927 214 101 Hvad

1061 2053 66 58 er
1169 2037 102 74 det
1314 2035 87 72 da
1450 2027 105 94 for
1602 2026 217 96 Nytte
1865 2046 72 62 ar
1967 2030 212 80 tillade
2204 2031 177 92 fleere
2410 2025 399 84 Kiøbmænd

1058 2141 231 85 paa-Jer
1231 2145 58 64 er
1319 2127 246 93 Stæd,
1607 2132 120 76 end
1771 2124 138 94 som
1943 2131 230 76 derved
2207 2127 122 82 kan
2355 2125 302 94 soutinere
2689 2126 116 98 sig,

1067 2235 208 74 under
1309 2233 120 74 den
1443 2225 342 97 Smigren
1799 2244 72 62 at
1889 2226 528 100 Folkemængden
2433 2231 220 78 derved
2677 2206 98 106 for-

1059 2337 212 70 meres
1287 2331 36 72 ?
1427 2327 172 81 Med
1635 2324 230 100 ligesaa
1897 2330 130 92 god
2049 2325 204 84 Skæl
2267 2325 198 80 kunde
2483 2345 152 60 man
2657 2326 146 92 sige,

1063 2433 104 74 det
1211 2445 126 62 var
1383 2443 114 76 got
1541 2442 72 64 at
1647 2430 74 76 de
1747 2422 372 97 Verdslige
2145 2445 78 78 og
2249 2423 302 96 Geistlige
2575 2422 232 86 Embe,

1061 2531 115 76 der
1205 2543 155 60 vare
1395 2531 189 75 deelre
1621 2526 73 78 til
1719 2528 175 88 fleere
1925 2523 345 101 Personer,
2307 2545 133 72 paa
2471 2529 99 76 det
2595 2520 189 102 Folke-

1062 2631 342 90 mængden
1434 2630 120 78 ved
1588 2630 146 76 dem
1768 2630 284 76 desmere
2088 2623 206 80 kunde
2326 2627 230 96 tiltage.

1292 2739 170 84 Men
1508 2744 108 74 lad
1650 2750 82 70 os
1788 2740 192 80 tænke
2028 2757 124 64 ret:
2216 2739 182 82 Mon
2442 2745 102 74 det
2578 2745 84 74 da
2688 2734 124 82 ikke

1064 2843 212 80 kunde
1322 2859 168 60 være
1538 2842 76 76 de
1668 2838 400 94 arbeydende
2132 2837 296 100 Hænder
2506 2841 62 76 vi
2612 2837 204 79 kunde

1066 2939 248 98 behøve
1338 2941 20 78 i
1390 2941 198 92 større
1618 2936 342 100 Mængde,
2004 2960 80 75 og
2124 2943 142 76 dem
2300 2935 412 96 frembringes
2730 2930 58 80 ik-

1066 3041 132 80 kun
1228 3037 116 98 faa
1370 3035 108 98 af,
1520 3053 179 86 enten
2488 3031 289 86 Embeds-

1064 3138 431 83 Stcenderne
1598 3136 161 98 Mig
1794 3134 215 98 tykkes
2040 3144 103 75 det
2158 3155 65 60 er
2236 3135 305 92 underlig,
2560 3147 73 64 at
2648 3148 159 62 man

1065 3259 74 74 ey
1181 3245 172 70 uden
1387 3238 260 94 ringeste
1665 3236 344 96 Hindring
2043 3241 136 77 eller
2195 3231 426 100 Indvending
2645 3234 138 74 tilla-

1065 3341 112 74 der
1216 3335 357 94 Ægteskab
1607 3338 18 76 i
1661 3336 506 96 Krigsstanden,
2199 3333 198 78 baade
2413 3331 20 78 i
2463 3335 72 76 de
2557 3327 224 85 Natio-

1067 3441 146 72 nale
1255 3455 80 72 og
1373 3433 360 84 Gevorbne
1769 3434 426 98 Regimenter.
2245 3427 120 98 Og
2389 3431 164 94 hvor
2569 3429 126 79 kan
2711 3430 102 78 vel

1067 3551 208 80 nogen
1307 3531 418 102 Proprietair
1775 3540 138 78 eller
1957 3534 338 100 Forvalter
2341 3525 182 104 faldes
2547 3546 136 81 paa
2741 3540 72 66 at
