2975 4533
1113 399 88 65 H

1126 557 137 96 som
1298 559 237 97 bruger
1572 557 249 98 Møget
1853 560 68 82 ril
1954 567 181 78 deres
2170 569 257 99 Nytte,
2497 576 84 77 da
2617 577 70 81 de
2713 576 70 85 ka-

1129 659 119 94 ster
1279 664 103 79 det
1411 654 103 92 fra
1553 657 89 95 sig
1674 663 170 75 uden
1871 656 99 97 for
2011 660 251 104 Byen,
2337 667 273 94 hvorde
2666 694 118 59 nær-

1126 758 157 90 mest
1310 751 127 82 kan
1464 751 161 83 blive
1674 760 99 79 det
1808 756 133 96 qvit
1971 768 340 94 undtagen
2352 771 101 78 det
2488 768 173 98 sidste
2690 770 127 85 Læs

1131 869 113 60 om
1277 854 73 75 de
1377 849 205 80 iblant
1623 850 125 81 kan
1787 862 275 78 overtale
2107 862 87 95 sig
2235 862 69 82 ril
2334 883 72 60 ar
2453 880 141 81 tage
2640 885 178 80 noget

1130 943 193 96 deraf
1350 945 163 94 hiem
1552 956 143 82 med
1752 953 129 97 sig;
1946 953 515 91 Renovationen
2512 965 307 95 bebyrdes

1130 1057 87 81 og
1457 1053 141 80 med
1627 1054 197 82 denne
1850 1051 253 94 Kjørsel
2201 1058 89 94 thi
2315 1065 103 76 det
2453 1080 63 58 er
2535 1061 287 100 kiendelig

1132 1156 75 64 at
1240 1140 373 87 Bønderne
1646 1142 131 94 som
1812 1148 251 83 komme
2080 1159 141 77 med
2262 1158 281 96 daarlige
2568 1159 253 98 Vogne

1125 1258 86 73 og
1241 1244 75 76 de
1349 1244 165 92 fleste
1559 1250 169 74 uden
1761 1243 303 89 Smekke
2095 1253 179 81 taber
2301 1260 103 79 det
2455 1261 185 94 meste
2689 1279 133 74 paa

1130 1333 339 85 Stadens
1512 1339 279 96 Gader,
1874 1344 135 93 som
2056 1346 255 100 forøger
2352 1349 471 85 Renovations

1129 1431 355 88 Kiorselen.
1591 1435 299 94 Dersom
1934 1453 97 84 jeg
2083 1448 215 91 herom
2347 1465 105 65 tor
2501 1452 119 97 sige
2655 1455 169 79 mine

1130 1527 271 91 Tanker
1428 1530 187 98 synes
1648 1537 135 94 mig
1822 1542 101 75 det
1960 1561 121 59 var
2134 1543 181 82 bedre
2352 1565 73 59 ar
2456 1544 365 89 Bønderne

1124 1626 180 99 bleve
1337 1628 263 94 befriede
1629 1628 101 98 for
1769 1639 163 81 dette
1967 1637 325 101 Hoverie,
2327 1642 495 101 ogidersSted

1138 1725 177 85 bleve
1342 1734 301 89 paakagte
1678 1749 73 60 ar
1784 1731 202 86 betale
2030 1758 73 58 en
2142 1739 105 78 vis
2286 1740 249 94 taalelig
2596 1741 227 103 Penge

1121 1826 251 95 aarlig,
1429 1824 133 92 som
1607 1828 205 83 kunde
1849 1830 181 96 gives
2083 1834 475 98 Vognmands
2593 1839 231 98 Lauget

1124 1919 110 96 her
1262 1924 22 77 i
1336 1919 292 93 Staden
1656 1920 100 98 for
1796 1933 142 74 med
2000 1933 184 78 deres
2220 1918 204 96 'tætte
2468 1934 255 96 Vogne
2754 1953 69 66 at

1119 2016 290 91 bortføre
1437 2018 244 100 Møget
1717 2021 102 92 fra
1839 2022 384 88 Staldenes
2239 2030 335 99 Dynger;
2617 2033 178 83 Den-

1120 2135 84 64 ne
1234 2119 392 95 Anordning
1662 2116 186 99 synes
1884 2123 129 97 mig
2056 2128 142 77 ville
2234 2126 138 88 føre
2398 2149 236 76 mange
2662 2137 160 87 gode

1126 2211 181 102 Ting
1323 2222 146 74 med
1501 2217 132 95 sig,
1689 2217 90 94 thi
1823 2218 374 86 Bønderne
2241 2228 174 87 bleve
2461 2232 230 78 derved
2725 2231 70 80 be-

1117 2302 193 107 friede
1337 2307 105 96 fra
1500 2319 172 74 dette
1739 2315 309 97 Arbeide,
2117 2319 131 92 som
2310 2331 76 78 de
2454 2323 212 94 anseer
2720 2323 100 94 for

1122 2407 399 100 besværligt.
1580 2409 393 102 Møgdynge
2022 2414 335 105 Pladsen,
2412 2422 135 90 som
2580 2422 211 95 hidind-

1118 2507 76 84 til
1209 2508 37 86 °i
1291 2507 107 94 sær
1441 2508 311 97 igiennem
1785 2509 595 98 Tøihuus-Gaden
2411 2519 163 93 hvor
2597 2519 221 83 Veien

1114 2605 357 95 hesaarfag
1524 2613 71 74 de
1652 2612 167 91 fleste
1872 2608 197 89 Tider
2113 2635 62 60 er
2223 2616 366 95 wpallkbel
2631 2626 138 73 eller
2800 2619 21 79 i

1115 2707 107 82 det
1249 2703 263 101 ringeste
1539 2704 407 101 ubehagelig,
2003 2710 173 81 bleve
2213 2720 85 78 da
2328 2715 50 78 ei
2395 2713 111 95 saa
2540 2712 278 100 opfyldte

1112 2819 88 75 og
1242 2804 233 92 endelig
1526 2801 139 88 ville
1710 2803 532 87 Renovationen'
2264 2810 161 87 blive
2478 2809 209 94 befrier
2718 2811 97 96 for

1111 2901 151 85 dets
1293 2895 247 101 Affald.
1647 2898 269 100 Enhver
1959 2903 255 86 Bonde
2243 2908 133 94 som
2431 2906 203 96 havde
2673 2910 143 97 Lyst

1118 2993 73 80 til
1220 3012 73 69 at
1332 2997 179 90 hente
1546 2997 183 96 Mog
1772 3002 67 78 til
1868 3002 91 91 sin
2006 3004 231 98 Jord,
2292 3006 203 80 kunde
2536 3001 109 96 faa
2690 3009 123 78 nok

1109 3109 137 70 paa
1299 3097 75 82 de
1415 3094 311 87 indelukre
1759 3080 477 128 Loffe-Pladfe,
2289 3102 133 95 som
2441 3102 155 97 ligge
2635 3110 177 83 uden

1104 3183 103 104 for
1236 3186 233 97 Byen,
