3090 4637
1160 500 214 91 aldrig
1420 491 174 98 faaet
1640 490 348 98 Skillings
2020 492 346 95 Uddeelmg
2400 492 244 100 derfra,
2696 514 142 64 men

1162 639 345 84 tvertid
1559 639 112 78 udi
1735 638 494 92 extraordinaire
2266 633 293 100 Tilfælde
2599 658 238 64 maatte

1163 784 214 96 afgive
1409 807 40 48 2
1485 779 202 84 Rdlr.
1719 779 102 95 fra
1855 782 156 88 hver
2039 780 382 101 Brygning.

1377 973 143 88 No.
1585 1001 37 70 3
1673 979 123 95 stal
1855 979 355 96 anmærke,
2271 997 73 64 at
2391 1000 169 62 naar
2599 978 217 88 Direc-

1160 1128 216 80 tionen
1406 1127 118 78 ved
1558 1121 580 99 Brygger-Langer
2164 1108 245 95 aabnet
2446 1131 144 75 dets
2626 1124 188 82 Malt-

1160 1268 324 98 Magazin
1514 1289 134 72 paa
1682 1266 474 98 Bryghnuset,
2196 1289 188 60 maae
2416 1275 74 74 de
2530 1241 322 140 Interesse

1447 1411 134 94 som
1615 1413 164 96 have
1807 1410 238 94 samme
2075 1419 236 90 nødig,
2357 1415 200 80 betale
2579 1440 28 46 i
2631 1412 212 82 Mark

1159 1580 198 62 meere
1393 1553 106 100 for
1531 1553 306 99 Tønden,
1855 1562 118 76 end
1993 1556 476 95 Maltgiørerne
2485 1572 162 80 tage,
2681 1556 132 98 hvil-

1159 1706 69 80 ke
1263 1705 179 97 sidste
1459 1707 127 90 dog
1609 1701 123 96 stal
1761 1700 165 94 have
1945 1700 383 84 Levebrødet
2349 1698 201 100 deraf;
2589 1698 255 98 følgelig

1156 1852 128 80 kan
1338 1867 158 60 man
1528 1849 158 96 sige:
1742 1844 94 84 Ar
1874 1850 108 76 der
2020 1848 220 80 drives
2272 1861 186 80 noget
2490 1864 196 60 meere
2718 1850 120 74 end

1154 1986 284 104 Negotie
1474 1997 144 74 med
1636 1991 440 95 Bryggernes
2094 2007 156 78 eget,
2290 1993 72 76 til
2392 1995 120 74 den
2546 1986 264 96 uformu-

1155 2146 194 76 endes
1363 2135 540 95 Desavamage;
1955 2134 306 94 hvorvidt
2295 2141 160 76 dette
2473 2133 122 79 kan
2619 2134 222 78 kaldes
2923 2203 30 26 „

1155 2282 708 94 Societets-gemæssig
1917 2300 80 76 og
2023 2296 74 66 at
2113 2279 278 100 ophielpe
2423 2283 120 78 den
2559 2278 282 98 Fattige,

1153 2428 309 100 forklarer
1499 2427 93 96 sig
1623 2423 143 94 selv.

1368 2625 218 82 Under
1624 2621 142 84 No.
1794 2646 50 66 4
1876 2624 88 78 vil
1992 2622 98 96 jeg
2128 2621 204 94 oplyse
2350 2673 22 42 ,
2416 2637 70 63 at
2522 2624 108 76 der
2662 2620 174 82 imod

1154 2778 76 76 de
1300 2766 424 95 uformuende
1810 2766 350 98 Bryggere
2222 2765 244 96 bruges
2526 2770 110 74 ald
2720 2768 120 78 den

1153 2913 398 109 Haardhed,
1571 2911 132 94 som
1721 2911 490 83 Conventionen
2227 2913 172 92 giver
2413 2907 426 87 Directionen

1153 3060 214 94 Magt
1411 3059 106 88 til,
1571 3077 166 60 naar
1789 3060 78 76 de
1917 3056 166 100 have
2113 3075 206 76 nogen
2359 3053 312 97 Restance
2717 3056 118 82 ved

1151 3199 485 100 Laugshurrset,
1687 3199 111 94 saa
1845 3216 73 64 at
1969 3206 75 76 de
2089 3198 309 95 forbydes
2429 3205 137 74 eller
2595 3194 211 100 forhin-

1152 3352 154 76 dres
1370 3363 70 64 at
1514 3347 238 96 brygge
1816 3346 184 82 indtil
2074 3344 400 97 Betalingen
2554 3362 64 62 er
2670 3342 162 94 steet.

2676 3482 156 90 Det
