2987 4617
1766 525 458 129 «MM*

1320 742 164 88 Det
1518 759 64 62 er
1624 743 180 80 ellers
1852 741 122 80 ikke
2020 747 78 77 let
2144 760 70 66 at
2270 736 192 106 fane,
2512 762 104 65 om
2650 755 202 78 denne

1094 840 251 94 Cenfur
1382 862 61 58 er
1480 846 232 75 dreven
1732 857 176 64 enten
1942 839 79 96 af
2056 846 371 90 Uvidenhed
2450 866 103 58 vm
2574 844 241 91 Tilstan-

1093 950 126 72 den
1279 946 168 76 uden
1495 939 100 96 for
1625 939 478 100 Hovedstaden
2159 966 78 70 og
2289 944 274 90 sammes
2595 945 220 94 væsent-

1095 1042 120 94 lige
1249 1060 80 74 og
1359 1054 152 64 rette
1541 1037 416 98 Oeconomie,
1983 1047 140 75 eller
2154 1038 78 95 af
2659 1043 98 92 for
2777 1055 70 74 de

1093 1140 166 94 store
1289 1136 302 86 Sræder.
1695 1139 172 84 Men
1905 1141 162 98 hvor
2099 1148 146 76 lidet
2279 1150 102 74 det
2399 1146 192 78 rimer
2637 1147 90 96 sig
2755 1165 94 78 at,

1093 1236 464 99 Avlingsbrng
1605 1257 180 62 enten
1829 1241 20 78 i
1907 1241 210 94 smaae
2165 1248 140 76 eller
2351 1246 158 86 store
2559 1242 288 85 Sræder

1095 1335 183 93 skule
1327 1356 166 60 være
1547 1359 74 58 en
1661 1337 486 99 Hovedstyrke,
2197 1364 80 74 og
2331 1360 70 60 ar
2455 1342 272 98 Handel
2763 1367 84 74 og

1093 1434 369 100 Fabriqver
1523 1439 179 78 dertil
1743 1457 241 60 maarre
2037 1457 165 61 være
2245 1462 73 56 en
2355 1438 371 103 Biestyrke,
2781 1467 65 60 er

1092 1552 194 76 noget
1320 1534 134 92 som
1486 1556 70 73 ey
1592 1535 278 96 behøver
1906 1557 216 74 megen
2138 1538 274 84 Beviis.

1312 1644 184 87 Saa
1526 1655 464 94 uomgiengelig
2024 1649 130 97 som
2186 1652 458 98 Avlingsbrng
2666 1679 60 58 er
2744 1653 102 96 for

1094 1744 582 102 Smaaestæderne
1706 1755 70 76 til
1808 1749 172 100 Foer
2022 1775 80 71 og
2134 1752 210 84 Græs
2370 1750 100 94 for

1288 1848 136 92 som
1474 1846 434 99 sammestæds
1956 1856 370 92 nødvendig
2362 1854 120 94 skal
2506 1852 218 86 holdes
2764 1875 78 76 og

1094 1948 289 98 bruges;
1440 1946 182 87 Saa
1657 1951 146 77 lidet
1840 1949 214 81 kunde
2104 1974 206 76 nogen
2354 1950 191 94 deraf
2576 1952 272 93 subsiste,

1093 2066 104 76 re,
1233 2052 206 90 endog
1473 2055 146 76 med
1657 2069 76 58 en
1765 2047 314 98 Opførsel
2117 2074 80 74 og
2229 2052 404 99 Levemaade,
2671 2071 144 60 over-

1093 2148 532 94 eensstemmende
1671 2155 144 74 med
1863 2155 118 76 den
2035 2145 276 99 fattigste
2363 2150 324 97 Bondes,
2733 2147 106 96 saa

1091 2242 198 98 ftemt
1307 2246 130 96 han
1457 2266 70 77 ey
1549 2247 120 88 har
1687 2251 210 76 anden
1925 2245 216 99 Brug
2161 2254 68 76 til
2251 2252 98 96 sin
2381 2250 456 97 Hovedstyrke,

1089 2342 252 96 saasom
1361 2362 184 65 enten
1563 2345 684 101 Vognmands-Laug
2267 2354 138 78 eller
2423 2354 210 91 andet,
2653 2351 156 94 hvor-

1093 2444 74 82 til
1207 2444 160 98 ham
1385 2440 462 103 Avlingsbrug
1879 2467 64 62 er
1975 2452 434 94 uomgienglig
2447 2448 326 96 fornoden.

1317 2558 187 84 Man
1549 2565 143 78 ville
1731 2561 187 82 ikkun
1971 2567 109 75 der
2125 2564 113 82 udi
2289 2570 195 74 allene
2537 2562 157 97 kaste
2749 2561 95 98 sin

1090 2658 462 100 Betragtning
1630 2661 70 100 i)
1754 2657 772 106 paa-Vanskeligheden
1964 2657 562 105 Vanskeligheden
2606 2663 100 92 for
2768 2683 76 58 en

1088 2758 646 101 Kiobstædmandat
1762 2771 146 94 faae
1940 2776 242 94 duelige
2222 2770 164 102 Folk
2416 2772 66 78 til
2500 2764 346 93 Arbeydet;

1090 2866 78 88 2)
1202 2880 134 74 paa
1388 2874 294 93 Lønnen,
1730 2875 134 94 som
1910 2893 66 64 er
2012 2876 160 80 altid
2210 2876 228 92 høyere
2470 2870 20 78 i
2522 2863 292 94 Kiøbstæ-

1088 2964 192 92 derne
1308 2980 118 76 end
1458 2996 132 75 paa
1636 2973 256 86 Landet,
2000 2975 74 99 z)
2110 2971 182 186 Faa
2330 2965 482 91 Levnetsmidler-

1088 3070 126 70 nes
1248 3074 447 103 Kostbarhed,
1718 3069 359 100 formedelst
2112 3070 565 96 Consumptionen,
2704 3061 138 92 som

1087 3157 132 100 skal
1247 3176 184 96 gives
1461 3171 82 102 af
1575 3183 102 76 det
1719 3181 110 78 der
1865 3171 294 98 fortæres
2199 3176 200 76 baade
2437 3166 80 96 af
2543 3164 162 101 Folk
2755 3181 88 74 og

1089 3268 200 104 Fæe,
1349 3282 112 76 der
1503 3285 186 88 langt
1733 3275 338 96 overstiger
2117 3278 104 78 det
2273 3270 124 92 som
2461 3290 72 56 en
2583 3264 260 87 Bonde

1089 3370 220 94 svarer
1351 3376 22 78 i
1417 3374 362 101 Kongelige
1833 3371 328 99 Skatter,
2217 3370 128 94 som
2377 3372 118 76 ved
2529 3388 74 59 en
2633 3365 212 96 speciel

1087 3470 378 100 Udregning
1515 3497 124 62 var
1691 3485 80 74 let
1825 3495 72 62 ar
1959 3473 234 93 bevise;
2265 3490 80 74 og
2393 3464 212 92 derfor
2655 3467 190 96 ingen

1093 3568 248 102 Under,
1387 3592 76 68 ar
1489 3574 294 101 Kongen
1825 3597 82 76 og
1953 3575 172 88 hans
2169 3568 262 104 Fmantz
2477 3564 366 99 Collegium

2713 3665 129 96 har
