2895 4573
79 559 28 80 I
169 551 408 98 Qvarteeret
643 550 134 98 fra
833 558 122 76 den
1009 573 140 60 sene
1185 551 246 99 Dags
1493 549 294 97 Morgen

80 673 300 87 Klokken
432 689 104 70 8te
578 675 72 80 til
688 678 122 76 den
848 675 212 78 anden
1098 671 230 99 Dags
1350 674 292 95 Morgen
1666 678 120 74 ved

84 794 626 96 sammeKlokkeflet,
724 790 270 96 anføres
1016 811 132 76 paa
1172 814 76 58 en
1272 791 490 95 General-Rap-

81 936 194 78 port,
323 916 134 92 som
501 915 156 90 hver
699 912 296 100 Morgen
1035 911 294 85 Klokken
1353 940 46 64 9
1445 913 318 96 ufeilbarli-

81 1053 126 74 gen
229 1052 134 78 paa
389 1029 670 100 Politie-Kammeret
1083 1033 370 78 indleveres.
1557 1029 206 86 Sam-

80 1171 104 61 me
222 1156 222 92 giøres
488 1155 172 76 uden
706 1148 552 98 Complimenter,
1298 1152 150 94 efter
1490 1149 276 98 hosføye-

78 1275 78 78 dt
200 1272 336 94 Schema,
577 1269 112 93 faa
732 1270 142 80 kort
916 1268 134 93 som
1092 1272 298 96 mueligt,
1436 1276 130 91 dog
1606 1287 72 64 at
1720 1276 76 76 de

80 1389 327 98 fornødne
460 1385 613 100 Omstændigheder
1133 1394 122 75 ved
1317 1390 236 96 enhver
1612 1387 181 99 Sag

79 1512 296 100 anføres.
481 1509 180 90 Den
697 1510 448 98 underskrives
1185 1506 80 98 af
1297 1507 498 98 Commissairen

75 1658 89 78 og
199 1634 401 96 Betjenten,
649 1635 177 93 siden
865 1638 201 74 denne
1105 1637 123 75 ved
1268 1636 120 74 alle
1429 1631 335 97 Undersøg-

76 1763 230 91 ninger
360 1754 124 97 skal
530 1771 170 67 være
754 1754 298 94 tilstæde,
1118 1773 82 71 og
1246 1770 186 60 maae
1472 1769 166 62 være
1682 1751 112 89 saa

78 1877 415 97 tilforladelig
536 1871 343 98 forfatter,
928 1887 75 64 at
1040 1877 123 80 den
1202 1868 83 96 af
1320 1870 191 96 begge
1558 1877 207 74 under-

77 1997 324 98 skrivende
457 1991 22 80 i
521 2007 60 64 et
625 2009 82 75 og
749 1992 96 76 alt
893 1988 126 80 kan
1063 1986 328 98 beediges,
1452 1982 313 114 naar-for-

73 2110 281 102 ianges;

1663 1983 102 98 for-

73 2125 237 87 langes
329 2130 27 82 ;
431 2111 251 94 faasom
723 2116 77 76 de
841 2114 185 76 ellers
1071 2109 23 78 i
1131 2108 213 94 vidrig
1383 2104 179 99 Fald
1605 2127 193 61 maae

78 2257 234 79 veme,
398 2233 156 98 efter
616 2231 738 97 Omstændighederne,
1436 2235 144 76 med
1660 2231 132 95 høy

79 2363 424 105 Miner-eler
354 2368 147 75 eller
552 2365 215 76 anden
821 2351 338 97 Vilkaar-lig
1206 2350 239 98 Straf
1480 2369 73 64 at
1592 2360 203 74 vorde

81 2485 258 82 anseere.
477 2481 342 96 Befindes
861 2476 400 95 Rapporten
1301 2490 72 64 at
1415 2492 168 61 være
1625 2481 140 75 alde-

81 2617 101 74 les
221 2604 157 96 falff
415 2604 23 79 i
485 2621 61 62 et
597 2609 141 73 eller
777 2606 241 87 andet,
1089 2599 199 94 haver
1341 2602 121 74 den
1517 2599 141 74 eller
1715 2600 77 74 de

86 2726 342 96 Skyldige
466 2737 72 66 at
580 2717 286 98 forvente
908 2716 214 87 Dom
1164 2719 70 79 til
1276 2712 300 89 Embeds
1624 2711 140 100 For-

84 2844 303 100 brydelse,

893 3058 109 69 359

301 3158 367 99 Endfliøm
701 3156 21 84 i
747 3150 365 98 forbemelre
1143 3147 155 91 Bid
1319 3150 155 79 intet
1495 3147 21 80 i
1539 3143 225 88 Quar-

88 3296 186 75 teetet
296 3270 804 129 skule:.veere—kforefalden,
516 3297 170 68 være
722 3270 378 104 forefalden,
1144 3271 122 95 ffal
1308 3274 128 94 dog
1478 3271 124 82 den
1634 3263 157 94 sæde-

105 3426 12 44 ;
928 3396 35 83 z
1626 3383 165 70 van»
