2999 4545
1867 532 118 69 40.

1276 665 252 86 Bliver
1570 657 356 96 Betjenten
1976 653 108 99 syg
2104 706 26 46 ,
2192 660 142 77 eller
2374 655 280 86 kommer
2686 663 70 81 til

1057 787 294 92 Skade,
1391 786 142 74 eller
1579 786 192 90 doer,
1813 781 238 76 meldes
2097 782 104 76 det
2237 780 168 95 strax
2451 774 80 98 af
2556 774 169 87 Com-

1055 898 325 107 wisairen
1055 910 325 96 missairen
1423 900 105 96 for
1567 900 563 103 Politie-Mester,
2171 898 137 96 som
2353 898 289 96 bessikker
2681 905 53 76 el-

1056 1039 93 78 ler
1202 1028 204 94 sætter
1466 1046 76 58 en
1596 1027 210 76 anden
1870 1022 22 78 i
1950 1019 336 86 Stæden:
2362 1025 104 76 det
2522 1014 239 102 samme,

1049 1154 246 82 meldes
1335 1143 78 96 af
1447 1142 358 93 Betjenten
1853 1160 108 62 om
2005 1137 498 102 Eommissairen
2549 1138 204 95 ffulde

1047 1273 253 87 komme
1342 1280 190 80 noget
1576 1265 90 88 til,

1843 1488 118 68 41.

1262 1615 174 88 Ved
1498 1612 358 97 Vagrerne
1900 1611 124 106 skal
2068 1609 190 103 føyes
2302 1613 120 78 den
2466 1606 282 94 Anstalt,

1044 1758 77 66 ar
1160 1759 169 60 naar
1372 1733 497 98 Commissairen
1910 1737 143 76 eller
2090 1730 357 93 Betjenten
2474 1726 275 97 behøver

1041 1859 380 96 Mandskab
1463 1862 72 76 til
1577 1875 208 76 nogen
1825 1870 74 66 at
1939 1853 319 98 anholde,
2317 1855 142 76 eller
2505 1848 212 82 Klam-

1034 1980 190 80 merie
1286 1983 142 75 eller
1482 1975 240 98 Opløb
1778 1992 70 64 at
1892 1978 204 91 ftyre,
2160 1972 206 80 bliver
2430 1976 144 76 dem
2634 1969 114 92 saa

1033 2115 238 75 mange
1322 2093 231 81 Mand
1606 2091 135 94 som
1784 2096 73 76 de
1894 2088 367 98 forlanger,
2325 2107 82 76 og
2446 2084 299 97 Vagten

1029 2217 175 80 kand
1245 2221 335 89 undvære,
1621 2215 169 96 srax
1833 2215 355 96 medgivne.
2283 2208 427 107 Gade-Væg-

1024 2359 178 64 rerne
1246 2341 198 78 bliver
1486 2342 290 90 ligeledes
1818 2338 380 93 instruerede
2238 2333 72 78 til
2346 2349 72 62 at
2444 2331 296 96 assistere

1023 2471 156 74 dem
1221 2485 108 56 om
1375 2459 302 94 Natten,
1737 2480 136 74 paa
1927 2455 190 98 Tegn
2159 2454 82 98 af
2275 2453 284 102 Fløyten
2599 2453 140 80 eller

1020 2592 218 78 anden
1277 2581 429 98 Anfordring.

1825 2808 120 72 42.

1237 2904 531 105 Politie-Tegnet
1807 2906 201 82 bliver
2053 2907 147 77 dem
2243 2898 281 96 betroet,
2575 2904 148 79 men

1010 3041 157 84 dem
1212 3033 193 94 tillige
1444 3036 313 91 paalagt,
1818 3027 253 98 aldrig,
2124 3028 208 76 under
2394 3021 327 96 vilkaarlig

1013 3147 228 104 følelig
1304 3149 233 99 Mener
1597 3155 140 82 eller
1785 3152 214 83 anden
2039 3142 270 99 Straf,
2363 3141 358 99 letsindigen

1012 3275 264 87 dermed
1318 3289 72 66 at
1430 3293 280 78 omgaae
1750 3292 82 78 og
1874 3273 212 101 aldrig
2130 3286 74 68 at
2230 3265 124 102 vise
2388 3273 122 93 det,
2548 3267 170 76 uden

2556 3381 167 72 naar
