2974 4483
1660 415 43 56 9

292 564 174 101 Paa
512 571 204 78 andre
764 566 270 85 Steder
1078 568 22 82 i
1132 565 412 107 Tydffland,
1596 572 208 95 sælger

99 703 432 100 Huuseieren
573 704 76 95 sit
699 703 390 100 Gadeffarn
1139 709 70 78 til
1257 708 340 106 Bonden,
1667 715 136 96 som

98 839 176 96 fører
310 846 118 79 den
464 840 160 90 hiem
646 848 146 76 med
824 844 92 97 sig
934 865 80 77 og
1038 846 240 97 bruger
1312 850 66 79 til
1402 851 404 103 Godffning.

99 978 258 83 Skulle
395 985 106 78 det
529 976 132 83 ikke
701 982 452 97 væremueligt
1179 985 147 97 her,
1377 1003 70 64 at
1479 989 327 103 Bonden,

100 1135 172 62 naar
324 1116 132 97 han
512 1114 206 86 tiører
760 1121 205 98 leddig
1018 1120 215 100 hiem,
1306 1122 209 84 kunde
1576 1146 143 81 tage
1754 1150 59 64 et

97 1253 137 82 Læs
279 1252 395 100 Gadeffarn
691 1264 183 93 med,
931 1261 179 82 imod
1147 1261 133 96 han
1313 1259 211 102 derfor
1543 1273 133 78 nød
1697 1295 41 52 2
1767 1270 43 94 ß

96 1379 75 94 af
858 1399 19 78 i
906 1395 299 101 Porren.

300 1668 163 89 Det
506 1692 63 60 er
590 1673 125 81 ikke
754 1680 201 75 allene
986 1676 21 78 i
1038 1672 377 103 Henseende
1448 1681 73 81 til
1538 1680 241 87 Gader-

97 1815 121 71 nes
261 1806 439 85 Renovation
731 1812 97 94 jeg
859 1829 181 79 rager
1087 1813 131 98 mig
1269 1822 123 75 den
1435 1817 271 101 Friehed
1741 1838 75 64 at

90 1943 177 96 giøre
300 1966 75 59 en
412 1966 81 76 og
530 1951 217 79 anden
782 1948 409 99 Reflation,
1246 1954 99 78 nei
1358 1961 207 79 under
1582 1956 233 97 ffidene

93 2101 79 76 og
211 2086 145 77 med
389 2081 209 85 Snee
639 2105 109 61 om
785 2082 349 87 Vinteren
1186 2088 286 98 opfyldte
1529 2094 241 85 Gader

96 2219 191 97 ligger
310 2216 101 99 for
432 2219 127 97 hele
586 2221 335 85 Stadens
936 2223 447 99 Jndvaanere
1415 2245 168 65 mere
1598 2246 225 84 magre-

95 2354 426 99 paaliggende
555 2358 197 102 Ting.
893 2359 151 87 Om
1089 2359 163 102 (som
1287 2362 177 89 Gud
1508 2366 310 100 afvende)

100 2489 137 100 Ild
269 2495 234 92 opkom
533 2503 120 76 ved
685 2497 250 95 saadan
960 2497 131 89 Tid
1121 2499 134 92 som
1275 2522 92 60 nu
1401 2523 104 79 er,
1563 2526 82 77 og
1665 2507 128 85 Ga-

98 2635 234 76 dernes
350 2641 428 77 nærværende
804 2632 512 102 Beffaffenhed,
1350 2640 162 95 hvor
1550 2642 274 96 hverken

101 2765 342 100 Spoiter,
499 2767 282 101 Sluffer
809 2781 142 74 eller
985 2768 394 103 Mennesker
1555 2778 122 96 ffal
1713 2801 112 61 ar«

100 2903 174 83 beide
310 2902 126 83 kan
472 2910 256 80 komme
754 2908 210 99 frem,
1018 2914 172 77 uden
1226 2928 72 64 at
1346 2930 168 62 være
1558 2936 234 77 expone-

101 3059 98 63 rer
231 3058 72 64 at
333 3042 244 82 brække
605 3043 174 84 Arm
821 3066 78 77 og
945 3047 250 96 Been,
1255 3048 148 97 helst
1419 3054 120 78 ved
1575 3052 214 82 Natte-

104 3181 90 81 tid
228 3202 77 74 og
340 3181 20 78 i
396 3185 76 78 de
502 3180 242 94 snævre
770 3182 279 100 Gader,
1108 3185 176 94 hvad
1324 3184 234 95 Ulykke
1586 3188 126 81 kan
1740 3189 58 81 ik-

105 3315 71 88 ke
207 3315 432 98 herafreises?

903 3597 59 104 )(
1023 3622 31 70 s
1625 3597 99 90 At
