2949 4535
1048 479 99 86 18

1048 671 344 104 giftsfulde
1408 669 324 85 Summa
1746 724 22 44 ,
1822 668 256 102 følgelig
2118 669 122 100 har
2272 677 76 74 de
2382 679 64 74 al
2476 679 116 74 den
2620 684 142 78 øvri-

1046 797 78 90 ge
1154 771 136 90 Tid
1326 771 83 96 af
1434 771 206 83 Aaret
1674 768 132 100 frie.
1908 778 179 85 2det)
2138 769 162 92 Det
2336 770 180 97 skule
2562 782 117 72 ved
2718 802 71 56 en

1047 873 394 96 sandfærdig
1487 870 486 102 Undersøgning
2023 871 326 96 befindes,
2403 891 72 62 at
2519 879 74 74 de
2631 880 162 88 fleste

1049 969 84 92 af
1165 977 220 94 dejlige
1413 971 380 99 Kroerffer,
1831 970 134 96 som
2001 971 266 96 hverken
2300 971 125 92 har

1051 1069 312 100 Vidffab
1393 1079 142 74 eller
1561 1072 446 98 Indretning,
2061 1071 132 92 som
2229 1071 284 90 behøves
2557 1075 68 78 til
2661 1072 106 92 saa-

1047 1177 138 76 dan
1215 1173 456 100 Handtering,
1707 1168 340 102 forbruger
2085 1177 68 72 til
2185 1193 74 58 en
2287 1169 238 90 Tønde
2544 1168 224 90 Bræn-

1037 1270 530 104 deviindobbelt
1311 1271 256 82 dobbelt
1627 1252 114 112 faa
1791 1292 236 76 mange
2075 1271 200 82 Kom
2295 1303 24 36 -
2337 1271 256 98 Wahre
2659 1272 134 94 som

1049 1371 531 96 Kiøbstædernes
1647 1370 485 96 Jndvaanere,
2199 1377 107 74 der
2359 1369 105 90 fra
2513 1380 287 89 gammel

1050 1471 136 90 Tid
1230 1473 122 88 har
1388 1475 76 78 de
1502 1468 318 96 fornødne
1848 1468 474 100 Indretninger
2354 1473 178 80 dertil
2564 1494 82 78 og
2666 1470 100 90 Er-

1036 1567 230 106 faring
1296 1577 242 78 derom.

1268 1767 254 96 Endnu
1566 1772 72 80 til
1668 1766 350 96 Slutning
2062 1789 76 60 en
2176 1773 164 76 liden
2376 1765 316 88 Aneedvre
2726 1776 70 78 til

1050 1869 444 100 formeenende
1536 1872 366 94 almindelig
1932 1868 216 93 Nytte
2182 1889 80 76 og
2292 1867 306 102 Fordeel,
2644 1870 126 107 ban-

1046 1980 79 79 de
1154 1973 105 98 for
1286 1973 209 84 Land-
1531 1992 82 78 og
1642 1970 653 94 Kiøbstædmanden.

1269 2167 210 88 Naar
1513 2190 124 62 vor
1664 2164 251 103 Dansk
1945 2168 178 97 Byg
2157 2175 124 76 ved
2325 2171 104 92 flet
2457 2169 220 94 Udsæd
2713 2178 54 72 el-

1043 2281 92 76 ler
1177 2281 214 80 anden
1431 2272 242 96 urigtig
1719 2270 496 97 Medhandling
2265 2269 210 96 sælges
2515 2273 20 76 i
2576 2268 182 83 Kind-

1043 2378 306 98 scederne
1393 2394 194 61 ureen
1633 2374 210 94 giort,
1911 2378 142 74 eller
2101 2369 110 94 saa
2261 2369 328 82 beblandet
2645 2378 142 72 med

1039 2473 297 102 Havre,
1389 2491 73 66 at
1505 2468 189 86 ikkun
1741 2476 123 76 den
1915 2472 189 90 halve
2147 2475 141 78 eller
2339 2475 75 76 de
2461 2469 45 108 §
2541 2467 247 99 Parrer

1044 2575 130 80 kau
1216 2573 254 86 Kendes
1514 2588 74 66 at
1626 2590 174 64 være
1820 2570 214 98 Byg,
2088 2571 198 80 bliver
2330 2575 138 92 det,
2516 2567 128 94 som
2684 2570 80 78 bil-

1042 2679 152 94 ligt,
1244 2679 180 92 ringe
1470 2686 216 82 agtet,
1738 2694 84 76 og
1860 2670 244 98 derfore
2144 2673 22 78 i
2216 2667 336 98 frugtbare
2594 2665 194 91 Tider

1042 2797 68 60 er
1152 2753 126 118 fast
1322 2771 402 99 u-afsættelig
1776 2772 208 82 baade
2032 2772 22 77 i
2090 2769 236 96 Norge
2368 2791 80 76 og
2484 2773 70 78 til
2594 2774 194 74 andre

1042 2875 330 96 Stæder,
1422 2892 170 61 naar
1626 2878 140 90 det,
1800 2868 136 98 som
1968 2872 186 81 bedre
2182 2891 98 76 er,
2320 2871 120 78 kan
2470 2867 182 94 faaes
2686 2864 102 96 fra

1038 2975 346 98 stemmede
1426 2969 328 88 Steed
1864 2972 462 84 Landmanden
2378 2989 238 60 meener
2664 2966 126 82 nok

1038 3095 77 62 ar
1142 3077 195 82 vinde
1368 3081 123 76 ved
1516 3072 247 94 saadan
1778 3072 511 98 Medhandling,
2322 3075 99 76 det
2448 3086 197 77 gaaer
2674 3086 83 76 og-

1041 3167 114 102 faa
1191 3197 92 60 an
1317 3171 104 100 for
1467 3194 78 60 en
1575 3168 134 92 Tid
1759 3194 80 76 og
1889 3170 108 98 for
2041 3175 214 92 nogle,
2307 3167 106 94 saa
2449 3173 194 89 længe
2681 3172 104 74 det

1037 3297 76 74 ey
1161 3275 157 96 skeer
1363 3270 410 102 almindelig;
1847 3294 148 62 men
2041 3291 164 60 naar
2255 3275 100 74 det
2401 3285 196 76 gaaer
2646 3265 138 103 saa-i

1269 3393 74 64 at
1373 3381 102 78 det
1505 3374 200 80 bliver
1735 3394 76 60 en
1825 3372 214 98 Brug
2073 3367 100 96 for
2205 3373 116 74 alle
2363 3365 158 98 (som
2557 3371 102 76 det
2689 3386 90 62 nu

1033 3491 220 78 tegner
1289 3477 94 94 sig
1423 3490 206 80 meget
1661 3476 98 96 til)
1803 3478 182 76 taber
2015 3470 240 89 saadan
2291 3465 276 84 Landets
2597 3465 156 101 Pro-

1037 3573 154 88 duct
1225 3577 98 96 sin
1355 3575 266 99 Credit,
1673 3594 84 82 og
1785 3570 238 108 Prisen
2065 3575 278 92 derpaa,
2393 3571 154 80 mod
2579 3572 202 74 andre

2579 3665 172 89 Stee
