3121 4509
1796 452 65 88 7

105 651 192 93 beste,
333 664 74 66 at
437 650 186 96 ingen
655 649 178 94 giver
861 647 92 96 sig
985 644 82 96 af
1087 652 142 76 med
1249 646 272 100 Handel
1537 663 80 78 og
1633 638 186 89 Kred-

104 748 374 96 mandlkab,
511 754 166 76 uden
711 753 74 76 de
817 745 130 92 som
977 747 198 89 haver
1211 748 234 100 Penge
1487 759 70 66 at
1589 743 142 94 sette
1747 745 104 81 det

105 847 133 98 fort
285 854 183 88 med,
505 870 79 72 og
633 849 121 94 har
801 844 416 96 Videnskab
1245 868 109 62 om
1401 861 75 66 at
1513 849 181 76 drive
1729 847 123 75 det.

104 951 176 82 Men
316 948 162 94 hvor
500 968 216 73 megen
738 949 180 92 Ulyst
942 966 190 60 maae
1156 948 126 80 ikke
1316 947 260 92 enhver,
1596 949 108 76 der
1740 939 86 99 ha-

104 1067 114 62 ver
254 1046 270 92 Midler,
554 1048 174 93 finde
760 1047 130 94 hos
916 1047 92 95 sig
1030 1062 68 64 at
1128 1044 166 94 sætte
1326 1048 94 94 sig
1452 1047 120 76 ned
1608 1047 246 89 derpaa

104 1151 22 78 i
158 1169 74 58 en
264 1148 162 78 liden
454 1142 386 99 Kiøbstæd,
892 1145 134 90 som
1060 1166 64 60 er
1158 1142 210 98 opfylt
1398 1147 146 76 med
1576 1141 288 96 saadan-3

234 1242 405 84 Kiøbmænd
698 1251 109 78 der
874 1245 191 80 ikkun
1118 1244 265 92 hskkrer
1418 1241 105 92 for
1562 1247 83 76 de
1694 1241 165 96 store

103 1343 300 86 Stæder.
507 1342 282 97 Negotie
819 1365 82 74 og
937 1340 306 96 Ssefart
1275 1366 64 58 er
1359 1363 232 74 mange
1613 1336 216 99 ulykke-

103 1449 114 92 lige
263 1440 298 96 Tilfælde
617 1449 432 91 undergiven;
1109 1450 144 74 dem
1289 1464 64 60 er
1391 1449 104 74 det
1549 1445 126 90 dog
1705 1436 150 98 ikke,

103 1549 110 74 der
261 1542 442 95 fornemmelig
749 1539 334 98 afffrekker
1117 1562 248 76 trogen,
1421 1561 168 60 naar
1625 1545 76 76 de
1733 1537 128 79 kan

97 1641 89 94 see
215 1648 109 74 der
353 1662 65 58 er
453 1659 191 77 noget
679 1657 75 64 at
783 1647 225 91 vinde;
1051 1664 147 60 men
1233 1661 169 61 naar
1435 1645 77 76 de
1547 1635 121 96 seer
1697 1635 133 95 By-

98 1763 78 58 en
214 1736 208 96 opfylt
449 1745 141 76 Med
610 1739 318 98 Høkkere,
966 1762 80 78 og
1078 1748 110 76 der
1220 1740 252 82 iblandt
1508 1743 184 90 nogle
1722 1735 140 93 som

104 1841 318 93 begynder
476 1858 54 60 et
578 1840 184 93 Aar,
798 1859 78 78 og
936 1863 34 72 z
1008 1860 42 60 a
1094 1864 52 76 4
1176 1838 168 98 Aar,
1374 1837 70 94 ja
1478 1837 382 80 undertiden

114 1939 260 91 kortere,
416 1936 264 96 derefter
714 1939 164 98 have
914 1938 292 98 udsolgt,
1264 1960 72 74 ey
1370 1935 104 96 for
1506 1941 196 74 andet
1734 1936 122 76 end

108 2035 169 96 fordi
318 2042 73 74 de
426 2038 121 94 har
586 2040 155 79 intet
776 2039 163 96 havt
968 2054 71 64 at
1072 2038 283 96 begynde
1388 2039 169 88 med,
1590 2051 147 60 men
1758 2046 71 64 ta-

107 2155 100 80 get
231 2136 496 95 Vahrenedyre
758 2157 81 74 op
859 2159 130 72 paa
1015 2136 224 84 Credit
1269 2158 80 78 og
1379 2133 160 98 solgt
1575 2139 142 76 dem
1753 2134 106 90 let,

105 2239 160 94 igien
325 2234 100 94 for
467 2254 72 64 at
589 2234 144 95 faae
785 2255 188 80 noget
1019 2240 266 78 imellem
1331 2236 400 99 Hænderne,
1773 2246 84 76 og

113 2343 114 72 des
265 2338 182 78 bedre
477 2358 134 70 paa
645 2359 72 58 en
751 2337 134 80 kort
909 2335 134 90 Tid
1079 2354 70 64 at
1187 2340 174 92 giøre
1393 2355 118 72 nye
1543 2353 82 76 og
1657 2333 202 94 større

113 2435 247 84 Credit.
461 2434 215 98 Hvad
723 2437 123 92 stal
907 2443 89 76 da
1049 2436 207 80 kunde
1301 2436 249 91 bevæge
1592 2453 76 56 en
1720 2432 142 73 eller

112 2537 148 94 flere
304 2532 336 82 bemidlede
688 2535 322 100 Personer
1064 2552 70 62 at
1182 2530 166 96 sætte
1398 2537 180 74 deres
1628 2527 236 100 Penge

114 2635 122 90 hen
290 2634 22 74 i
368 2654 74 56 en
488 2632 310 97 Handel,
852 2633 132 94 som
1032 2634 208 80 baade
1294 2630 100 94 for
1438 2637 142 72 dem
1618 2627 122 94 selv
1780 2644 82 76 og

112 2727 290 86 Almuen
450 2750 70 72 ey
574 2732 122 79 kan
740 2739 216 74 drives
998 2740 144 74 med
1196 2732 308 98 Fordeel;
1560 2727 94 96 thi
1694 2740 170 63 naar

114 2833 77 76 de
220 2830 187 94 ingen
438 2826 335 101 Afseming
810 2833 141 92 har,
966 2835 223 92 saaer
1227 2840 180 70 deres
1422 2827 235 100 Penge
1686 2821 155 96 frug-

119 2932 208 75 tesløs
359 2950 82 74 og
473 2928 330 93 Vahrene
839 2931 196 79 bliver
1071 2938 142 72 dem
1247 2932 244 78 tildeels
1525 2923 340 94 fordervet.

121 3017 128 93 De
281 3026 174 92 setter
475 3026 214 95 derfor
709 3031 182 88 heller
911 3035 178 74 deres
1123 3030 234 98 Penge
1397 3029 20 76 i
1453 3025 420 98 Jordegods,

125 3120 236 101 hvoraf
393 3130 74 76 de
499 3144 180 75 tager
711 3133 118 76 den
847 3125 314 99 Interesse
1199 3126 130 94 som
1365 3128 186 91 ingen
1589 3123 120 78 kan
1737 3120 108 94 giø-

120 3245 66 60 re
236 3230 140 74 dem
410 3224 304 104 Forsang
758 3231 156 90 udi;
962 3226 94 94 thi
1114 3234 108 72 der
1272 3226 122 92 har
1442 3231 72 72 de
1558 3227 178 74 deres
1771 3214 101 96 for

126 3327 142 76 dem
298 3322 140 92 selv.
536 3324 302 97 Høkkere
876 3329 120 92 har
1032 3330 72 76 de
1126 3328 186 92 ingen
1340 3324 138 91 Lyst
1512 3323 66 80 til
1610 3337 70 64 at
1710 3334 166 62 være

126 3419 102 92 for
260 3428 76 82 he
364 3428 154 86 store
551 3423 310 99 See-der
964 3421 140 99 Jeg
1142 3428 148 78 veed
1330 3444 70 77 ey
1422 3421 178 100 heller
1634 3439 106 60 om
1772 3420 104 76 det

940 3523 141 91 A4
1778 3522 100 76 vel
