2951 4568
169 718 319 100 adskillige
529 712 475 105 Forsamlinger
1049 715 321 79 ventileret
1411 732 143 77 om,
1611 711 213 100 hvorle-

176 841 120 77 des
350 842 122 78 den
524 831 224 100 fattige
790 829 234 90 Bever
1076 835 280 97 lerreligst
1410 832 204 87 kunde
1650 831 178 101 svrck-

172 951 149 100 fles.

390 1182 588 101 Conceprmageren
1030 1182 82 98 af
1158 1196 392 77 ovenmeldte
1604 1187 258 106 Svar,

178 1313 119 78 den
334 1308 235 99 hidsige
590 1309 673 96 Societtts-Broder,
1297 1322 452 90 proponerede,
1791 1333 76 64 at

177 1423 313 87 Beveren
548 1428 209 100 skulde
825 1432 333 94 arresteres
1221 1431 23 80 i
1305 1438 103 76 der
1469 1436 399 95 almindelige

180 1547 340 85 Skovens
560 1551 568 99 Fange-Taarn;
1202 1571 144 65 men
1382 1554 136 96 som
1558 1562 184 92 nogle
1792 1553 86 100 af

183 1673 80 78 de
317 1670 258 99 klogeste
613 1676 164 82 Ulve
817 1671 286 99 frygtede
1155 1673 102 98 for
1297 1677 252 98 Loven,
1609 1679 134 94 som
1791 1684 78 79 de

185 1791 201 97 vidste
427 1795 239 92 hadede
709 1814 79 75 og
833 1793 403 104 tilforladelig
1293 1802 163 78 vilde
1495 1801 211 99 straffe
1755 1806 111 79 ald

186 1909 252 96 Vold,
502 1909 166 100 faldt
724 1912 480 101 Beflumingen
1258 1917 280 92 saaledes
1592 1927 139 93 ud,
1796 1937 74 66 at

183 2029 314 91 Beveren
553 2033 202 97 flulde
817 2034 308 95 ordentlig
1179 2037 248 94 stevnes
1481 2061 82 74 og
1603 2041 264 96 tiltales,

181 2135 135 108 som
373 2156 163 93 den,
607 2158 113 76 der
777 2153 213 92 havde
1047 2157 303 94 angrebet
1405 2158 111 96 saa
1573 2160 297 101 anseelige

184 2277 164 83 Ulve
388 2294 134 77 paa
558 2279 182 79 deres
778 2277 211 95 2Ere,
1034 2282 162 90 gode
1234 2277 222 87 Navn
1498 2301 79 78 og
1616 2279 246 103 Rygte.

399 2506 133 89 De
553 2510 357 80 udkaarede
935 2513 241 87 derpaa
1197 2533 75 58 en
1295 2507 263 102 Björn,
1585 2513 133 94 som
1741 2534 121 61 var

190 2631 24 80 i
274 2628 132 96 stor
468 2625 332 86 Renomee
854 2627 20 78 i
930 2625 290 86 Skoven
1280 2627 102 101 for
1446 2636 80 97 sit
1586 2633 282 98 juridifle

189 2743 282 98 Talent,
529 2747 70 80 til
655 2752 180 76 deres
889 2747 452 105 Procurawr;
1417 2754 172 101 Han
1627 2772 244 67 maatte

188 2868 171 98 srax
415 2865 251 98 opsætte
723 2866 491 101 Srevnemaal,
1279 2873 297 97 krydrede
1613 2882 143 76 med
1799 2882 81 77 de

188 2987 566 99 allerflræksomste
820 2985 465 108 Talmraader;
1366 2994 177 88 Den
1608 3000 265 98 stakkels

189 3105 260 89 Bæver
505 3109 142 81 blev
704 3106 207 95 altsaa
963 3114 202 83 citeret
1227 3131 72 67 at
1349 3120 120 78 lide
1515 3115 212 90 Dom
1789 3141 86 78 og

195 3225 233 100 Straf
461 3227 103 98 for
609 3234 129 96 sine
781 3229 419 106 formastelige
1237 3237 423 100 Forgribelser
1697 3242 177 83 imod

196 3347 106 79 det
340 3344 325 104 hæderlige
704 3349 513 89 Ulve-Societet.
1320 3344 355 124 Saasnart
1712 3364 161 81 dette

191 3483 126 67 var
359 3466 326 104 iværksat,
751 3476 142 83 lode
933 3477 238 86 Ulvene
1221 3484 122 82 ved
1397 3478 480 99 Stik-Breve

1698 3622 182 62 over-
