2952 4451
1620 324 73 44 11

23 529 14 12 .
85 470 218 104 givelse
333 470 184 96 (kulle
551 477 74 74 de
659 467 134 96 som
831 488 160 64 vare
1021 473 316 97 angivne,
1365 482 172 76 uden
1581 496 208 77 nogen

85 572 212 82 videre
333 571 380 97 procedure
737 566 328 100 afstraffes
1105 567 150 90 efter
1293 577 74 75 de
1409 582 222 80 derom
1669 581 90 74 ud-

86 688 256 82 gangne
359 665 471 97 Anordninger.
935 666 175 87 Men
1135 669 109 94 her
1261 687 123 67 var
1405 692 75 60 en
1513 692 123 74 nye
1661 675 101 78 Ud-

84 764 118 98 gift
250 762 102 98 for
398 764 152 95 hver
610 759 384 103 Qvarteer,
1052 765 94 92 thi
1198 767 110 94 stig
1360 788 76 60 en
1482 766 278 96 Opsyns-

84 863 236 81 Mand
358 860 184 83 burte
572 863 282 91 lønnes,
908 862 126 93 dog
1060 861 188 94 synes
1276 864 128 94 mig
1436 882 72 64 at
1528 864 264 97 Nytten

82 977 123 63 var
236 964 197 90 større
470 963 117 72 end
614 954 303 98 Udgiften
954 978 77 75 og
1084 959 153 92 hver
1260 959 221 95 Huns
1510 960 283 82 iQ.var«

83 1071 186 67 teeret
299 1069 246 64 maatte
569 1053 218 92 hellere
815 1054 204 80 berate
1047 1059 184 76 deres
1245 1054 286 96 Opsyns
1555 1056 238 83 Mand

81 1151 228 91 Aarlig
339 1172 102 46 2a
471 1171 36 68 3
529 1147 154 78 Mk.
705 1150 122 74 end
861 1162 72 64 at
971 1147 232 92 enhver
1241 1149 234 81 Mand
1505 1150 20 80 i
1549 1150 220 83 kvar-

83 1262 149 64 teret
271 1244 183 94 (kulle
479 1241 401 97 Maanedlig
903 1240 205 100 (kistes
1133 1245 69 78 til
1229 1263 75 62 ar
1329 1246 283 98 besørget
1645 1249 123 94 Op-

80 1319 214 117 syner,
352 1344 88 81 da
490 1345 106 82 det
658 1339 190 95 tillige
896 1347 232 74 derved
1166 1363 74 72 ey
1280 1361 124 64 var
1444 1342 112 92 saa
1592 1346 204 92 paai

82 1440 186 92 delig.

283 1626 410 98 Fremdeeles
709 1627 158 95 siger
885 1632 252 91 -^rZus:
1193 1627 448 97 Magistraten
1661 1633 136 92 som

79 1725 22 85 i
135 1728 184 92 nogle
337 1724 148 82 Aar
529 1723 118 94 har
685 1724 522 93 væreffbebyrdet
1239 1734 144 72 med
1427 1728 344 83 Renovati-

83 1834 208 68 onens
313 1819 438 99 Forvaltning
771 1820 118 92 har
919 1816 102 96 for
1053 1825 196 92 længe
1263 1823 178 90 siden
1465 1824 214 94 ønsker
1707 1829 91 94 sig

80 1920 378 92 endleediger
488 1911 256 99 derfra,
800 1914 604 97 store.Bygninger
1440 1936 72 62 at
1548 1919 248 98 opføre,

78 2034 236 76 mange
358 2008 202 101 Heste
606 2031 78 76 og
732 2010 262 98 Vogne
1046 2031 70 64 at
1172 2011 314 101 anskaffe,
1560 2036 242 77 mange

78 2109 166 99 Folk
296 2124 72 64 at
416 2109 216 94 holde,
710 2125 194 61 maae
954 2109 372 97 nødvendig
1370 2110 140 96 give
1562 2132 236 79 mange

76 2206 391 94 Bryderier.
576 2204 221 97 Hertil
844 2202 215 94 svarer
1088 2209 121 92 ieg:
1264 2207 221 109 Hvad
1534 2208 261 85 Grund

79 2313 222 87 Argus
345 2304 116 94 har
497 2303 70 84 til
599 2307 102 74 det
753 2298 192 100 første
991 2309 154 74 veed
1191 2305 92 94 ieg
1317 2303 168 95 ikke,
1543 2312 86 74 da
1663 2311 132 94 mig

75 2398 189 94 synes
301 2416 72 62 ar
405 2421 76 56 en
509 2397 376 96 Magistrat
915 2400 50 76 ei
995 2398 172 81 kand
1187 2407 144 72 eller
1347 2400 122 80 bør
1483 2404 312 97 undflaae

77 2499 91 101 sig
211 2494 99 94 for
353 2500 91 73 alt
485 2499 99 74 der
637 2501 107 74 der
793 2496 169 78 kand
1017 2515 165 60 være
1243 2495 259 97 Byens
1561 2498 231 97 Tarv,

82 2615 108 57 om
220 2600 104 72 der
344 2612 78 73 og
442 2611 60 58 er
516 2589 516 87 Renovationen
1050 2593 132 92 som
1216 2599 104 74 det
1352 2596 264 94 ringeste
1642 2617 150 66 men

78 2691 22 85 i
144 2692 170 78 mine
346 2686 266 87 Tanker
650 2689 230 95 vigtige
912 2688 238 99 Werk;
1204 2689 178 81 Men
1422 2698 166 74 dette
1636 2701 156 74 veed

78 2789 135 93 ieg,
268 2800 69 62 at
370 2784 509 87 Renovationen
918 2788 49 76 ei
1012 2793 159 74 altid
1222 2787 117 94 har
1400 2790 137 92 lagt
1574 2797 213 72 under

79 2869 502 111 Magistraten,
639 2900 148 60 men
845 2880 222 98 forhen
1137 2889 208 78 under
1391 2882 250 96 Politie
1703 2907 80 74 og

81 2981 386 83 Commerce
489 2975 290 99 Collegio
809 2978 182 80 indtil
1037 3001 108 58 om
1185 2979 92 94 ieg
1311 2980 254 78 mindes
1603 2980 182 85 Ren

95 3078 159 84 Sal
289 3073 433 102 K.Friderich
751 3080 125 86 4de
895 3078 175 91 sidste
1087 3074 563 101 RegieringsTid,
1697 3087 87 76 hg

82 3181 120 77 den
234 3174 256 96 Hoisal.
510 3169 244 97 Konge
786 3170 276 94 befalede
1078 3171 446 94 Magistraten
1548 3190 72 64 at
1662 3197 88 58 an-

80 3287 148 81 tage
250 3266 90 102 sig
368 3269 512 86 Renovationen
910 3266 356 99 formedelst
1280 3275 72 76 de
1382 3288 232 76 mange
1646 3277 108 80 der-

1530 3386 151 72 over
