2943 4554
1 126 20 16 II

364 677 159 88 Det
565 696 62 62 er
665 689 202 80 meget
912 671 361 98 beviisligt,
1326 686 73 64 at
1436 688 275 79 mangen

145 823 622 102 Vertshuusmand
811 821 202 96 haver
1049 820 200 95 mistet

146 974 194 93 deraf
384 971 458 96 dependerende
894 960 352 101 Velfærd,

149 1124 120 96 har
321 1121 310 92 udstyrret
691 1118 102 77 det
846 1109 171 99 011,
1076 1106 137 98 som
1272 1113 133 88 han

145 1272 197 94 haver
401 1263 339 98 tilhandlet
791 1261 95 98 sig
941 1278 135 70 paa
1113 1254 493 103 Laugshuuset;

138 1418 120 76 ved
300 1427 72 66 at
412 1413 288 93 udtappe
740 1411 142 90 der,
946 1404 124 96 har
1124 1404 140 97 sogt
1320 1420 84 66 at
1444 1402 218 101 bringe

143 1558 236 102 Penge
419 1561 90 76 ud
553 1552 200 97 deraf.
855 1549 124 99 Og
1015 1550 550 96 Kjeldermanden
1601 1573 64 60 er

139 1704 129 98 just
311 1725 75 58 en
429 1700 423 96 Undersaat,
911 1697 171 99 som,
1143 1696 169 99 fordi
1355 1699 135 99 han
1525 1700 23 80 i

148 1847 286 100 delighed
474 1869 64 60 er
578 1846 460 98 uformuende,
1084 1862 272 79 trænger
1396 1844 72 84 til
1490 1866 194 61 meere
1702 1847 102 82 Un-

141 1993 410 99 derstøttelse,
593 1998 120 76 end
757 1997 120 78 den
903 1989 342 100 Brygger,
1287 1985 158 101 som,
1485 1990 170 98 fordi

139 2160 65 64 er
243 2143 271 94 magelig
559 2160 81 74 og
685 2140 181 95 stolt,
917 2136 211 98 gjerne
1167 2135 91 82 vil
1299 2153 167 64 være
1507 2139 299 96 privilege-

142 2302 94 66 ret
278 2289 142 78 med
466 2281 536 98 undertrykkende
1044 2279 240 101 Frihed
1324 2283 176 83 imod
1542 2286 128 93 sine
1710 2281 96 98 fat-

145 2434 124 92 tige
319 2431 482 94 Medborgere;
901 2425 148 99 Ja!
1123 2434 102 75 det
1289 2427 206 98 ffulde

143 2576 123 84 ikke
317 2575 161 98 koste
531 2594 219 78 megen
789 2577 251 93 Umage
1090 2590 74 65 at
1218 2579 256 78 udleede
1542 2598 74 59 en

146 2727 359 92 dermand,
566 2718 136 98 som
758 2721 112 82 udi
934 2723 96 95 sin
1096 2718 472 104 Skind-Pels

147 2868 264 96 sundere
471 2867 314 99 Begreb,
849 2866 272 99 stærkere
1191 2867 502 102 Patriotismus
1759 2892 82 76 og

156 3020 216 78 ædlere
427 3011 473 92 Tænkemaade
953 3016 175 84 imod
1195 3015 129 100 sine
1379 3016 459 104 Medborgere,

162 3166 119 76 end
328 3165 119 78 den
490 3159 323 100 Brygger
830 3185 49 70 /
912 3161 135 93 som
1098 3165 115 78 udi
1264 3163 97 94 sin

163 3304 218 102 Habit
417 3305 122 84 kan
583 3310 150 98 stige
775 3313 90 80 ud
907 3302 82 104 af
1021 3310 94 96 sin
1139 3307 260 103 Carosse
1441 3330 80 80 og
1563 3306 114 99 hen
1703 3308 135 100 paas

1596 3455 238 90 Dom-
