2932 4457
1680 384 80 44 21

346 531 150 86 Vel
526 551 64 62 er
634 538 104 76 det
778 550 76 64 at
884 542 222 89 ^rgu8
1148 557 80 74 og
1272 537 98 98 jeg
1404 538 196 80 bliver
1642 540 206 92 eenigs

144 629 187 96 iglen/
388 651 169 58 naar
590 632 129 90 han
739 628 321 96 lforeslaar
1090 649 71 64 at
1188 639 229 92 enhver
1446 633 133 95 som
1610 656 235 76 aparte

143 727 434 82 contribuerer
605 728 66 76 til
695 726 428 83 Renovation
1159 729 124 96 skal
1319 755 78 72 og
1431 756 232 72 aparre
1699 754 150 58 con»

141 825 280 80 tribuere
483 825 68 76 til
583 824 410 94 Betalingen
1033 823 102 96 for
1183 827 284 92 sammes
1507 826 334 96 Udførsel,

143 941 170 60 naar
345 921 132 92 han
505 923 190 93 siger:
749 920 94 80 At
881 920 586 99 Hyre-Kudffene
1505 928 202 80 burde
1737 928 72 76 be-

161 1023 122 74 tale
325 1017 254 78 dobbelt
621 1038 72 60 rc.
823 1016 306 98 Hvorfor
1161 1021 128 80 ikke
1339 1021 478 95 Vognmænde-

140 1135 76 58 ne
252 1117 142 74 med
435 1111 131 92 som
601 1114 213 92 holder
850 1120 122 74 ved
1005 1114 375 85 Stranden
1416 1139 78 73 og
1524 1140 132 72 paa
1677 1118 141 86 Tor-

138 1225 144 80 vet,
338 1223 188 64 enten
560 1207 186 85 burte
792 1216 74 76 de
902 1210 198 83 betale
1148 1213 510 82 Renovationen
1704 1224 106 72 der-

134 1304 102 83 for
282 1311 142 74 eller
468 1327 80 74 og
598 1308 188 78 burte
828 1314 76 72 de
950 1308 118 92 selv
1100 1309 232 94 udfore
1372 1307 328 99 Affaldet,
1758 1332 84 74 og

136 1402 184 87 holde
358 1403 144 94 flige
528 1399 266 85 Steder
822 1422 188 76 rene;
1062 1407 344 84 Derimod
1448 1405 186 99 synes
1666 1410 170 94 mig,

134 1511 73 64 at
242 1501 103 74 det
378 1515 121 62 var
518 1495 101 92 for
654 1500 193 92 haart
882 1500 259 88 handlet
1168 1517 69 60 at
1284 1509 303 83 paalegge
1632 1502 175 76 Bon-

135 1596 124 73 den
291 1591 20 76 i
341 1589 510 97 Almindelighed
901 1610 168 60 mere
1111 1599 120 72 end
1277 1599 104 72 det
1411 1591 130 92 han
1573 1592 262 98 svarer,

137 1692 84 73 da
251 1685 176 94 hånd
461 1691 126 91 dog
619 1708 158 56 maa
819 1688 202 78 betale
1079 1713 28 46 i
1153 1687 166 82 Ski.
1351 1693 120 75 ved
1513 1688 298 94 Indkør-

135 1780 152 97 selen
311 1833 22 44 ,
389 1803 148 60 men
575 1783 20 77 i
621 1782 516 93 Særdeeleshed
1185 1803 124 60 var
1351 1789 100 72 det
1495 1788 50 72 ei
1581 1786 254 94 ubilligt

135 1901 110 56 om
283 1885 122 74 alle
429 1885 74 76 de
525 1879 294 83 Bonder
847 1878 134 90 som
1021 1881 68 78 til
1103 1879 216 94 Byen
1351 1875 282 95 indforer
1649 1880 188 96 Hoe,

133 1974 255 97 Halm,
445 1995 247 74 grønne
721 1974 197 82 Errer
947 1980 143 75 eller
1123 1981 195 76 andet
1347 1975 131 92 som
1509 1978 169 80 kand
1707 1978 101 92 for-

132 2091 202 60 meere
360 2071 432 82 Renovation
824 2074 140 76 blev
996 2076 290 77 desuden
1326 2078 274 90 paalagt
1624 2090 74 62 at
1732 2074 74 80 be-

132 2173 126 74 tale
296 2193 42 46 2
378 2167 172 82 Ski.
588 2170 68 78 til
690 2168 512 86 Renovationen
1244 2165 76 94 af
1352 2169 152 92 hver
1534 2170 178 96 Læs,
1760 2172 40 78 li-

130 2265 208 96 gesom
382 2271 102 74 det
520 2287 78 75 og
630 2284 126 60 var
792 2266 238 94 tienligr
1070 2261 102 90 for
1206 2265 282 82 Renove
1518 2286 184 60 tonen
1724 2290 110 58 om

130 2344 126 95 ben
294 2359 391 97 Anordning
732 2364 140 80 blev
924 2364 226 71 ftri&e
1208 2363 178 94 holdt
1438 2382 150 60 over
1632 2380 70 62 at
1732 2384 72 60 en-

133 2458 154 93 hver
325 2455 210 94 saavel
591 2454 258 88 Bonde
879 2458 134 94 som
1049 2465 200 76 andre
1287 2463 108 76 der
1427 2454 314 102 antreffes
1761 2476 74 66 at

131 2558 174 89 legge
341 2553 168 96 Foer
535 2576 134 71 paa
695 2556 316 82 Gaderne
1063 2557 102 92 for
1191 2561 184 76 deres
1409 2555 236 99 Heste,
1687 2564 150 72 eller

133 2650 184 93 holde
349 2667 72 62 at
453 2647 168 96 foere
673 2660 182 82 deres
889 2654 202 96 Heste
1121 2659 202 74 andre
1353 2651 298 97 Steder,
1709 2662 124 74 end

131 2768 136 73 paa
303 2751 74 74 de
421 2755 124 74 den
587 2750 238 92 anviste
855 2750 246 94 Pladse
1129 2771 78 74 og
1241 2749 252 86 Torve:
1563 2750 92 94 thi
1697 2770 134 70 paa

131 2842 157 95 Axel
319 2841 253 88 Torvet
605 2864 59 58 er
695 2852 101 74 det
813 2846 299 83 Bonden
1141 2847 211 80 tilladt
1389 2845 291 83 imedens
1703 2846 133 92 han

130 2940 216 93 holder
388 2959 72 60 at
512 2939 172 97 sælge
732 2946 126 90 sine
898 2942 288 97 Wahre,
1242 2959 72 62 at
1364 2941 130 92 han
1542 2948 108 74 der
1704 2940 128 82 kan

128 3039 140 92 give
294 3039 130 86 sine
454 3037 200 96 Heste
684 3038 170 98 Foer
890 3046 118 74 ved
1044 3057 72 62 at
1144 3045 164 88 legge
1336 3037 338 95 Stangen
1708 3042 122 76 ned

128 3132 100 95 for
262 3133 302 96 Hestene:
624 3142 86 74 da
758 3154 70 62 at
888 3136 206 79 betale
1130 3163 38 44 2
1204 3135 152 80 Mk.
1408 3133 184 96 halve
1622 3138 206 76 deelen

132 3233 70 78 til
274 3231 372 96 Angiveren
716 3254 80 74 og
852 3232 190 96 halve
1076 3235 212 82 deelen
1330 3231 70 82 til
1460 3229 340 85 Renovati-

133 3347 182 62 onen.

837 3426 90 86 B
987 3450 36 71 3
1343 3509 10 14 .
1637 3422 106 96 Af
