3141 4637
223 489 200 95 større
453 478 314 102 Indtægt
795 475 208 95 aar-Lig
1085 460 302 106 troerseg
1427 470 222 100 sikker,
1691 469 216 94 arsaa

218 644 236 80 mange
502 624 294 100 Fallitter
838 619 208 82 iblant
1086 615 398 99 Bryggerne
1532 613 122 83 ikke
1694 615 216 100 havde

220 775 234 96 fundet
484 768 238 95 Sred,
770 761 138 98 især
942 767 114 80 udi
1088 769 72 80 de
1190 764 184 96 sidste
1404 760 364 101 Aaringer,
1816 763 88 80 da

228 925 78 78 de
358 938 82 76 og
486 913 354 99 formedelst
898 907 262 92 Tidens
1194 906 264 98 Længde
1506 906 164 100 have
1716 923 192 66 været

225 1062 310 96 hyppigst.

443 1254 294 102 Følgelig
785 1247 354 102 formeene-
1181 1268 72 64 at
1297 1256 104 76 det
1429 1248 138 96 som
1613 1251 100 96 jeg
1767 1257 144 78 alle»

223 1406 175 79 reede
433 1396 201 106 haver
665 1395 269 100 anført,
967 1419 81 74 og
1085 1394 227 101 hvilket
1343 1396 123 80 ikke
1497 1394 125 83 kan
1663 1391 263 102 benæg/

224 1556 98 73 res
354 1552 140 76 eller
532 1545 410 96 igiendrives,
984 1539 436 98 fuldkommen
1454 1539 308 100 bestyrker
1792 1547 122 78 den

224 1687 284 103 Thesin,
554 1684 134 100 som
738 1689 98 96 jeg
898 1689 200 98 haver
1134 1702 288 82 urgeret,
1478 1681 302 103 hvorfore
1810 1687 102 96 jeg

222 1837 223 98 holder
472 1836 371 92 ufornøden
874 1849 73 64 at
976 1835 285 94 explicere
1292 1834 133 94 mig
1458 1834 229 80 videre.

445 2030 220 86 Allene
697 2038 86 75 da
821 2037 102 78 det
955 2029 224 96 synes,
1235 2044 72 64 at
1337 2034 112 76 der
1483 2026 210 84 kunde
1723 2031 190 94 gives

221 2185 196 76 denne
439 2174 386 99 Objection,
867 2169 300 106 hvorfore
1193 2174 100 94 jeg
1329 2170 122 84 ikke
1497 2172 184 100 heller
1711 2175 200 90 haver

222 2322 450 98 tilkiendegivet
714 2323 168 78 mine
919 2315 259 92 Tanker
1209 2314 107 100 for
1345 2316 281 100 Laugets
1661 2315 221 88 Direc-

226 2469 136 80 tion
410 2468 22 78 i
478 2488 292 75 eenrum,
844 2471 120 76 end
1002 2485 134 72 paa
1174 2484 74 60 en
1286 2460 282 100 offentlig
1604 2463 262 84 Maade
1886 2477 30 84 ;

228 2609 114 94 saa
370 2608 124 82 kan
516 2608 96 98 jeg
648 2607 324 100 justisicere
1004 2611 130 94 mig
1152 2612 280 94 dermed,
1466 2626 72 64 at
1560 2606 100 99 jeg
1674 2609 22 80 i
1710 2615 204 78 andre

227 2753 500 97 Begivenheder
795 2755 196 84 haver
1051 2768 196 83 yttret
1299 2754 170 80 mine
1514 2744 261 97 Tanker
1841 2755 74 82 til

223 2897 288 97 Laugets
569 2894 202 97 Beste
823 2895 102 98 for
979 2895 548 99 Oldermanden,
1621 2919 84 74 og
1775 2895 138 96 især

231 3040 252 100 ssriftlrg
535 3040 138 82 kort
705 3035 150 100 efter
893 3059 72 64 ar
995 3039 390 99 Bryghuset
1417 3060 124 62 var
1568 3022 348 116 overgaaer

234 3193 120 74 den
402 3186 336 96 ulykkelige
786 3183 422 99 Ildebrand;
1292 3206 146 60 men
1480 3190 96 77 alt
1630 3191 104 78 det
1778 3185 136 96 som

236 3329 96 97 jeg
376 3334 232 80 derved
654 3329 382 100 udvirkede,
1088 3347 124 66 var
1260 3350 74 62 en
1362 3325 442 103 Compliment
1842 3327 82 102 af

1672 3473 242 90 Older-
