3127 4637
1235 603 108 91 216

1460 785 143 98 Jeg
1660 801 65 62 er
1780 777 287 103 forsikrer
2116 794 145 83 om,
2322 794 71 70 ar
2448 775 97 100 jeg
2590 778 117 90 har
2748 789 155 88 giert

1244 945 76 78 he
1358 932 262 94 reedelig
1661 930 483 81 imentionerede
2195 924 231 99 ligesaa
2465 929 131 88 stor
2639 924 273 98 Denestr

1241 1088 146 78 med
1433 1085 196 76 denne
1665 1077 134 80 min
1823 1072 350 100 Udtydelse,
2215 1073 134 94 som
2375 1072 98 96 jeg
2493 1071 284 96 maaskee
2803 1071 116 97 har

1246 1243 228 85 ærgret
1514 1233 179 86 dem,
1752 1229 108 76 der
1906 1242 96 61 ere
2056 1221 284 85 Venner
2396 1242 81 75 og
2536 1217 264 98 Author
2856 1216 79 104 af

1245 1380 147 100 disse
1427 1374 349 87 indviklede
1817 1368 473 97 Talemaader,
2339 1366 97 98 jeg
2499 1366 303 96 defierer,
2855 1378 73 66 at

1244 1528 239 98 enhver
1526 1519 137 95 som
1708 1519 121 90 har
1864 1519 127 96 læst
2020 1515 283 87 Noricen
2328 1512 171 106 (med
2524 1514 249 83 mindre
2796 1513 135 93 han

1248 1695 68 60 er
1376 1676 140 80 eller
1575 1670 121 86 har
1739 1680 195 66 været
1975 1659 349 99 Brygger)
2369 1658 199 90 haver
2611 1669 161 69 troet
2811 1654 121 94 vist

1249 1843 84 75 og
1386 1816 165 99 fast,
1615 1830 72 66 at
1745 1819 110 76 der
1894 1808 105 98 for
2040 1807 285 96 samtlige
2364 1804 221 95 Längs
2610 1770 320 142 Interesse

1628 1980 124 62 var
1796 1962 206 94 aflagt
2046 1955 220 87 Reede
2308 1972 80 76 og
2430 1950 360 96 Rigtighed
2836 1944 100 98 for

1245 2120 120 75 alle
1399 2112 280 92 Laugets
1731 2105 380 98 Indtægter
2153 2121 79 74 og
2273 2095 341 97 Udgifter,
2671 2109 70 64 at
2803 2091 108 83 Re-

1248 2256 317 96 visorerne
1604 2254 177 80 bleve
1818 2246 83 98 af
1934 2246 287 98 samtlige
2246 2245 239 95 Langet
2508 2242 431 96 ndnævnede,

1248 2425 84 84 og
1389 2420 73 64 at
1533 2396 499 101 Regnffaberne
2099 2392 175 82 bleve
2329 2390 315 96 qviterede
2693 2383 79 98 af
2817 2406 89 58 an-

1252 2559 151 89 dre,
1462 2547 137 94 som
1648 2548 293 93 ligeledes
1996 2537 81 97 af
2124 2538 285 94 samtlige
2476 2535 241 95 Langet
2758 2532 181 85 dertil

1258 2697 548 92 kommitteredes,
1848 2712 82 76 og
1974 2687 70 84 til
2079 2686 247 96 saadan
2364 2678 397 113 Forsaaelse
2809 2675 99 97 for-

1255 2845 182 96 føres
1479 2839 78 98 af
1587 2838 274 86 Ordene
1903 2836 170 96 selv,
2115 2829 258 102 ligesom
2413 2834 20 78 i
2477 2829 112 94 sær
2631 2828 312 95 bestyrkes

1258 2991 230 86 derndi
1544 2986 81 96 af
1670 2994 118 75 den
1850 2979 543 98 Consternation,
2450 2975 132 96 som
2626 2972 292 92 Snbscri-

1259 3141 297 83 benterne
1595 3132 315 108 foregive,
1969 3145 71 66 at
2089 3147 169 61 være
2313 3123 423 82 overkommet
2779 3125 169 89 dem,

1256 3287 23 86 i
1304 3285 415 92 Andledning
1742 3277 81 97 af
1836 3282 137 79 min
1996 3275 375 98 Uvidenhed
2402 3294 107 61 om
2552 3271 277 94 Langers
2854 3268 67 76 al-

1259 3431 335 96 mindelige
1631 3428 381 99 Indtægter
2056 3444 82 76 og
2183 3416 307 102 Udgifter.

2764 3715 186 88 Deres-«
