2970 4501
1161 339 97 84 %6

1171 536 277 92 vanlige
1492 526 298 96 Morgen
1862 521 328 98 Rapport
2248 525 72 80 til
2378 522 284 100 bestemte
2720 526 142 93 M

1168 654 342 98 indgives,
1576 668 82 76 og
1720 650 240 93 derpaa
2014 651 228 78 alleene
2278 640 306 102 anføres:
2634 646 224 102 Inrer

1174 776 332 104 passerer.

1973 979 108 86 ?6.

1403 1120 274 88 Skulde
1717 1133 188 84 noget
1949 1117 110 96 saa
2103 1117 276 100 pressant
2421 1116 338 100 forefalde,
2795 1135 64 66 at

1179 1251 102 85 det
1323 1264 70 72 ey
1439 1242 206 80 kunde
1689 1242 94 78 bie
1821 1237 152 100 efter
2015 1239 386 94 Resolution
2455 1240 74 80 til
2565 1246 122 76 den
2729 1238 134 94 sæd«

1181 1368 256 90 vanlige
1489 1360 360 94 Rapports
1893 1359 201 94 Bid,
2145 1359 200 82 bliver
2385 1364 104 76 det
2528 1353 338 104 srax-med
2737 1363 128 76 med

1180 1491 132 91 sine
1352 1481 608 97 Omstændigheder
2020 1479 286 100 skriftligt
2360 1486 224 78 meldet
2624 1486 70 80 til
2730 1481 115 100 Po-

1183 1594 558 116 litiemeser,Ümen
1596 1628 146 58 men
1790 1613 182 74 ellers
2016 1607 182 96 gives
2242 1609 190 93 ingen
2466 1604 400 100 besynderlige

1182 1729 390 99 Rapporter
1618 1748 108 60 om
1766 1727 226 88 enkelte
2032 1724 458 98 Tildragelser.-

1982 1949 113 72 87.

1399 2076 370 100 Foregaaer
1813 2093 208 76 nogen
2061 2077 180 94 flags
2285 2075 262 81 Uorden
2585 2076 22 76 i
2629 2072 208 86 Quar-

1177 2212 210 86 reeret,
1433 2192 138 96 som
1611 2191 492 100 Commissairen
2145 2199 140 82 eller
2321 2190 380 98 Betjenten,
2745 2196 124 76 eller

1179 2321 194 97 begge
1415 2324 342 90 overtydes
1803 2337 108 60 om
1949 2333 74 66 at
2071 2317 166 98 have
2279 2316 206 96 vidst,
2531 2336 148 60 men
2717 2316 152 78 villet

1179 2439 323 97 fordølge,
1545 2454 83 82 og
1671 2434 134 96 som
1847 2435 209 94 altsaa
2097 2435 124 82 ikke
2263 2435 218 97 findes
2523 2454 136 74 paa
2693 2432 153 95 Rap-

1178 2572 252 88 porten,
1476 2562 200 96 haver
1718 2564 120 75 den
1880 2563 140 76 eller
2064 2563 76 78 de
2192 2555 268 100 ffyldige
2512 2556 334 82 Uudeblive-

1182 2687 84 93 lig
1312 2680 338 100 Cassation
1692 2700 74 63 at
1804 2695 206 72 vente.

1992 2903 36 70 3
2040 2893 62 74 8.

1404 3024 497 102 Commissairen
1944 3049 85 76 og
2074 3025 357 96 Betjenten
2470 3044 181 62 maae
2690 3030 177 92 lægge

1185 3163 98 91 sig
1337 3156 154 96 efter
1549 3170 168 76 nøye
1767 3171 88 76 og
1913 3147 408 101 tilforladelig
2379 3146 356 98 Kundskab
2773 3166 92 60 om

1189 3279 180 107 hvad
1409 3274 22 80 i
1473 3270 408 88 Quarteem
1923 3267 378 104 forefalder,
2347 3266 242 98 saasom
2615 3272 74 80 de
2707 3270 158 82 allee-
2951 3259 4 112 ^

2799 3399 66 62 ne
