2839 4490
679 341 558 72 SS!!^==i
1721 350 86 78 II

907 553 124 70 45.

347 679 550 102 Politiemefteren
955 675 22 78 i
1014 673 477 99 Kjøbenhavn
1521 697 64 62 er
1639 683 186 80 deres

123 803 226 96 eeneste
377 799 352 100 Foresatte,
769 795 134 94 som
943 801 144 74 med
1109 793 718 104 Ober-Præsidemens

127 917 388 94 Samtykke
553 933 274 78 antager
867 921 184 88 dem,
1095 935 82 74 og
1221 913 150 100 hvis
1413 913 414 108 Befalinger,

125 1039 360 92 mundtlige
541 1039 142 76 eller
725 1029 312 102 skriftlige,
1080 1052 177 85 naae
1293 1039 74 76 de
1389 1039 142 78 dem
1557 1045 120 76 ved
1721 1061 86 60 no-

123 1175 124 74 gen
301 1151 82 96 af
409 1151 436 82 Kammerets
885 1143 312 100 Betjente
1249 1149 264 100 bringes
1563 1157 272 94 (hvilket

125 1281 78 74 de
241 1295 136 76 paa
421 1273 402 100 Rapporten
881 1273 124 98 har
1043 1291 72 64 at
1153 1269 258 104 anføre)
1453 1281 76 76 de
1573 1285 146 74 med
1759 1300 46 62 u-

124 1395 386 111 udebljvexig
577 1393 326 98 Lydighed
965 1415 84 76 og
1115 1393 380 100 Hurtighed
1579 1399 120 90 har
1763 1417 76 64 at

131 1513 392 98 fuldbyrde,
583 1515 172 82 uden
807 1527 190 84 noget
1053 1513 290 82 derimod
1389 1533 70 64 at
1497 1515 340 108 indvende,

131 1641 144 78 eller
311 1635 608 100 Betænkeligheder
963 1651 72 66 at
1076 1652 184 79 yttre-.

347 1835 178 100 Han
567 1857 68 62 er
679 1833 182 84 deres
915 1833 194 98 første
1151 1855 82 76 og
1273 1835 180 96 sidste
1495 1833 346 92 Dommer

133 1957 22 80 i
193 1959 122 76 alle
359 1957 76 78 de
477 1951 290 100 Sager,
825 1951 134 96 som
1001 1951 410 84 vedkommer
1455 1955 182 78 deres
1679 1951 134 88 Em-

133 2075 154 82 bede
327 2073 190 90 (men
577 2071 124 82 ikke
759 2073 22 78 i
833 2071 244 94 andre)
1121 2089 82 76 og
1257 2069 174 98 hans
1473 2067 372 98 Kjendelser

135 2209 154 64 over
353 2195 148 78 dem
561 2191 202 80 bliver
819 2195 170 92 strax
1045 2193 404 92 exequerede,
1509 2195 338 94 undtagen

141 2323 172 68 naar
355 2315 76 76 de
473 2325 200 80 gaaer
711 2307 74 84 til
827 2307 374 100 Cassation,
1243 2313 90 76 da
1373 2307 442 100 Ober-Præsi-

139 2435 274 74 demens
455 2427 468 100 Approbation
965 2427 164 98 først
1171 2435 242 88 derpaa
1457 2431 336 96 indhentes-

141 2565 150 60 men
331 2539 264 100 derefter
631 2549 190 96 ingen
859 2547 216 98 Appel
1119 2553 140 76 eller
1285 2543 424 102 Forandring
1749 2547 68 84 til-

143 2667 248 94 stædes.

935 2869 122 90 46.

371 3005 254 100 Ligesaa
661 3009 174 96 lydig
875 3007 134 94 som
1049 3007 494 100 Commissairen
1581 3027 82 76 og
1701 3008 120 88 Be-

154 3126 236 122 xjemen
445 3127 126 98 stal
625 3145 166 62 være
845 3123 588 102 Politiemesterens
1497 3123 348 102 Befaling,

151 3245 234 96 ligesaa
443 3247 194 96 hørig
697 3249 124 96 stal
859 3245 394 92 Øuarteer»
1277 3243 350 98 Betjenten
1681 3265 168 64 være

1601 3357 240 88 Quar-
