2909 4463
1669 331 85 66 35

121 512 168 77 levne
329 506 326 95 henkiort;
719 522 148 62 men
909 500 20 80 i
983 508 164 73 dette
1205 496 140 95 fald
1401 494 312 97 statueres
1749 512 76 64 ar

118 614 118 73 der
267 604 123 94 stal
422 622 166 63 være
624 600 304 95 pubiiqve
943 598 253 100 Feiere,
1249 593 133 94 som
1396 598 90 76 vil
1499 593 157 97 koste
1670 613 124 62 aar-

120 705 121 94 lige
274 700 255 100 Penge.
626 697 143 95 Jeg
818 697 119 90 har
981 700 266 74 allerede
1276 693 315 97 temmelig
1626 696 201 90 længe

119 807 189 76 rodet
339 800 21 77 i
411 799 303 89 Sneen,
769 792 99 97 jeg
907 812 161 60 maa
1113 789 87 91 see
1247 805 77 64 at
1353 788 255 80 komme
1631 793 91 74 ud
1751 780 77 100 af

118 906 129 73 den
274 896 195 96 igien,
524 900 111 76 der
662 909 127 61 var
818 893 101 77 vel
956 908 77 60 en
1070 890 131 79 deel
1238 905 169 60 mere
1438 884 135 91 som
1616 884 213 80 kunde

119 1014 169 61 være
313 993 239 94 nyttigt
583 1007 75 64 at
693 1003 269 79 nævne,
993 1004 151 61 men
1167 980 499 97 Vidtløftighed
1683 981 147 94 giør

130 1088 499 95 kiedsvmmelig,
684 1085 99 95 jeg
810 1083 89 80 vil
914 1088 203 74 allene
1148 1084 169 91 legge
1334 1087 167 71 detre
1530 1080 69 78 til
1616 1078 133 92 som
1768 1094 65 62 et

119 1190 449 90 tLporsmaal
605 1203 81 78 og
723 1184 235 78 derved
997 1176 307 97 forandre
1345 1176 145 79 lidet
1521 1175 21 78 i
1575 1174 121 80 mit
1729 1194 75 75 ge-

116 1286 208 77 nerale
352 1280 314 101 Forflag:
718 1278 212 79 kunde
978 1282 104 73 der
1116 1274 52 80 ei
1220 1280 142 75 lade
1400 1276 91 93 sig
1538 1272 176 94 giøre
1754 1284 80 66 al

113 1388 76 73 de
221 1381 216 89 snevre
475 1367 350 95 Gaardes"
849 1373 226 94 Eiere,
1147 1387 254 64 maatte
1451 1369 258 81 tillades
1755 1380 76 66 at

116 1479 264 76 udbære
416 1479 186 76 deres
630 1467 343 100 nye-falden
1005 1470 207 79 Snee
1246 1486 140 73 paa
1413 1466 251 81 Gaden
1679 1461 123 78 ime-

112 1580 171 71 dens
320 1570 267 96 Vogne
625 1588 124 61 var
780 1574 111 73 der
925 1565 273 95 tilsæde
1212 1560 137 91 som
1382 1558 447 98 straxborrtog

115 1673 163 76 det?
339 1669 93 90 thi
463 1673 233 73 derved
733 1664 145 80 ville
895 1681 239 74 mange
1167 1657 355 80 indknebne
1541 1654 292 83 Gaae-de

112 1784 171 59 være
318 1765 299 92 vektient,
652 1782 81 74 og
748 1766 123 76 den
904 1757 227 95 fattige
1162 1761 199 72 vorde
1396 1751 219 94 befriet
1640 1755 159 74 arka-

113 1870 79 73 de
229 1863 243 91 samme
527 1859 305 91 bortføre.
937 1854 365 81 Gadernes
1325 1851 209 79 Snee
1563 1843 265 93 Kiørsel

114 1976 255 63 maatte
402 1957 191 93 ingen
638 1952 229 92 befries
898 1949 105 95 for
1038 1965 73 62 at
1154 1947 399 78 contribuere
1588 1942 71 80 til
1700 1948 129 76 end

111 2057 129 80 ikke
269 2056 245 82 Leierne
531 2060 143 73 eller
701 2058 75 74 de
805 2047 360 99 Logerende
1197 2062 148 60 men
1363 2048 122 74 alle
1519 2039 184 94 svare
1729 2041 100 90 sin

110 2154 250 83 Andeel
396 2153 70 78 til
500 2150 276 85 Verten
798 2131 124 110 soff
932 2146 154 88 hver
1112 2138 286 100 Hovedi
1438 2138 214 97 Huser
1690 2137 140 88 som

109 2270 126 61 var
289 2276 82 47 i2
399 2247 148 84 Aar
579 2271 77 74 og
695 2252 306 84 derover,
1059 2241 66 78 til
1177 2237 248 95 hvilken
1483 2233 190 84 Ende
1719 2237 110 74 det

112 2348 212 79 kunde
352 2366 166 60 være
552 2346 240 94 tienligt
828 2363 106 57 om
969 2336 451 94 Magistraten
1461 2334 166 91 srax
1670 2325 154 96 efter

115 2449 114 74 ald
258 2442 205 82 Snee
503 2464 78 76 og
614 2441 133 98 Jis
767 2434 291 103 Kjørsel
1087 2452 124 60 var
1230 2428 171 93 forbi
1421 2425 280 96 offentlig
1720 2424 74 78 be-

109 2539 386 93 kiendgiorte
589 2539 163 94 hvor
765 2550 205 83 meget
983 2532 243 95 samme
1241 2527 67 80 til
1325 2531 73 75 de
1419 2524 180 80 leiede
1613 2522 179 94 Vog-

110 2657 83 64 ne
216 2635 211 98 havde
456 2635 193 90 koster
682 2656 79 74 og
776 2634 163 95 hvor
964 2642 207 81 meget
1190 2625 237 94 enhver
1472 2621 251 84 Gaard
1744 2623 53 74 el-

111 2740 91 74 ler
233 2733 227 97 Huus
495 2732 21 76 i
551 2730 289 83 Staden
891 2729 183 79 dertil
1120 2722 188 95 skule
1343 2722 273 93 erlegge,
1671 2735 151 58 men

110 2838 91 77 da
240 2845 255 63 maatte
524 2826 277 94 sandelig
834 2827 129 78 ikke
990 2827 317 92 glemmes
1338 2825 107 73 det
1488 2812 227 94 forhen
1752 2829 67 60 er

109 2930 283 89 omtalt,
447 2940 73 64 at
575 2928 77 73 de
711 2922 403 97 Bygninger
1177 2922 142 73 eller
1387 2910 430 86 Eiendomme

112 3043 154 61 over
290 3046 88 70 30
402 3023 166 80 Alen
604 3023 139 91 flap
778 3024 112 86 jaa
928 3020 182 93 ringe
1158 3012 138 96 som
1350 3015 76 79 de
1458 3016 110 77 der
1600 3006 216 94 holder

111 3128 108 79 der
249 3136 300 72 accurare
587 3116 416 85 AlenMaal.

867 3411 69 85 C
986 3434 48 55 2

1449 3401 265 85 Videre
