2804 4515
1757 299 90 69 23

937 493 110 70 30.

365 595 160 90 Det
577 593 240 92 samme
873 613 112 74 er,
1053 615 110 58 om
1203 601 74 76 de
1327 595 204 98 ffulde
1577 593 272 100 befinde,

143 735 76 64 ar
273 719 242 94 urigtig
561 713 226 96 Vægt
845 735 82 76 og
969 711 208 82 Maal
1219 715 140 80 blev
1407 715 242 100 brugt,
1711 721 140 78 eller

143 853 74 66 at
257 841 76 76 de
373 833 158 94 satte
571 831 246 96 Taxter
859 827 126 80 ikke
1031 831 140 78 blev
1217 827 382 98 efterlevede.

941 1019 112 70 3*.

369 1115 172 86 Med
587 1115 484 100 Spiisvæmr,
1111 1113 460 100 Spekhøkere,
1611 1137 82 76 og
1737 1135 88 62 an-

145 1245 148 100 dre,
335 1237 138 96 som
513 1237 308 96 udsælger
849 1237 394 100 Fødevahre
1283 1241 20 78 i
1345 1239 234 96 smaat,
1614 1236 212 95 saavel-

146 1348 138 119 sonj
147 1361 138 92 som
325 1367 146 76 med
513 1361 278 96 Bagere
833 1381 84 76 og
959 1359 370 100 Slagtere,
1375 1361 198 98 haver
1613 1365 76 76 de
1731 1357 118 96 flid

143 1483 132 96 tig,
339 1505 82 76 og
481 1505 170 76 uøye
707 1485 366 98 Jnseende,
1139 1503 70 62 at
1265 1491 74 76 de
1397 1483 210 96 sælger
1669 1485 186 94 gode,

143 1597 198 94 sunde
383 1623 82 74 øg
505 1599 378 98 forsvarlige
911 1601 258 96 Wahre
1199 1599 152 96 efter
1383 1617 96 66 ret
1503 1599 228 96 Vægt
1771 1621 82 76 og

143 1717 212 82 Maal
399 1741 82 76 og
521 1723 72 80 til
635 1729 74 76 de
731 1721 294 94 foresatte
1057 1721 248 106 Prüfer
1331 1717 152 96 efter
1507 1719 350 98 Taxterm;

145 1841 310 92 defligeste
511 1855 318 86 paaagter
885 1845 114 94 de,
1061 1855 78 66 at
1191 1837 212 84 Svin
1459 1837 126 82 ikke
1627 1835 230 98 holdes

143 1977 138 75 Paa
321 1955 224 100 Stie,
591 1965 142 82 eller
775 1979 200 74 gaaer
1019 1957 122 96 løse
1179 1977 134 76 paa
1359 1955 358 94 Gaderne,
1775 1975 84 74 og

143 2077 108 100 for
289 2081 330 86 desbædre
655 2095 74 64 ar
763 2085 406 80 underrettes
1209 2097 106 60 om
1351 2081 94 76 alt
1485 2083 186 86 dette,
1709 2093 148 62 men

145 2203 186 76 ellers
371 2203 212 92 aldrig
629 2203 20 76 i
695 2221 208 74 nogen
941 2203 214 78 anden
1179 2195 396 100 Henseende,
1625 2195 120 90 har
1783 2203 76 74 de

151 2323 342 96 jævnligen
555 2339 74 66 at
667 2325 316 94 inquirere
1025 2323 20 78 i
1085 2321 496 84 vedkommende
1617 2319 240 98 Folkes

147 2439 240 98 Huuse
441 2463 82 74 og
581 2441 286 98 Boder,
931 2447 128 90 dog
1129 2439 188 82 ikkun
1375 2461 108 58 om
1541 2439 310 96 Dagen;

149 2565 90 74 da
305 2565 104 74 det
473 2559 360 98 befundne,
903 2559 152 98 efter
1123 2559 732 98 Omstændighederne,

153 2683 346 96 anholdes,
539 2689 140 76 eller
729 2695 346 72 annoteres
1123 2705 80 74 og
1251 2685 418 92 vedborligen
1707 2699 122 74 rap-

151 2817 306 86 porteres.

955 2995 110 72 32.

369 3095 132 84 Udi
543 3095 184 96 hvad
769 3097 204 76 andre
1013 3087 340 96 Tilfælde,
1407 3085 136 96 som
1585 3087 108 98 her
1731 3087 126 80 ikke

157 3233 96 64 ere
295 3215 366 96 benævnte,
701 3231 148 62 men
895 3213 72 80 til
1007 3227 72 62 at
1119 3209 386 98 handthæve
1541 3215 130 92 god
1713 3203 144 86 Or-

909 3307 90 88 B
1043 3331 50 72 4
1715 3313 144 88 den,
