2880 4493
1772 415 45 80 *

79 607 114 77 ne,
249 592 142 78 eller
427 593 122 76 ved
581 591 74 76 de
679 583 134 90 som
845 584 68 76 til
943 580 279 96 saadant
1251 599 76 66 at
1361 587 208 94 giere,
1623 586 174 84 lader
1821 587 96 94 sig

83 691 152 89 leye.
337 684 122 94 Og
493 701 156 62 maa
681 683 164 78 intet
861 680 230 96 Mad,
1145 681 264 88 Drikke
1439 688 142 74 eller
1613 679 304 98 Confect,

86 785 72 76 til
188 804 208 72 nogen
427 782 127 89 hvo
587 785 103 74 det
716 799 64 58 er
806 784 144 76 eller
978 794 170 64 være
1171 779 211 98 kand,
1433 779 103 97 for
1568 784 142 76 eller
1760 777 154 94 efter

86 876 446 98 Begravelsen
562 877 224 94 gives;
838 874 170 100 Hvo
1044 877 284 89 herimod
1360 877 304 98 handler,
1718 876 202 96 haver

86 975 316 98 forbrudt
430 974 166 97 Fem
634 973 372 100 Hundrede
1036 972 338 95 Rixdaler.

234 1100 65 64 9.
350 1070 133 86 De
526 1069 329 98 Personer
904 1068 135 94 som
1078 1072 21 76 i
1144 1077 123 76 den
1284 1071 241 84 Anden
1546 1073 271 71 Artkul
1852 1089 67 60 er

89 1172 376 91 ommeldet,
521 1187 162 60 maa
713 1175 208 74 allene
953 1168 70 80 til
1051 1168 332 97 Forældre
1453 1190 84 74 og
1573 1165 322 97 ALgtefæl-

85 1267 136 81 leds
259 1264 524 96 Ligsbegængelse
827 1282 96 64 tre
961 1262 238 84 Stuer
1247 1269 142 80 lade
1417 1273 236 87 drage,
1709 1260 110 94 saa
1839 1283 82 76 og

78 1361 203 94 bruge
323 1382 77 58 en
463 1362 307 97 Himmel
821 1382 151 58 over
1029 1362 215 93 Liget,
1295 1359 139 94 som
1471 1368 129 84 dog
1639 1380 73 68 ey
1761 1377 167 62 maa

76 1475 172 63 være
278 1456 78 92 af
378 1463 200 76 andet
604 1465 122 72 end
754 1454 76 94 af
852 1458 216 92 Bay,
1122 1461 174 74 uden
1326 1454 366 99 Fryndser,
1728 1452 194 95 Floer

76 1561 146 73 eller
252 1554 314 97 Baand,
622 1573 86 76 og
742 1572 160 58 maa
938 1558 74 78 de
1038 1552 378 93 iligemaade
1448 1558 184 74 deres
1660 1546 258 83 Care

220 1672 80 74 og
366 1648 322 100 Hestetoy
750 1655 142 73 lade
952 1647 400 79 overtrække.
1466 1646 136 84 De
1656 1652 202 73 andre
1902 1643 24 78 i

76 1747 303 97 Rangen
434 1747 195 78 indtil
676 1743 559 84 Landsdommere
1286 1743 375 87 inclufive,
1727 1759 194 58 maae

79 1845 170 90 have
280 1859 64 62 to
379 1842 276 95 Ligstuer
687 1847 282 87 dragne,
1027 1862 80 72 og
1141 1859 194 58 maae
1367 1845 112 89 de,
1533 1836 112 94 saa
1673 1833 250 92 velsom

71 1941 368 96 forbemelte
471 1937 328 98 Personer
833 1934 136 94 som
1001 1936 18 78 i
1050 1933 383 96 foreskrevne
1467 1932 242 84 Anden
1743 1932 150 83 Arti-

75 2042 87 76 kel
193 2042 399 89 ommeldes,
643 2031 107 96 for
797 2040 185 78 deres
1016 2028 387 99 »Ægtefæle
1441 2050 83 76 og
1563 2032 191 94 ingen
1801 2045 89 62 an-

72 2147 164 83 den,
268 2142 182 76 deres
492 2129 304 100 Carosser
834 2152 82 76 og
956 2130 322 98 Hestetoy
1310 2133 144 80 lade
1496 2125 426 94 overtrække;

72 2233 136 85 De
242 2238 202 74 andre
484 2231 18 76 i
538 2229 340 98 Rangen,
952 2248 80 74 og
1078 2226 282 91 Adelen,
1434 2245 160 59 maa
1648 2228 144 76 lade
1842 2243 80 58 en

72 2329 210 83 Stue
318 2327 423 96 overtrække,
794 2324 224 82 Mens
1046 2322 188 95 ingen
1248 2323 20 76 i
1282 2323 126 92 hvo
1438 2321 253 95 haner,
1718 2320 172 97 Præ-

71 2426 334 96 dikestolen
435 2431 144 74 eller
605 2423 298 84 Stolene
931 2424 20 76 i
975 2420 290 97 Kirken;
1323 2418 196 95 Hvis
1559 2440 214 74 nogen
1827 2419 94 94 sig

73 2524 290 95 herimod
407 2519 260 99 forseer,
735 2523 166 96 have
949 2516 310 96 forbrudt
1309 2517 378 98 Hundrede
1728 2513 160 103 Rin-

118 2637 299 67 ack.j·x«s

236 2742 30 48 i
278 2740 66 56 o.
399 2716 219 95 Ligene
641 2715 125 96 ssal
793 2720 107 78 det
926 2709 580 100 allersnaresteffee
1533 2710 211 94 kand,
1799 2705 89 87 be-

62 2816 234 91 skrede-3
340 2814 74 78 til
468 2812 306 97 Jorden,
844 2834 78 74 og
952 2812 188 96 ingen
1180 2803 78 98 af
1278 2817 114 88 de,
1458 2806 136 92 som
1640 2826 74 72 ey
1766 2823 154 58 eret

62 2911 304 95 Rangen
396 2918 148 72 eller
570 2907 76 80 af
670 2907 200 97 Adel,
928 2912 238 92 længer
1192 2911 176 94 flane
1410 2922 152 60 over
1602 2900 316 98 Jorden,

58 3014 125 76 end
212 3008 19 76 i
264 3016 103 74 det
404 3009 251 92 længste
678 3005 171 82 Otte
888 3006 259 96 Dage,
1200 3007 209 74 under
1434 2999 191 93 Tyve
1656 2998 227 95 Rixda-

61 3111 88 74 ler
181 3102 240 96 Straf
437 3104 102 91 for
567 3103 154 96 hver
749 3101 188 97 Dag
967 3108 106 74 der
1105 3108 230 87 længer
1359 3104 144 72 med
1543 3102 184 76 deres
1757 3092 122 85 Be-

59 3202 278 97 gravelse
361 3202 352 94 opholdes,
769 3218 150 58 men
953 3206 118 92 de,
1121 3195 136 92 som
1289 3213 96 60 ere
1419 3195 20 76 i
1455 3192 292 96 Rangen
1763 3195 148 76 eller

59 3299 79 94 af
155 3298 164 84 Adel
333 3352 23 42 ,
392 3296 373 100 maa-have
601 3297 164 96 have
793 3293 138 89 Tre
985 3298 218 92 Ugers
1251 3289 230 96 Respit
1515 3290 20 78 i
1577 3296 104 74 det
1721 3293 158 75 aller-

78 3400 280 92 længste,
414 3420 80 71 og
518 3393 102 96 for
646 3395 154 94 hver
820 3390 188 98 Dag
1028 3398 76 76 de
1138 3395 236 92 længer
1398 3388 370 92 indeholdes
1784 3391 126 78 end

68 3478 334 114 forskrevet
430 3500 254 91 staaer,
738 3493 210 83 bodes
980 3494 370 94 Fyrgetyve
1388 3485 338 97 Rixdaler.

912 3586 68 86 A
1036 3612 38 70 z
1530 3606 110 56 n.
1692 3576 116 91 Dl
