2975 4576
2902 112 72 66 T

1037 515 60 84 6
1159 529 6 6 '
1685 508 454 114 ^.O.^

1053 723 170 94 hvor
1281 723 102 76 det
1433 723 128 89 dog
1605 718 228 96 ligesaa
1885 738 110 80 got
2039 720 134 94 som
2221 727 204 78 under
2475 727 116 78 den
2641 725 154 95 kost«

1053 819 242 94 bareste
1347 815 334 99 Bygning
1739 818 428 101 conserveres;
2255 843 146 58 men
2455 827 212 74 endnu
2723 845 76 57 en

1055 913 460 102 Hoved-Sag
1543 918 244 98 tilbage.
1887 920 256 82 Kiober
2187 927 140 74 eller
2377 927 160 88 leper
2585 921 98 94 jeg
2729 940 74 60 en

1055 1015 349 94 Kiøbstæd
1435 1015 213 99 Jord,
1684 1014 80 96 af
1783 1018 227 98 Lighed
2042 1027 142 73 med
2222 1043 74 58 en
2323 1019 239 90 Tønde
2593 1019 189 100 Hart-

1060 1115 204 94 korn,
1310 1135 192 74 gaaer
1534 1134 178 62 enten
1744 1118 190 94 Leyen
1968 1126 138 74 eller
2136 1119 264 84 Remen
2440 1117 82 94 af
2542 1125 136 74 min
2714 1117 68 79 be-

1060 1219 156 74 talte
1262 1212 600 86 Kiøbe-Summa
1922 1218 112 92 lige
2082 1235 82 72 op
2220 1223 136 78 (om
2410 1219 120 78 ikke
2580 1234 236 78 mange

1062 1309 290 86 Sræder
1382 1314 178 94 over)
1598 1320 140 74 med
1758 1318 120 90 det,
1906 1310 222 94 somen
2156 1313 252 86 Bonde
2426 1317 214 90 svarer
2660 1313 128 82 ban-

1060 1415 82 78 de
1168 1413 22 76 i
1220 1407 318 99 Skatter,
1566 1410 344 96 Landgilde
1944 1434 80 72 og
2062 1410 102 92 for
2212 1413 326 98 Hoverie,
2588 1435 80 74 og
2706 1415 114 81 der

1062 1529 70 60 er
1168 1505 258 94 noksom
1466 1508 302 96 bekiendt,
1816 1510 172 88 hvad
2020 1508 382 84 Levemaade
2444 1533 72 58 en
2558 1511 258 84 Bonde

1068 1625 197 64 maae
1296 1603 161 100 føre,
1491 1627 108 59 om
1634 1606 131 98 han
1800 1608 119 94 stal
1958 1606 165 94 have
2160 1609 81 90 sit
2274 1607 279 98 Ophold
2586 1631 81 74 og
2682 1609 111 92 sva-

1069 1727 70 64 re
1163 1705 290 98 Kongen
1491 1728 80 76 og
1603 1706 176 96 hans
1809 1703 294 102 Herskab
2141 1709 102 76 det
2279 1707 132 96 han
2455 1707 138 78 bør.

1297 1825 106 96 Af
1439 1831 94 75 alt
1581 1832 200 88 dette,
1817 1826 130 90 som
1983 1828 228 94 herved
2245 1825 134 98 sagt
2411 1849 102 74 er,
2551 1825 118 82 kan
2705 1826 120 80 nok

1073 1923 252 102 oplyses
1353 1943 74 64 at
1457 1925 288 99 Avlings
1775 1926 218 94 Brug
2039 1946 64 58 er
2149 1923 122 82 ikke
2317 1945 202 74 nogen
2555 1925 240 98 Hoved-

1075 2027 226 98 styrke,
1341 2040 181 64 enten
1565 2022 104 96 for
2349 2020 477 107 Fabricankeeezl4

1077 2129 142 78 eller
1283 2129 204 76 andre
1543 2126 22 76 i
1629 2124 538 96 Almindelighed.
2331 2125 180 80 Mon
2579 2129 98 76 det
2737 2129 88 73 da

1079 2225 129 80 ikke
1243 2241 125 64 var
1399 2223 219 95 bedre,
1663 2240 73 64 at
1779 2224 237 94 enhver
2059 2224 465 97 Haandrering
2557 2225 21 78 i
2611 2243 81 80 og
2719 2219 107 97 for

1078 2323 98 102 sig
1214 2321 118 96 selv
1370 2328 276 76 ernærde
1684 2324 96 98 sin
1806 2322 288 84 Mand?

1308 2443 158 88 Det
1518 2442 166 96 siges
1730 2444 20 78 i
1796 2442 218 96 daglig
2048 2434 206 101 Tale,
2310 2455 70 66 at
2422 2443 114 76 den
2568 2441 106 78 der
2710 2435 126 95 har

1086 2565 238 76 mange
1370 2543 176 100 Jern
1592 2546 20 74 i
1660 2538 214 102 Ilden
1928 2560 136 76 paa
2098 2559 290 76 engang,
2442 2543 172 74 lader
2654 2540 178 90 nogle

1088 2645 378 96 forbrænde.
1522 2640 124 98 Og
1682 2648 100 78 det
1814 2662 64 60 er
1908 2640 320 92 ufeylbar,
2256 2661 72 58 at
2368 2645 116 72 den
2506 2635 132 94 som
2660 2653 172 77 tager

1698 2738 146 98 for,
1890 2736 268 100 udfører
2210 2743 120 78 den
2360 2739 264 92 mindste
2656 2733 182 87 Deel

1592 2854 105 66 ns.

1619 2946 100 74 det
1751 2944 86 74 da
1879 2936 146 96 fast,
2063 2938 132 92 som
2229 2935 98 94 jeg
2365 2951 188 74 troer,
2593 2949 72 62 ar
2699 2931 110 83 Av-

1095 3045 176 92 lings
1301 3039 220 99 Brug
1549 3060 68 72 ey
1661 3038 124 80 kan
1823 3058 170 60 være
2029 3057 206 76 nogen
2265 3031 432 102 Hovedstyrke
2737 3027 104 95 for

1095 3163 76 58 en
1217 3141 78 82 K
1313 3141 340 91 øbmand,
1701 3138 108 88 saa
1849 3156 126 62 var
2033 3144 102 74 der
2179 3135 178 80 bedre
2393 3147 68 62 at
2501 3137 118 72 tale
2651 3144 192 80 noget

1097 3263 142 66 om-,
1291 3239 336 98 hvorledes
1673 3238 130 96 han
1851 3234 122 98 best
2007 3236 202 78 kunde
2235 3233 238 80 komme
2511 3225 134 94 fort
2695 3232 146 78 med

1095 3345 110 72 der
1233 3363 102 52 em
1383 3341 132 92 han
1549 3338 118 98 har
1701 3354 172 78 rager
1907 3338 88 94 sig
2033 3334 124 95 for,
2191 3353 78 72 og
2303 3329 130 88 som
2467 3347 158 62 man
2663 3327 184 94 skulle

1093 3435 296 98 formode
1441 3437 132 98 han
1625 3458 62 58 er
1735 3444 220 82 oplært
2003 3438 116 76 ved
2175 3451 76 74 og
2303 3427 122 96 har
2467 3441 190 82 noget
2698 3422 120 89 Be-

1093 3537 155 87 greb
1529 3534 161 90 Det
1737 3536 197 84 bliver
1974 3528 122 86 nok
2135 3535 105 78 det
2284 3525 432 96 allersikkerste
2767 3542 79 76 og

2660 3623 188 99 beste,
