3141 4637
229 797 110 76 der
379 789 386 90 bortfmelter
801 789 18 78 i
863 783 712 102 Ober-Formynderiet
1615 777 76 98 af
1719 797 56 64 et
1805 801 74 60 en-

231 901 114 84 kelt
385 907 250 92 tusinde
673 903 240 86 Rdlrs.
957 901 350 90 Arvepart.

451 1025 142 86 Da
635 1031 158 72 dette
815 1021 722 100 Ober-Formynderies
1575 1025 306 78 roulkeren

233 1149 76 76 de
371 1143 332 96 Capikaler
767 1159 276 62 omtrent
1115 1163 64 60 er
1241 1167 50 68 4
1337 1141 278 90 Tønder
1673 1141 238 94 Guld,

235 1259 246 100 hvoraf
515 1281 154 60 man
711 1261 122 78 kan
875 1283 186 74 regne
1109 1267 288 92 udgaaer
1439 1281 82 78 og
1561 1261 354 82 tilkommer

231 1381 208 94 aarlig
503 1405 236 68 50000
793 1377 244 98 Rdlr.,
1093 1379 110 94 saa
1259 1403 64 58 er
1379 1387 102 74 det
1535 1401 166 58 naar
1755 1401 158 62 man

231 1499 292 92 ansætter
589 1525 88 68 50
737 1499 398 96 Arveparter
1198 1520 56 61 as
1293 1527 188 50 1000
1521 1499 252 98 Rdlr.,

229 1617 182 94 smuk
809 1614 351 105 Skiling-,-
1229 1623 134 92 som
1413 1629 76 76 de
1553 1625 366 94 Umyndige

235 1761 190 60 maae
481 1745 210 88 miste,
749 1763 78 72 og
885 1741 254 82 beløber
1199 1745 90 86 sig
1355 1765 70 66 ey
1481 1745 250 80 mindre

239 1853 196 80 1060
493 1859 198 84 Rdlr.
759 1861 244 92 aarlig,

229 1981 132 80 kels
403 1983 398 92 Umyndige,
847 1975 102 96 for
993 1997 70 64 at

231 2103 390 94 myndernes
659 2095 272 86 Lomme.

451 2239 218 90 Dette
711 2259 64 58 er
817 2237 112 96 saa
973 2257 202 78 meget
1227 2261 194 60 meere

235 2367 234 96 heden,
529 2361 134 94 som
717 2359 710 102 Ober-Formynderne
1483 2387 128 70 paa
1653 2375 118 76 den
1815 2393 106 62 ene

237 2489 192 84 Side
481 2487 342 92 betragtet,
885 2503 96 60 ere
1035 2485 184 96 stedse
1275 2487 150 92 riige
1465 2485 240 86 Mænd

239 2621 76 74 de
357 2633 80 72 og
481 2609 354 96 formedelst
875 2613 120 76 den
1039 2605 432 96 udfordrende
1525 2611 382 102 Vederhæf-

241 2727 212 96 tighed
515 2723 122 78 bør
693 2723 194 92 være)
935 2742 104 75 og
1081 2719 254 100 følgelig
1395 2723 120 82 ikke
1575 2745 238 80 trænge
1853 2733 74 76 til

243 2843 246 94 saadan
545 2845 176 92 flags
759 2837 518 100 Understøttelse,
1333 2861 82 76 og

237 2975 122 74 den
419 2963 228 92 Side,
698 2960 197 96 saae
933 2965 74 74 de
1063 2959 124 80 ikke
1245 2967 208 76 under

241 3083 264 92 Airsvar
543 3079 104 100 for
689 3077 448 98 Capitalerne,
1177 3099 168 60 naar
1389 3083 74 76 de

239 3227 142 78 rage
445 3227 74 56 en
585 3203 178 94 ringe
821 3197 386 100 Formalitet
1277 3203 122 78 ved

243 3327 458 90 Summerne;
775 3319 70 94 ja
905 3323 76 76 de
1023 3339 96 60 ere
1157 3325 206 92 endog
1407 3321 122 80 ikke
1565 3325 194 98 pligts

241 3465 70 62 at
355 3447 176 92 svare
571 3463 206 76 nogen
823 3439 256 96 Rente,
1137 3437 160 96 ifald
1339 3447 74 76 de
1451 3441 120 82 ikke
1615 3441 140 98 faae

239 3571 304 96 Malerne
579 3559 284 104 udsatte,
909 3561 132 96 som
1087 3567 128 96 dog
1269 3565 20 82 i
1329 3569 102 84 det
1473 3567 284 100 mindste-

1849 3697 80 76 de
