2969 4523
1254 396 80 60 28
2250 432 6 4 .

1160 564 168 92 ikke,
1396 556 132 94 som
1578 557 120 86 har
1748 569 192 62 været
1990 568 192 80 noget
2226 558 172 78 uden
2448 553 396 100 for'Rigets

1160 654 361 92 Grændser
1569 667 72 66 at
1670 649 367 100 Fæstnings
2070 650 219 100 Porte
2330 652 161 81 blive
2522 657 295 94 straxaab-

1163 776 108 58 ner
1297 752 104 94 for
1429 767 174 76 extra
1639 747 188 98 Post.
1945 748 218 98 Hvad
2199 748 182 95 skulle
2417 755 86 78 da
2549 751 212 96 hindre
2781 771 62 66 at

1161 854 294 90 Amager
1483 845 228 98 Port,
1787 847 160 96 hvor
1983 848 312 92 igiennem
2337 850 188 95 ingen
2571 849 274 98 Passage

1157 950 128 78 kan
1317 946 336 94 formodes
1689 943 284 96 udenfor
1993 942 198 96 defaa
2221 944 308 86 Beboere
2551 945 134 94 som
2701 955 142 74 dette

1163 1072 32 46 i
1233 1046 163 80 Miil
1435 1048 156 91 stort
1623 1041 177 84 Land
1843 1041 197 96 haver
2079 1064 133 70 paa
2249 1046 111 94 sig.
2471 1043 171 86 Der
2689 1065 61 58 er
2793 1043 53 92 jo

1156 1142 214 96 Vagt
1420 1145 120 78 ved
1582 1139 268 96 Porren
1898 1161 78 73 og
2020 1140 18 78 i
2072 1138 400 99 Revelinen,
2528 1149 76 74 de
2652 1143 194 80 kunde

1154 1242 226 92 lettelig
1426 1234 388 94 forekomme
1866 1243 108 71 aid
2032 1242 214 72 anden
2286 1239 310 96 Passage.
2736 1239 112 95 Og

1154 1337 328 91 skulle-der
1528 1329 326 94 befrygtes
1900 1331 174 85 Told
2130 1330 240 98 Svig,
2424 1341 86 74 da
2554 1337 208 76 kunde
2794 1335 56 90 jo

1156 1456 80 58 en
1270 1434 256 89 saadan
1558 1427 284 84 Betient
1890 1446 166 60 være
2080 1428 254 94 tilstæde
2370 1432 130 87 som
2534 1431 206 80 kunde
2758 1433 72 74 be-

1156 1546 145 80 tage
1338 1538 121 72 den
1482 1526 253 97 Frygt,
1790 1528 291 75 desuden
2108 1542 63 60 er
2204 1532 103 72 det
2340 1525 193 80 ikkun
2574 1535 121 74 den
2720 1525 107 92 hal-

1155 1646 80 58 ve
1269 1626 194 94 Nat,
1517 1621 94 94 thi
1641 1627 106 74 der
1801 1639 62 58 er
1921 1624 264 78 allerede
2207 1618 154 96 foiet
2409 1629 122 76 den
2587 1619 260 98 priselige

1159 1722 268 96 Anstalt
1451 1737 74 62 ar
1563 1717 218 82 Natte
1809 1716 512 86 Renovationen
2359 1718 48 80 ei
2439 1739 160 64 maa
2629 1719 196 94 begyn-

1147 1828 122 74 des
1297 1816 230 94 førend
1561 1813 116 80 Kl.
1719 1841 52 48 i.
1877 1815 126 93 Og
2055 1812 178 92 hvad
2285 1812 126 81 kan
2439 1835 90 58 nu
2571 1835 162 58 være
2763 1815 62 78 til-

1149 1918 166 94 bage
1343 1914 136 90 som
1506 1911 183 92 skulle
1717 1911 218 92 hindre
1965 1918 164 72 dette
2163 1910 294 96 Anstags
2489 1911 340 96 Fuldførel-

1149 2012 59 92 se
1229 2018 35 74 ?
1315 2012 143 96 Jeg
1491 2009 121 88 seer
1645 2007 197 96 intet,
1897 2027 149 63 men
2069 2004 109 92 saa
2206 2024 202 83 meget
2447 2029 167 60 mere
2641 2015 185 86 flatte-

1148 2128 102 62 rer
1272 2108 98 96 jeg
1398 2108 130 93 mig
1562 2109 144 74 med
1740 2121 70 62 at
1842 2124 222 73 opnaa
2106 2104 118 78 mit
2258 2104 254 95 Ønffe,
2586 2105 134 92 som
2750 2105 98 94 jeg

1150 2210 124 96 har
1302 2210 106 76 vis
1454 2201 478 96 Underretning
1982 2222 114 56 om
2146 2216 72 64 at
2256 2200 332 86 Stadens
2644 2201 175 85 Com-

1149 2310 318 76 mendant
1506 2321 80 74 og
1636 2299 119 94 skal
1784 2299 162 92 have
1976 2296 188 86 Deel
2210 2306 144 74 med
2384 2300 20 75 i
2442 2299 380 82 Renovatio-

1144 2422 130 60 nen
1294 2454 21 44 ,
1370 2420 148 60 men
1552 2401 134 92 'har
1732 2395 124 82 ikke
1900 2417 77 73 og
2034 2400 202 74 andre
2290 2396 556 82 Commendamer

1145 2496 230 98 forhen
1413 2513 194 66 været
1637 2495 348 78 beordnede
2015 2494 20 76 i
2063 2490 238 94 samme
2347 2492 496 99 Commission?

1147 2604 150 74 eller
1329 2598 120 92 har
1479 2600 166 73 dette
1679 2591 50 80 ei
1763 2587 102 96 før
1895 2608 194 62 været
2125 2590 192 94 bragt
2349 2592 20 76 i
2395 2590 328 99 Forstag?
2767 2613 76 72 og

1141 2696 26 78 i
1205 2694 244 96 hvilken
1489 2689 188 86 Deel
1717 2687 210 82 kunde
1975 2688 132 96 han
2171 2694 98 74 vel
2311 2688 190 81 bedre
2545 2711 134 72 paa
2727 2695 116 74 den

1145 2792 204 82 Kant
1385 2791 392 92 understøtte
1807 2784 512 82 Renovationen
2349 2791 122 76 end
2515 2793 116 76 ved
2685 2787 132 96 For-

1143 2888 407 98 anstaltning
1567 2901 75 62 at
1667 2882 803 96 hæveVanffelighederne
2485 2881 129 92 som
2633 2889 213 88 legges

1142 2986 346 102 Forstaget
1506 2983 20 78 i
1552 2981 264 94 Veien;
1868 2980 230 96 Heraf
2116 2980 118 92 seer
2282 3002 156 58 man
2464 2982 162 91 srax
2658 2979 154 94 Nyt-

1144 3102 110 64 ten
1284 3102 72 62 at
1402 3090 118 74 den
1558 3099 138 60 eene
1724 3079 170 84 Etat
1926 3078 330 96 tilligemed
2288 3084 120 78 den
2426 3081 210 80 anden
2666 3093 178 80 rager

1138 3184 94 94 sig
1262 3181 510 83 Renovationen
1812 3197 110 60 an.
2046 3174 176 82 Men
2256 3174 94 94 jeg
2400 3173 86 78 vil
2512 3173 180 92 spare
2722 3195 88 58 an-

1142 3286 116 72 dre
1274 3284 122 74 den
1418 3280 254 91 Umage
1704 3297 76 74 og
1810 3271 116 94 selo
1960 3274 140 94 give
2144 3272 128 94 mig
2296 3276 116 74 den
2446 3271 394 98 betydeligste

1140 3372 419 110 Modsigelse:
1612 3371 207 92 Naar
1850 3371 215 84 Natte
2094 3367 515 91 Renovationen
2640 3371 69 76 til
2735 3368 73 79 bes

2507 3481 232 72 mævte
