3112 4508
1273 546 92 56 20
1835 536 84 30 —

1494 713 322 101 Billigere
1868 734 124 65 var
2052 723 136 92 det,
2238 736 70 64 ar
2358 718 436 106 Bryggeren,
2834 728 124 92 som

1280 864 127 84 ikke
1452 863 209 98 havde
1708 870 169 76 laver
1918 868 101 78 der
2060 865 203 99 bedre,
2308 884 107 80 tog
2438 870 119 92 selv
2588 870 353 99 heeleSka-

1277 1018 160 91 den,
1495 1031 148 62 men
1703 1030 106 62 om
1869 1008 332 99 Vejrliget
2263 1018 138 78 eller
2439 1023 200 76 andre
2682 1016 299 98 uforme-’

1591 1155 291 101 Tilfælde
1925 1174 127 65 var
2093 1155 255 101 Aarsag
2393 1164 113 79 udi
2545 1163 227 84 Øllets
2813 1166 165 100 Feyl

1282 1328 82 76 og
1408 1302 342 99 Ringhed,
1792 1304 200 82 burde
2026 1301 322 101 Brygger
2384 1306 234 97 Lauget
2646 1317 140 77 med
2814 1316 136 94 stør-

1277 1472 68 64 re
1383 1450 412 98 Rimelighed
1851 1454 118 77 end
2014 1432 956 109 BrændeviinsbrcendewLaus

1441 1615 148 80 tage
1643 1601 176 77 imod
1873 1594 244 98 fælleds
2177 1597 268 85 Skade.
2551 1599 122 98 Og
2729 1609 102 77 det
2871 1602 110 94 saa

1286 1759 204 84 meget
1568 1743 216 100 hellere
1828 1742 132 92 som
2000 1741 396 100 Bryggerne
2440 1746 120 83 ikke
2602 1769 132 76 paa
2780 1768 204 80 nogen

1282 1888 262 87 Maade
1586 1889 122 82 kan
1748 1894 120 78 lide
1910 1886 248 87 Skade
2202 1896 116 78 ved
2362 1896 104 78 det
2520 1901 202 74 andet
2760 1895 219 99 Lang;

1275 2058 146 60 men
1465 2037 340 81 tvertimod
1847 2050 190 67 mane
2061 2037 268 95 tilstaae,
2367 2052 72 66 at
2465 2036 480 87 Brændeviins-

1279 2179 555 99 brænder-Lauget
1903 2194 181 83 tager
2165 2183 69 79 til
2273 2176 275 106 Paasæt
2587 2187 231 94 næsten
2859 2188 121 78 den

1274 2330 190 98 halve
1506 2327 184 86 Deel
1730 2322 82 100 af
1844 2332 92 76 alt
1980 2333 102 78 der
2126 2325 128 84 011
2298 2324 132 98 som
2476 2330 198 81 bliver
2716 2329 268 97 brygget

1292 2476 113 98 her
1446 2475 21 80 i
1508 2473 305 84 Staden.
1918 2472 175 83 Men
2142 2479 103 75 det
2284 2474 199 82 bliver
2526 2475 77 96 af
2634 2473 319 99 Brygger-

1277 2644 76 58 ne
1409 2623 146 82 lider
1621 2621 318 97 ffjonnet,
2001 2641 168 60 naar
2233 2620 144 100 disse
2417 2622 190 80 lønne
2653 2621 160 98 hiine
2851 2642 132 76 paa

1279 2774 119 78 den
1451 2763 259 98 anførte
1753 2764 307 99 Maade,
2107 2767 67 96 ja
2215 2787 159 61 man
2413 2768 207 83 kunde
2661 2769 169 96 sige;
2881 2772 99 78 det

1278 2936 66 62 er
1386 2933 74 68 ar
1504 2913 200 84 betale
1746 2912 150 86 Got
1934 2919 150 76 med
2128 2913 176 84 Out.

1509 3115 276 100 Ligesom
1845 3120 88 76 da
1989 3113 852 88 Brændevimsbrænderne
2899 3132 82 76 og

1273 3236 833 122 Verthmesholderneher
2001 3263 105 96 her
2147 3265 21 78 i
2213 3261 277 85 Staden
2523 3261 163 98 have
2711 3232 270 142 Aara

1272 3410 24 78 i
1338 3406 248 99 høyeste
1628 3407 206 87 Grad
1878 3424 72 66 at
1992 3409 252 96 beklage
2288 3410 88 98 sig
2402 3424 150 63 over
2594 3395 386 108 Ligningen,

1270 3554 109 106 faa
1442 3553 125 82 kan
1626 3575 157 63 man
1840 3576 81 76 og
1978 3561 143 80 med
2164 3559 131 93 lüge
2350 3552 255 86 Grund
2652 3556 327 93 extendere

2783 3714 192 82 Men-·
