3061 4593
1271 455 104 100 fra
1393 465 202 74 andre
1623 457 286 82 Slæder
1925 457 196 80 betalt
2149 459 164 94 desto
2339 463 236 92 dyrere,
2613 457 110 96 saa
2745 459 198 84 bliver

1271 611 104 72 det
1405 603 272 92 sandelig
1707 599 122 80 ikke
1861 605 226 74 alleene
2119 601 428 96 Bryggerne,
2577 623 144 60 men
2735 611 206 90 endog

1269 743 282 94 samtlige
1579 741 324 84 Stadens
1937 743 454 100 Jndvaanere,
2429 751 108 76 der
2567 749 160 94 have
2739 749 198 80 imod«

1267 903 174 78 taget
1475 887 330 96 ulykkelige
1829 887 236 98 Følger
2091 887 78 96 af
2201 895 162 76 dette
2405 887 200 94 fatale
2647 889 294 98 Project,

1265 1049 74 74 ey
1379 1045 70 64 at
1481 1035 122 74 tale
1635 1051 140 76 om,
1809 1049 70 62 at
1913 1033 278 96 Mangel
2221 1053 132 74 paa
2391 1051 56 64 et
2477 1037 192 94 eneste
2697 1033 242 94 Slags

1263 1171 226 88 Korn«
1511 1179 138 76 eller
1711 1175 488 100 Fode-Vahre
2253 1175 324 96 befordrer
2629 1175 310 102 Prisenes

1263 1311 382 104 Forhøyelse
1677 1321 114 80 udi
1829 1325 200 76 andre
2057 1319 300 96 Specier-

1485 1511 154 86 Vel
1667 1533 94 62 ere
1779 1521 184 90 nogle
1979 1515 362 98 Fehmerffe
2359 1515 330 96 Skippere
2703 1517 110 92 saa
2827 1531 112 82 got

1261 1657 134 92 som
1447 1657 204 80 kiøbte
1705 1661 70 78 til
1823 1675 70 64 at
1937 1659 336 78 ankomme
2309 1661 108 96 her
2441 1657 102 96 for
2575 1665 182 90 nogle
2793 1659 142 84 Aar

1257 1805 216 92 siden,
1517 1823 144 58 men
1699 1809 84 74 da
1819 1803 484 98 Fælledsffabet
2341 1809 214 74 endnu
2585 1809 206 78 under
2819 1809 114 92 lige

1253 1943 241 97 Straf
1899 1947 108 92 faa
2023 1953 150 74 veed
2195 1947 382 96 Skipperne
2591 1965 70 64 at
2679 1949 256 96 begiære

1257 2111 82 74 og
1367 2087 170 98 faae,
1569 2087 220 96 efterdi
1823 2097 74 74 de
1919 2091 120 80 ikke
2059 2091 120 96 har
2207 2095 196 92 nødig
2421 2109 68 62 at
2505 2107 152 66 rette
2673 2093 90 96 sig
2779 2089 154 98 efter

1247 2233 312 82 Markers
1599 2235 222 98 Priis,
1857 2253 148 60 men
2031 2231 150 98 efter
2213 2235 438 96 Bryggernes
2669 2235 260 98 Trang,

1247 2377 138 94 som
1427 2379 122 78 ikke
1593 2379 124 78 kan
1763 2383 168 76 male
1971 2395 70 64 ar
2073 2385 72 76 de
2195 2385 200 74 vende
2441 2379 254 98 tilbage.
2817 2379 110 86 En

1241 2529 216 74 anden
1501 2523 244 82 Skade
1795 2521 134 94 som
1975 2521 238 98 Lauget
2261 2523 198 98 haver
2507 2523 78 96 af
2621 2522 317 111 Fæleds-’

1539 2687 94 60 er:
1687 2685 72 62 at
1805 2667 384 96 Skipperne
2243 2669 252 94 bringer
2545 2673 102 76 der
2677 2673 244 92 stetteste

1239 2809 178 98 Byg
1457 2809 220 100 hertil,
1735 2811 218 96 efterdi
1987 2817 72 74 de
2099 2819 150 72 veed
2287 2831 70 60 ar
2389 2819 100 74 det
2529 2813 236 84 betales
2803 2815 112 92 lige

1241 2961 170 94 dyrr.
1513 2955 366 96 Derimod,
1941 2977 168 60 naar
2149 2961 102 76 det
2297 2973 122 64 var
2437 2957 230 98 enhver
2685 2955 204 96 Bryg-

1237 3121 110 74 ger
1403 3101 210 80 tilladt
1665 3117 70 64 ar
1797 3101 178 78 kiøbe
2021 3097 82 98 af
2147 3107 180 90 dem,
2391 3117 239 76 maatte
2679 3107 74 74 de
2783 3099 132 94 som

1235 3249 202 72 andre
1471 3243 336 98 Skippere
1853 3267 80 74 og
1967 3243 400 82 Kiøbmænd
2407 3265 68 74 ey
2515 3251 192 72 allene
2739 3245 174 94 sælge

1229 3381 154 96 efter
1437 3389 304 94 gangbar
1773 3389 236 100 Priis,
2057 3409 142 62 men
2255 3395 200 92 endog
2497 3389 228 96 beflitte
2771 3393 140 76 dem

2779 3505 130 76 paa
