3167 4576
1826 526 104 86 17

162 738 66 62 re
280 710 650 108 Foranstaltninger,
982 718 172 76 uden
1206 718 112 91 de,
1372 707 102 100 for
1520 712 154 101 hvis
1718 710 176 100 Reig-

160 824 161 92 ning
354 840 83 74 og
466 811 229 104 Udgift
744 821 73 74 de
858 816 219 90 giores
1116 836 83 74 og
1240 815 227 92 holdes
1506 816 277 94 vedlige;
1836 836 85 76 og

161 940 114 58 om
327 920 240 93 endelig
627 935 206 76 nogen
885 910 422 100 Proprietair
1363 919 142 74 eller
1555 913 368 97 Forpagter

155 1020 146 78 ville
351 1018 226 78 benene
627 1017 92 92 sig
775 1008 216 98 deraf,
1043 1012 210 80 kunde
1297 1017 76 76 de
1411 1017 142 76 med
1585 1014 198 80 Rette
1825 1016 72 76 til-

157 1116 250 80 komme
439 1134 72 62 at
551 1115 198 78 betale
779 1117 20 76 i
835 1119 102 71 det
969 1114 264 92 ringeste
1267 1135 52 70 4
1357 1111 252 96 Gange
1647 1110 112 92 saa
1797 1134 100 58 me-

156 1230 128 82 get,
337 1216 133 92 som
509 1220 103 75 der
643 1211 357 96 Borgerne
1038 1212 178 96 giver
1252 1213 70 78 til
1353 1211 343 98 Havnens
1721 1210 175 86 Ved-

156 1312 402 102 ligeholdelse.
661 1311 162 95 Det
854 1311 122 79 kan
1008 1312 20 80 i
1056 1314 90 94 sig
1182 1310 124 94 selv
1332 1329 170 62 være
1538 1328 202 78 meget
1772 1332 124 60 raa-

152 1420 166 92 delig
380 1438 84 74 og
514 1415 212 94 nyttig
776 1409 104 96 for
934 1410 458 97 Landboerne,
1462 1427 70 64 at
1590 1416 122 76 den
1776 1418 148 74 dem

152 1520 157 92 næst
356 1516 413 93 vedliggende
800 1509 365 99 FsDiobstced—
1186 1509 415 92 conserveres.
1704 1510 191 84 Kom-

151 1636 138 58 mer
327 1620 122 76 den
485 1631 204 76 meget
725 1616 242 90 yderlig
999 1614 20 74 i
1043 1608 322 98 Aftagelse
1405 1631 82 74 og
1501 1607 420 99 Decadence,

151 1715 204 81 bliver
395 1720 76 74 de
503 1717 198 76 nodre
735 1715 68 76 til
837 1728 70 62 ar
941 1708 144 96 søge
1117 1730 74 58 en
1223 1715 210 76 anden
1467 1715 144 76 dem
1653 1716 270 90 længere

149 1811 110 95 fra
313 1816 360 92 beliggende
719 1809 502 100 Handelsstad;
1287 1831 82 72 og
1423 1809 176 96 hvad
1647 1810 246 96 Uleylig-

151 1915 125 99 hed
318 1936 80 76 og
431 1911 411 96 Bekostning
879 1912 141 76 ville
1049 1912 105 78 det
1181 1915 99 72 vel
1323 1909 161 80 blive
1503 1907 419 99 Herremæm

148 2021 192 87 dene,
396 2009 310 98 allerhelst
742 2004 300 101 herefter,
1096 2012 86 76 da
1228 2013 74 74 de
1344 2027 70 74 ey
1460 2007 126 78 kan
1626 2024 146 78 tage
1818 2012 72 74 de-

148 2122 106 72 res
272 2110 292 86 Bonder
606 2113 70 76 til
710 2107 110 94 saa
852 2128 236 74 mange
1124 2128 82 74 og
1242 2109 184 92 lange
1442 2102 286 98 Reyser,
1780 2104 136 96 som

148 2219 145 75 dem
326 2212 204 94 lyster.
630 2207 143 100 Jeg
802 2207 124 80 kan
962 2214 118 74 ved
1116 2212 120 76 den
1270 2205 365 98 Leylighed,
1690 2210 86 76 da
1806 2208 110 90 her

151 2316 274 92 handles
493 2329 108 60 om
671 2307 534 97 Kiobstædernes
1271 2302 496 102 Fornærmelse,
1843 2324 74 76 ey

145 2414 288 76 undlade
479 2427 82 64 at
601 2415 204 76 melde
859 2410 148 80 lidet
1059 2414 22 72 i
1133 2404 372 97 Anledning
1553 2402 82 96 af
1669 2410 248 76 andres

149 2510 256 94 stridige
429 2506 294 99 Tanker,
767 2507 134 94 som
933 2526 64 58 er
1027 2510 172 90 givet
1229 2503 284 82 tilkiende
1537 2510 380 90 angaaende

147 2609 79 81 §e
281 2628 135 72 paa
463 2606 239 84 Landet
753 2627 91 62 nu
899 2610 319 90 oprettede
1267 2601 193 98 Bye-
1505 2625 81 73 og
1631 2602 259 98 Sogne-

150 2707 224 81 Kroer
394 2722 24 82 ;
470 2728 80 73 og
600 2707 96 94 jeg
748 2707 86 78 vil
878 2706 188 80 ikkun
1106 2708 22 76 i
1162 2703 308 94 Korthed
1508 2704 296 79 anmerke
1848 2720 68 62 to

146 2805 222 99 Ting:
430 2806 68 98 1)
554 2803 96 84 At
680 2811 74 84 de
786 2807 208 96 ffader
1026 2802 288 97 Kongen
1346 2807 20 76 i
1396 2805 128 94 sine
1546 2803 340 91 Consump-

148 2904 564 100 tions-Jnrrader.
816 2915 74 79 2)
942 2902 356 97 Medtager
1330 2909 72 74 de
1426 2902 492 90 Kornvahrene

143 3005 146 93 som
331 3006 288 98 behøves
659 3005 72 80 til
760 3002 427 103 Menneskenes
1219 3002 204 101 Føde.
1525 3001 162 85 Det
1722 2998 195 96 første

149 3123 170 63 troer
355 3106 102 96 jeg
487 3104 135 92 skal
663 3103 170 98 falde
879 3110 80 72 let
993 3104 20 76 i
1041 3101 374 98 Begrebet,
1465 3122 168 59 naar
1667 3098 250 96 henfees

151 3206 68 82 til
267 3212 122 76 den
431 3201 220 100 Afgift
701 3201 144 100 disse
889 3200 222 84 Kroer
1157 3200 216 92 svarer
1421 3199 104 96 for
1563 3198 352 100 Frieheden

149 3324 77 64 at
261 3306 299 95 brænde;
615 3305 93 90 thi
741 3309 77 78 de
855 3303 165 95 kan,
1071 3306 187 90 nogle
1305 3305 23 74 i
1375 3321 37 72 z
1449 3291 209 106 Uger,
1711 3306 203 74 andre

146 3407 92 89 i;
278 3428 42 56 a
356 3412 86 92 6,
494 3402 312 97 forbruge
860 3406 120 92 lige
1024 3400 110 94 saa
1166 3419 232 76 mange
1428 3396 484 96 Korn-Vahre

146 3502 250 100 hvoraf
444 3510 118 74 den
620 3507 294 80 ordinair
958 3502 352 94 paabudne
1360 3497 476 95 Consumpnon
1888 3504 22 76 i

146 3602 490 102 Kiobstæderne
684 3607 144 82 ville
876 3600 234 100 oplobe
1160 3602 72 82 til
1284 3605 184 80 deres
1514 3602 240 94 aarlige
1786 3593 108 96 Af-

164 3765 4 2 -
1717 3694 192 102 gifts-
