<?xml version="1.0" encoding="utf-8"?>
<alto xmlns="http://www.loc.gov/standards/alto/ns-v3#" xmlns:xs="http://www.w3.org/2001/XMLSchema-instance" xmlns:xlink="http://www.w3.org/1999/xlink">
	<Description>
		<MeasurementUnit>pixel</MeasurementUnit>
		<sourceImageInformation>
			<fileName>130017168372_1_008_006_027.tif</fileName>
		</sourceImageInformation>
		<OCRProcessing ID="OCR1">
			<ocrProcessingStep>
				<processingDateTime>2018-09-13</processingDateTime>
				<processingAgency>Zissor AS</processingAgency>
				<processingStepSettings>Combined OCR</processingStepSettings>
				<processingSoftware>
					<softwareCreator>Zissor AS</softwareCreator>
					<softwareName>ContentOCR-11; ContentOCR-Tesseract</softwareName>
					<softwareVersion>2.0.2; 2.0.0</softwareVersion>
					<applicationDescription>OCR Component for Zissor Content System</applicationDescription>
				</processingSoftware>
			</ocrProcessingStep>
		</OCRProcessing>
	</Description>
	<Styles>
		<TextStyle ID="STYLE1" FONTFAMILY="Times New Roman" FONTSIZE="21" FONTSTYLE=""/>
		<TextStyle ID="STYLE2" FONTFAMILY="Times New Roman" FONTSIZE="14" FONTSTYLE=""/>
		<TextStyle ID="STYLE3" FONTFAMILY="Arial" FONTSIZE="14" FONTSTYLE=""/>
		<TextStyle ID="STYLE4" FONTFAMILY="Arial" FONTSIZE="13" FONTSTYLE=""/>
		<TextStyle ID="STYLE5" FONTFAMILY="Times New Roman" FONTSIZE="12" FONTSTYLE=""/>
		<TextStyle ID="STYLE6" FONTFAMILY="Arial" FONTSIZE="5" FONTSTYLE=""/>
	</Styles>
	<Layout>
		<Page ID="PAGE199" HEIGHT="4496" WIDTH="2829" PHYSICAL_IMG_NR="199" PROCESSING="OCR1" PC="0.71">
			<TopMargin HEIGHT="343" WIDTH="2829" HPOS="0" VPOS="0"/>
			<LeftMargin HEIGHT="3086" WIDTH="178" HPOS="0" VPOS="343"/>
			<RightMargin HEIGHT="3086" WIDTH="872" HPOS="1957" VPOS="343"/>
			<BottomMargin HEIGHT="1065" WIDTH="2829" HPOS="0" VPOS="3431"/>
			<PrintSpace ID="PRINTSPACE1" HEIGHT="3086" WIDTH="1777" HPOS="179" VPOS="344">
				<ComposedBlock xs:type="ComposedBlockType" ID="ARTICLE108202" HEIGHT="3086" WIDTH="1777" HPOS="179" VPOS="344" xlink:type="simple">
					<TextBlock xs:type="TextBlockType" ID="ZONE1127129" HEIGHT="94" WIDTH="1134" HPOS="746" VPOS="344" xlink:type="simple">
						<TextLine ID="LINE1" HEIGHT="92" WIDTH="1134" HPOS="746" VPOS="346">
							<String ID="STRING1" STYLEREFS="STYLE1" HEIGHT="75" WIDTH="560" HPOS="746" VPOS="346" CONTENT="=====" WC="0.41" LANG="nob"/>
							<SP ID="SP1" WIDTH="476" HPOS="1306" VPOS="346"/>
							<String ID="STRING2" STYLEREFS="STYLE1" HEIGHT="90" WIDTH="98" HPOS="1782" VPOS="348" CONTENT="r-" WC="0.62" LANG="nob"/>
						</TextLine>
					</TextBlock>
					<TextBlock xs:type="TextBlockType" ID="ZONE1127130" HEIGHT="1326" WIDTH="1736" HPOS="179" VPOS="524" xlink:type="simple">
						<TextLine ID="LINE2" HEIGHT="106" WIDTH="1701" HPOS="183" VPOS="528">
							<String ID="STRING3" STYLEREFS="STYLE2" HEIGHT="67" WIDTH="78" HPOS="183" VPOS="554" CONTENT="ne" WC="0.62" LANG="nob"/>
							<SP ID="SP2" WIDTH="40" HPOS="261" VPOS="554"/>
							<String ID="STRING4" STYLEREFS="STYLE3" HEIGHT="104" WIDTH="205" HPOS="301" VPOS="529" CONTENT="saaer" WC="0.81" LANG="dan"/>
							<SP ID="SP3" WIDTH="61" HPOS="506" VPOS="529"/>
							<String ID="STRING5" STYLEREFS="STYLE2" HEIGHT="105" WIDTH="604" HPOS="567" VPOS="529" CONTENT="Politie-Mesteren" WC="0.67" LANG="nob"/>
							<SP ID="SP4" WIDTH="56" HPOS="1171" VPOS="529"/>
							<String ID="STRING6" STYLEREFS="STYLE2" HEIGHT="86" WIDTH="72" HPOS="1227" VPOS="530" CONTENT="ril" WC="0.68" LANG="nob"/>
							<SP ID="SP5" WIDTH="38" HPOS="1299" VPOS="530"/>
							<String ID="STRING7" STYLEREFS="STYLE2" HEIGHT="97" WIDTH="264" HPOS="1337" VPOS="528" CONTENT="Ansvar" WC="0.74" LANG="nob"/>
							<SP ID="SP6" WIDTH="42" HPOS="1601" VPOS="528"/>
							<String ID="STRING8" STYLEREFS="STYLE2" HEIGHT="98" WIDTH="104" HPOS="1643" VPOS="531" CONTENT="for" WC="0.63" LANG="nob"/>
							<SP ID="SP7" WIDTH="42" HPOS="1747" VPOS="531"/>
							<String ID="STRING9" STYLEREFS="STYLE3" HEIGHT="84" WIDTH="95" HPOS="1789" VPOS="542" CONTENT="alt" WC="0.82" LANG="dan"/>
						</TextLine>
						<TextLine ID="LINE3" HEIGHT="124" WIDTH="1704" HPOS="187" VPOS="639">
							<String ID="STRING10" STYLEREFS="STYLE2" HEIGHT="91" WIDTH="147" HPOS="187" VPOS="660" CONTENT="det," WC="0.67" LANG="nob"/>
							<SP ID="SP8" WIDTH="57" HPOS="334" VPOS="660"/>
							<String ID="STRING11" STYLEREFS="STYLE4" HEIGHT="124" WIDTH="655" HPOS="391" VPOS="639" CONTENT="Polka-Væseners" WC="0.75" LANG="dan"/>
							<SP ID="SP9" WIDTH="35" HPOS="1046" VPOS="639"/>
							<String ID="STRING12" STYLEREFS="STYLE2" HEIGHT="107" WIDTH="529" HPOS="1081" VPOS="648" CONTENT="vedkommende," WC="0.77" LANG="nob"/>
							<SP ID="SP10" WIDTH="65" HPOS="1610" VPOS="648"/>
							<String ID="STRING13" STYLEREFS="STYLE2" HEIGHT="92" WIDTH="132" HPOS="1675" VPOS="659" CONTENT="som" WC="0.67" LANG="nob"/>
							<SP ID="SP11" WIDTH="60" HPOS="1807" VPOS="659"/>
							<String ID="STRING14" STYLEREFS="STYLE2" HEIGHT="80" WIDTH="24" HPOS="1867" VPOS="664" CONTENT="i" WC="0.37" LANG="nob"/>
						</TextLine>
						<TextLine ID="LINE4" HEIGHT="108" WIDTH="1674" HPOS="188" VPOS="767">
							<String ID="STRING15" STYLEREFS="STYLE2" HEIGHT="85" WIDTH="408" HPOS="188" VPOS="774" CONTENT="Quarteeret" WC="0.63" LANG="nob"/>
							<SP ID="SP12" WIDTH="41" HPOS="596" VPOS="774"/>
							<String ID="STRING16" STYLEREFS="STYLE4" HEIGHT="108" WIDTH="362" HPOS="637" VPOS="767" CONTENT="foregaae" WC="0.84" LANG="dan"/>
							<SP ID="SP13" WIDTH="57" HPOS="999" VPOS="767"/>
							<String ID="STRING17" STYLEREFS="STYLE2" HEIGHT="77" WIDTH="82" HPOS="1056" VPOS="789" CONTENT="og" WC="0.49" LANG="nob"/>
							<SP ID="SP14" WIDTH="44" HPOS="1138" VPOS="789"/>
							<String ID="STRING18" STYLEREFS="STYLE2" HEIGHT="66" WIDTH="188" HPOS="1182" VPOS="790" CONTENT="maae" WC="1" LANG="nob"/>
							<SP ID="SP15" WIDTH="42" HPOS="1370" VPOS="790"/>
							<String ID="STRING19" STYLEREFS="STYLE2" HEIGHT="67" WIDTH="182" HPOS="1412" VPOS="792" CONTENT="vente" WC="0.88" LANG="nob"/>
							<SP ID="SP16" WIDTH="34" HPOS="1594" VPOS="792"/>
							<String ID="STRING20" STYLEREFS="STYLE2" HEIGHT="81" WIDTH="234" HPOS="1628" VPOS="783" CONTENT="alvorli" SUBS_TYPE="HypPart1" SUBS_CONTENT="alvorligen" WC="0.77" LANG="nob"/>
							<HYP CONTENT="-"/>
						</TextLine>
						<TextLine ID="LINE5" HEIGHT="112" WIDTH="1702" HPOS="192" VPOS="888">
							<String ID="STRING21" STYLEREFS="STYLE2" HEIGHT="77" WIDTH="120" HPOS="192" VPOS="912" CONTENT="gen" SUBS_TYPE="HypPart2" SUBS_CONTENT="alvorligen" WC="0.78" LANG="nob"/>
							<SP ID="SP17" WIDTH="46" HPOS="312" VPOS="912"/>
							<String ID="STRING22" STYLEREFS="STYLE2" HEIGHT="62" WIDTH="72" HPOS="358" VPOS="911" CONTENT="at" WC="0.78" LANG="nob"/>
							<SP ID="SP18" WIDTH="38" HPOS="430" VPOS="911"/>
							<String ID="STRING23" STYLEREFS="STYLE2" HEIGHT="80" WIDTH="200" HPOS="468" VPOS="898" CONTENT="vorde" WC="0.62" LANG="dan"/>
							<SP ID="SP19" WIDTH="42" HPOS="668" VPOS="898"/>
							<String ID="STRING24" STYLEREFS="STYLE2" HEIGHT="99" WIDTH="228" HPOS="710" VPOS="888" CONTENT="anseet," WC="0.85" LANG="nob"/>
							<SP ID="SP20" WIDTH="50" HPOS="938" VPOS="888"/>
							<String ID="STRING25" STYLEREFS="STYLE2" HEIGHT="98" WIDTH="152" HPOS="988" VPOS="891" CONTENT="hvis" WC="0.6" LANG="dan"/>
							<SP ID="SP21" WIDTH="44" HPOS="1140" VPOS="891"/>
							<String ID="STRING26" STYLEREFS="STYLE2" HEIGHT="78" WIDTH="188" HPOS="1184" VPOS="910" CONTENT="noget" WC="0.73" LANG="dan"/>
							<SP ID="SP22" WIDTH="24" HPOS="1372" VPOS="910"/>
							<String ID="STRING27" STYLEREFS="STYLE2" HEIGHT="104" WIDTH="404" HPOS="1396" VPOS="896" CONTENT="Uordentligt" WC="0.62" LANG="dan"/>
							<SP ID="SP23" WIDTH="26" HPOS="1800" VPOS="896"/>
							<String ID="STRING28" STYLEREFS="STYLE2" HEIGHT="64" WIDTH="68" HPOS="1826" VPOS="924" CONTENT="er" WC="0.63" LANG="nob"/>
						</TextLine>
						<TextLine ID="LINE6" HEIGHT="113" WIDTH="1699" HPOS="196" VPOS="1011">
							<String ID="STRING29" STYLEREFS="STYLE2" HEIGHT="95" WIDTH="171" HPOS="196" VPOS="1016" CONTENT="steet," WC="0.7" LANG="nob"/>
							<SP ID="SP24" WIDTH="41" HPOS="367" VPOS="1016"/>
							<String ID="STRING30" STYLEREFS="STYLE2" HEIGHT="98" WIDTH="135" HPOS="408" VPOS="1013" CONTENT="som" WC="0.58" LANG="nob"/>
							<SP ID="SP25" WIDTH="43" HPOS="543" VPOS="1013"/>
							<String ID="STRING31" STYLEREFS="STYLE2" HEIGHT="74" WIDTH="75" HPOS="586" VPOS="1020" CONTENT="de" WC="0.69" LANG="nob"/>
							<SP ID="SP26" WIDTH="43" HPOS="661" VPOS="1020"/>
							<String ID="STRING32" STYLEREFS="STYLE2" HEIGHT="83" WIDTH="205" HPOS="704" VPOS="1012" CONTENT="kunde" WC="0.79" LANG="nob"/>
							<SP ID="SP27" WIDTH="47" HPOS="909" VPOS="1012"/>
							<String ID="STRING33" STYLEREFS="STYLE2" HEIGHT="76" WIDTH="79" HPOS="956" VPOS="1033" CONTENT="og" WC="0.54" LANG="nob"/>
							<SP ID="SP28" WIDTH="55" HPOS="1035" VPOS="1033"/>
							<String ID="STRING34" STYLEREFS="STYLE2" HEIGHT="89" WIDTH="203" HPOS="1090" VPOS="1011" CONTENT="burde" WC="0.67" LANG="nob"/>
							<SP ID="SP29" WIDTH="41" HPOS="1293" VPOS="1011"/>
							<String ID="STRING35" STYLEREFS="STYLE2" HEIGHT="96" WIDTH="163" HPOS="1334" VPOS="1014" CONTENT="have" WC="0.82" LANG="dan"/>
							<SP ID="SP30" WIDTH="43" HPOS="1497" VPOS="1014"/>
							<String ID="STRING36" STYLEREFS="STYLE2" HEIGHT="95" WIDTH="203" HPOS="1540" VPOS="1025" CONTENT="vidst," WC="0.59" LANG="dan"/>
							<SP ID="SP31" WIDTH="68" HPOS="1743" VPOS="1025"/>
							<String ID="STRING37" STYLEREFS="STYLE2" HEIGHT="76" WIDTH="84" HPOS="1811" VPOS="1048" CONTENT="og" WC="0.58" LANG="nob"/>
						</TextLine>
						<TextLine ID="LINE7" HEIGHT="101" WIDTH="1706" HPOS="195" VPOS="1131">
							<String ID="STRING38" STYLEREFS="STYLE2" HEIGHT="95" WIDTH="136" HPOS="195" VPOS="1132" CONTENT="fom" WC="0.62" LANG="dan"/>
							<SP ID="SP32" WIDTH="42" HPOS="331" VPOS="1132"/>
							<String ID="STRING39" STYLEREFS="STYLE2" HEIGHT="90" WIDTH="128" HPOS="373" VPOS="1141" CONTENT="dog" WC="0.59" LANG="dan"/>
							<SP ID="SP33" WIDTH="46" HPOS="501" VPOS="1141"/>
							<String ID="STRING40" STYLEREFS="STYLE2" HEIGHT="84" WIDTH="124" HPOS="547" VPOS="1134" CONTENT="ikke" WC="0.88" LANG="dan"/>
							<SP ID="SP34" WIDTH="36" HPOS="671" VPOS="1134"/>
							<String ID="STRING41" STYLEREFS="STYLE2" HEIGHT="62" WIDTH="136" HPOS="707" VPOS="1154" CONTENT="vaa" WC="1" LANG="nob"/>
							<SP ID="SP35" WIDTH="26" HPOS="843" VPOS="1154"/>
							<String ID="STRING42" STYLEREFS="STYLE2" HEIGHT="100" WIDTH="396" HPOS="869" VPOS="1131" CONTENT="Rapporten" WC="0.75" LANG="dan"/>
							<SP ID="SP36" WIDTH="38" HPOS="1265" VPOS="1131"/>
							<String ID="STRING43" STYLEREFS="STYLE2" HEIGHT="96" WIDTH="234" HPOS="1303" VPOS="1134" CONTENT="sindes." WC="0.84" LANG="dan"/>
							<SP ID="SP37" WIDTH="108" HPOS="1537" VPOS="1134"/>
							<String ID="STRING44" STYLEREFS="STYLE2" HEIGHT="95" WIDTH="112" HPOS="1645" VPOS="1137" CONTENT="Bl" WC="0.64" LANG="nob"/>
							<SP ID="SP38" WIDTH="22" HPOS="1757" VPOS="1137"/>
							<String ID="STRING45" STYLEREFS="STYLE2" HEIGHT="80" WIDTH="122" HPOS="1779" VPOS="1148" CONTENT="den" WC="0.82" LANG="nob"/>
						</TextLine>
						<TextLine ID="LINE8" HEIGHT="110" WIDTH="1710" HPOS="197" VPOS="1248">
							<String ID="STRING46" STYLEREFS="STYLE2" HEIGHT="87" WIDTH="194" HPOS="197" VPOS="1248" CONTENT="Ende" WC="0.79" LANG="nob"/>
							<SP ID="SP39" WIDTH="40" HPOS="391" VPOS="1248"/>
							<String ID="STRING47" STYLEREFS="STYLE2" HEIGHT="81" WIDTH="92" HPOS="431" VPOS="1251" CONTENT="vil" WC="0.95" LANG="nob"/>
							<SP ID="SP40" WIDTH="46" HPOS="523" VPOS="1251"/>
							<String ID="STRING48" STYLEREFS="STYLE2" HEIGHT="76" WIDTH="102" HPOS="569" VPOS="1258" CONTENT="det" WC="0.77" LANG="nob"/>
							<SP ID="SP41" WIDTH="40" HPOS="671" VPOS="1258"/>
							<String ID="STRING49" STYLEREFS="STYLE2" HEIGHT="63" WIDTH="168" HPOS="711" VPOS="1272" CONTENT="være" WC="0.83" LANG="nob"/>
							<SP ID="SP42" WIDTH="52" HPOS="879" VPOS="1272"/>
							<String ID="STRING50" STYLEREFS="STYLE2" HEIGHT="103" WIDTH="387" HPOS="931" VPOS="1251" CONTENT="fornødent," WC="0.76" LANG="nob"/>
							<SP ID="SP43" WIDTH="71" HPOS="1318" VPOS="1251"/>
							<String ID="STRING51" STYLEREFS="STYLE2" HEIGHT="64" WIDTH="72" HPOS="1389" VPOS="1273" CONTENT="ar" WC="0.63" LANG="nob"/>
							<SP ID="SP44" WIDTH="40" HPOS="1461" VPOS="1273"/>
							<String ID="STRING52" STYLEREFS="STYLE2" HEIGHT="80" WIDTH="76" HPOS="1501" VPOS="1261" CONTENT="de" WC="0.77" LANG="nob"/>
							<SP ID="SP45" WIDTH="44" HPOS="1577" VPOS="1261"/>
							<String ID="STRING53" STYLEREFS="STYLE2" HEIGHT="103" WIDTH="286" HPOS="1621" VPOS="1255" CONTENT="forsyner" WC="0.77" LANG="nob"/>
						</TextLine>
						<TextLine ID="LINE9" HEIGHT="99" WIDTH="1708" HPOS="202" VPOS="1374">
							<String ID="STRING54" STYLEREFS="STYLE2" HEIGHT="97" WIDTH="96" HPOS="202" VPOS="1376" CONTENT="sig" WC="0.81" LANG="dan"/>
							<SP ID="SP46" WIDTH="54" HPOS="298" VPOS="1376"/>
							<String ID="STRING55" STYLEREFS="STYLE2" HEIGHT="74" WIDTH="146" HPOS="352" VPOS="1381" CONTENT="med" WC="0.81" LANG="nob"/>
							<SP ID="SP47" WIDTH="58" HPOS="498" VPOS="1381"/>
							<String ID="STRING56" STYLEREFS="STYLE2" HEIGHT="96" WIDTH="278" HPOS="556" VPOS="1374" CONTENT="Speciel" WC="0.62" LANG="dan"/>
							<SP ID="SP48" WIDTH="54" HPOS="834" VPOS="1374"/>
							<String ID="STRING57" STYLEREFS="STYLE2" HEIGHT="86" WIDTH="330" HPOS="888" VPOS="1377" CONTENT="Mandtal" WC="0.82" LANG="dan"/>
							<SP ID="SP49" WIDTH="52" HPOS="1218" VPOS="1377"/>
							<String ID="STRING58" STYLEREFS="STYLE2" HEIGHT="64" WIDTH="150" HPOS="1270" VPOS="1394" CONTENT="over" WC="0.83" LANG="nob"/>
							<SP ID="SP50" WIDTH="38" HPOS="1420" VPOS="1394"/>
							<String ID="STRING59" STYLEREFS="STYLE2" HEIGHT="90" WIDTH="452" HPOS="1458" VPOS="1379" CONTENT="Quarteerers" WC="0.77" LANG="nob"/>
						</TextLine>
						<TextLine ID="LINE10" HEIGHT="104" WIDTH="1678" HPOS="202" VPOS="1496">
							<String ID="STRING60" STYLEREFS="STYLE2" HEIGHT="101" WIDTH="440" HPOS="202" VPOS="1496" CONTENT="Indbyggere" WC="0.77" LANG="dan"/>
							<SP ID="SP51" WIDTH="44" HPOS="642" VPOS="1496"/>
							<String ID="STRING61" STYLEREFS="STYLE2" HEIGHT="76" WIDTH="82" HPOS="686" VPOS="1518" CONTENT="og" WC="0.61" LANG="nob"/>
							<SP ID="SP52" WIDTH="42" HPOS="768" VPOS="1518"/>
							<String ID="STRING62" STYLEREFS="STYLE2" HEIGHT="77" WIDTH="184" HPOS="810" VPOS="1502" CONTENT="deres" WC="0.91" LANG="nob"/>
							<SP ID="SP53" WIDTH="40" HPOS="994" VPOS="1502"/>
							<String ID="STRING63" STYLEREFS="STYLE2" HEIGHT="102" WIDTH="564" HPOS="1034" VPOS="1497" CONTENT="Nærings-Veje," WC="0.78" LANG="nob"/>
							<SP ID="SP54" WIDTH="44" HPOS="1598" VPOS="1497"/>
							<String ID="STRING64" STYLEREFS="STYLE2" HEIGHT="77" WIDTH="78" HPOS="1642" VPOS="1523" CONTENT="og" WC="0.65" LANG="nob"/>
							<SP ID="SP55" WIDTH="28" HPOS="1720" VPOS="1523"/>
							<String ID="STRING65" STYLEREFS="STYLE2" HEIGHT="92" WIDTH="132" HPOS="1748" VPOS="1506" CONTENT="sam" SUBS_TYPE="HypPart1" SUBS_CONTENT="samme" WC="0.95" LANG="nob"/>
							<HYP CONTENT="-"/>
						</TextLine>
						<TextLine ID="LINE11" HEIGHT="116" WIDTH="1709" HPOS="202" VPOS="1616">
							<String ID="STRING66" STYLEREFS="STYLE2" HEIGHT="59" WIDTH="103" HPOS="202" VPOS="1638" CONTENT="me" SUBS_TYPE="HypPart2" SUBS_CONTENT="samme" WC="0.63" LANG="nob"/>
							<SP ID="SP56" WIDTH="69" HPOS="305" VPOS="1638"/>
							<String ID="STRING67" STYLEREFS="STYLE2" HEIGHT="88" WIDTH="219" HPOS="374" VPOS="1619" CONTENT="holder" WC="0.68" LANG="nob"/>
							<SP ID="SP57" WIDTH="57" HPOS="593" VPOS="1619"/>
							<String ID="STRING68" STYLEREFS="STYLE2" HEIGHT="78" WIDTH="21" HPOS="650" VPOS="1620" CONTENT="i" WC="0.18" LANG="nob"/>
							<SP ID="SP58" WIDTH="57" HPOS="671" VPOS="1620"/>
							<String ID="STRING69" STYLEREFS="STYLE2" HEIGHT="96" WIDTH="339" HPOS="728" VPOS="1619" CONTENT="vedborlig" WC="0.52" LANG="nob"/>
							<SP ID="SP59" WIDTH="65" HPOS="1067" VPOS="1619"/>
							<String ID="STRING70" STYLEREFS="STYLE2" HEIGHT="92" WIDTH="257" HPOS="1132" VPOS="1616" CONTENT="Stand" WC="0.56" LANG="nob"/>
							<SP ID="SP60" WIDTH="63" HPOS="1389" VPOS="1616"/>
							<String ID="STRING71" STYLEREFS="STYLE2" HEIGHT="78" WIDTH="143" HPOS="1452" VPOS="1627" CONTENT="med" WC="0.75" LANG="nob"/>
							<SP ID="SP61" WIDTH="71" HPOS="1595" VPOS="1627"/>
							<String ID="STRING72" STYLEREFS="STYLE2" HEIGHT="100" WIDTH="121" HPOS="1666" VPOS="1622" CONTENT="Af-" WC="0.53" LANG="nob"/>
							<SP ID="SP62" WIDTH="43" HPOS="1787" VPOS="1622"/>
							<String ID="STRING73" STYLEREFS="STYLE2" HEIGHT="86" WIDTH="81" HPOS="1830" VPOS="1646" CONTENT="og" WC="0.62" LANG="nob"/>
						</TextLine>
						<TextLine ID="LINE12" HEIGHT="109" WIDTH="370" HPOS="205" VPOS="1736">
							<String ID="STRING74" STYLEREFS="STYLE2" HEIGHT="109" WIDTH="370" HPOS="205" VPOS="1736" CONTENT="Paagang." WC="0.7" LANG="nob"/>
						</TextLine>
					</TextBlock>
					<TextBlock xs:type="TextBlockType" ID="ZONE1127131" HEIGHT="73" WIDTH="112" HPOS="1022" VPOS="2005" xlink:type="simple">
						<TextLine ID="LINE13" HEIGHT="72" WIDTH="112" HPOS="1022" VPOS="2005">
							<String ID="STRING75" STYLEREFS="STYLE5" HEIGHT="72" WIDTH="112" HPOS="1022" VPOS="2005" CONTENT="39." WC="0.72" LANG="nob"/>
						</TextLine>
					</TextBlock>
					<TextBlock xs:type="TextBlockType" ID="ZONE1127132" HEIGHT="1081" WIDTH="1736" HPOS="214" VPOS="2143" xlink:type="simple">
						<TextLine ID="LINE14" HEIGHT="107" WIDTH="1498" HPOS="430" VPOS="2145">
							<String ID="STRING76" STYLEREFS="STYLE2" HEIGHT="105" WIDTH="316" HPOS="430" VPOS="2147" CONTENT="Hverken" WC="0.77" LANG="nob"/>
							<SP ID="SP63" WIDTH="70" HPOS="746" VPOS="2147"/>
							<String ID="STRING77" STYLEREFS="STYLE2" HEIGHT="101" WIDTH="498" HPOS="816" VPOS="2145" CONTENT="Commissairen" WC="0.77" LANG="nob"/>
							<SP ID="SP64" WIDTH="64" HPOS="1314" VPOS="2145"/>
							<String ID="STRING78" STYLEREFS="STYLE2" HEIGHT="75" WIDTH="140" HPOS="1378" VPOS="2156" CONTENT="eller" WC="1" LANG="nob"/>
							<SP ID="SP65" WIDTH="54" HPOS="1518" VPOS="2156"/>
							<String ID="STRING79" STYLEREFS="STYLE2" HEIGHT="95" WIDTH="356" HPOS="1572" VPOS="2153" CONTENT="Betjenten" WC="0.79" LANG="nob"/>
						</TextLine>
						<TextLine ID="LINE15" HEIGHT="104" WIDTH="1710" HPOS="217" VPOS="2266">
							<String ID="STRING80" STYLEREFS="STYLE2" HEIGHT="70" WIDTH="192" HPOS="217" VPOS="2293" CONTENT="maae" WC="0.82" LANG="nob"/>
							<SP ID="SP66" WIDTH="50" HPOS="409" VPOS="2293"/>
							<String ID="STRING81" STYLEREFS="STYLE2" HEIGHT="64" WIDTH="184" HPOS="459" VPOS="2288" CONTENT="enten" WC="0.92" LANG="nob"/>
							<SP ID="SP67" WIDTH="56" HPOS="643" VPOS="2288"/>
							<String ID="STRING82" STYLEREFS="STYLE2" HEIGHT="99" WIDTH="128" HPOS="699" VPOS="2268" CONTENT="for," WC="0.61" LANG="nob"/>
							<SP ID="SP68" WIDTH="58" HPOS="827" VPOS="2268"/>
							<String ID="STRING83" STYLEREFS="STYLE2" HEIGHT="94" WIDTH="60" HPOS="885" VPOS="2271" CONTENT="i," WC="0.8" LANG="nob"/>
							<SP ID="SP69" WIDTH="56" HPOS="945" VPOS="2271"/>
							<String ID="STRING84" STYLEREFS="STYLE2" HEIGHT="75" WIDTH="140" HPOS="1001" VPOS="2275" CONTENT="eller" WC="0.89" LANG="nob"/>
							<SP ID="SP70" WIDTH="60" HPOS="1141" VPOS="2275"/>
							<String ID="STRING85" STYLEREFS="STYLE2" HEIGHT="94" WIDTH="152" HPOS="1201" VPOS="2266" CONTENT="efter" WC="0.9" LANG="dan"/>
							<SP ID="SP71" WIDTH="60" HPOS="1353" VPOS="2266"/>
							<String ID="STRING86" STYLEREFS="STYLE2" HEIGHT="77" WIDTH="208" HPOS="1413" VPOS="2290" CONTENT="nogen" WC="0.93" LANG="dan"/>
							<SP ID="SP72" WIDTH="58" HPOS="1621" VPOS="2290"/>
							<String ID="STRING87" STYLEREFS="STYLE2" HEIGHT="99" WIDTH="248" HPOS="1679" VPOS="2271" CONTENT="Slags" WC="0.74" LANG="dan"/>
						</TextLine>
						<TextLine ID="LINE16" HEIGHT="107" WIDTH="1704" HPOS="225" VPOS="2386">
							<String ID="STRING88" STYLEREFS="STYLE2" HEIGHT="101" WIDTH="426" HPOS="225" VPOS="2392" CONTENT="Forretning," WC="0.7" LANG="dan"/>
							<SP ID="SP73" WIDTH="42" HPOS="651" VPOS="2392"/>
							<String ID="STRING89" STYLEREFS="STYLE2" HEIGHT="98" WIDTH="84" HPOS="693" VPOS="2386" CONTENT="af" WC="0.93" LANG="dan"/>
							<SP ID="SP74" WIDTH="30" HPOS="777" VPOS="2386"/>
							<String ID="STRING90" STYLEREFS="STYLE2" HEIGHT="74" WIDTH="210" HPOS="807" VPOS="2411" CONTENT="nogen" WC="0.76" LANG="dan"/>
							<SP ID="SP75" WIDTH="40" HPOS="1017" VPOS="2411"/>
							<String ID="STRING91" STYLEREFS="STYLE2" HEIGHT="97" WIDTH="352" HPOS="1057" VPOS="2389" CONTENT="imodtage," WC="0.76" LANG="dan"/>
							<SP ID="SP76" WIDTH="46" HPOS="1409" VPOS="2389"/>
							<String ID="STRING92" STYLEREFS="STYLE2" HEIGHT="92" WIDTH="186" HPOS="1455" VPOS="2395" CONTENT="langt" WC="0.76" LANG="dan"/>
							<SP ID="SP77" WIDTH="34" HPOS="1641" VPOS="2395"/>
							<String ID="STRING93" STYLEREFS="STYLE2" HEIGHT="82" WIDTH="254" HPOS="1675" VPOS="2396" CONTENT="mindre" WC="0.78" LANG="dan"/>
						</TextLine>
						<TextLine ID="LINE17" HEIGHT="107" WIDTH="1671" HPOS="227" VPOS="2507">
							<String ID="STRING94" STYLEREFS="STYLE2" HEIGHT="98" WIDTH="219" HPOS="227" VPOS="2511" CONTENT="fordre" WC="0.78" LANG="dan"/>
							<SP ID="SP78" WIDTH="39" HPOS="446" VPOS="2511"/>
							<String ID="STRING95" STYLEREFS="STYLE2" HEIGHT="77" WIDTH="205" HPOS="485" VPOS="2531" CONTENT="nogen" WC="0.87" LANG="dan"/>
							<SP ID="SP79" WIDTH="43" HPOS="690" VPOS="2531"/>
							<String ID="STRING96" STYLEREFS="STYLE2" HEIGHT="99" WIDTH="243" HPOS="733" VPOS="2508" CONTENT="Slags" WC="0.74" LANG="dan"/>
							<SP ID="SP80" WIDTH="47" HPOS="976" VPOS="2508"/>
							<String ID="STRING97" STYLEREFS="STYLE2" HEIGHT="98" WIDTH="435" HPOS="1023" VPOS="2507" CONTENT="Belønning," WC="0.87" LANG="dan"/>
							<SP ID="SP81" WIDTH="63" HPOS="1458" VPOS="2507"/>
							<String ID="STRING98" STYLEREFS="STYLE2" HEIGHT="68" WIDTH="181" HPOS="1521" VPOS="2527" CONTENT="enten" WC="0.91" LANG="dan"/>
							<SP ID="SP82" WIDTH="41" HPOS="1702" VPOS="2527"/>
							<String ID="STRING99" STYLEREFS="STYLE2" HEIGHT="100" WIDTH="155" HPOS="1743" VPOS="2514" CONTENT="Pen" SUBS_TYPE="HypPart1" SUBS_CONTENT="Penge," WC="0.8" LANG="dan"/>
							<HYP CONTENT="-"/>
						</TextLine>
						<TextLine ID="LINE18" HEIGHT="108" WIDTH="1676" HPOS="228" VPOS="2629">
							<String ID="STRING100" STYLEREFS="STYLE2" HEIGHT="78" WIDTH="100" HPOS="228" VPOS="2659" CONTENT="ge," SUBS_TYPE="HypPart2" SUBS_CONTENT="Penge," WC="0.72" LANG="dan"/>
							<SP ID="SP83" WIDTH="38" HPOS="328" VPOS="2659"/>
							<String ID="STRING101" STYLEREFS="STYLE2" HEIGHT="100" WIDTH="278" HPOS="366" VPOS="2634" CONTENT="Wahre," WC="0.73" LANG="deu"/>
							<SP ID="SP84" WIDTH="38" HPOS="644" VPOS="2634"/>
							<String ID="STRING102" STYLEREFS="STYLE2" HEIGHT="78" WIDTH="138" HPOS="682" VPOS="2640" CONTENT="eller" WC="0.94" LANG="dan"/>
							<SP ID="SP85" WIDTH="46" HPOS="820" VPOS="2640"/>
							<String ID="STRING103" STYLEREFS="STYLE2" HEIGHT="104" WIDTH="468" HPOS="866" VPOS="2629" CONTENT="Forfristning," WC="0.62" LANG="dan"/>
							<SP ID="SP86" WIDTH="44" HPOS="1334" VPOS="2629"/>
							<String ID="STRING104" STYLEREFS="STYLE2" HEIGHT="59" WIDTH="108" HPOS="1378" VPOS="2652" CONTENT="om" WC="0.62" LANG="dan"/>
							<SP ID="SP87" WIDTH="26" HPOS="1486" VPOS="2652"/>
							<String ID="STRING105" STYLEREFS="STYLE2" HEIGHT="78" WIDTH="102" HPOS="1512" VPOS="2637" CONTENT="det" WC="0.37" LANG="dan"/>
							<SP ID="SP88" WIDTH="24" HPOS="1614" VPOS="2637"/>
							<String ID="STRING106" STYLEREFS="STYLE2" HEIGHT="74" WIDTH="122" HPOS="1638" VPOS="2642" CONTENT="end" WC="0.91" LANG="dan"/>
							<SP ID="SP89" WIDTH="28" HPOS="1760" VPOS="2642"/>
							<String ID="STRING107" STYLEREFS="STYLE2" HEIGHT="74" WIDTH="116" HPOS="1788" VPOS="2644" CONTENT="den" SUBS_TYPE="HypPart1" SUBS_CONTENT="dennem" WC="0.8" LANG="dan"/>
							<HYP CONTENT="-"/>
						</TextLine>
						<TextLine ID="LINE19" HEIGHT="105" WIDTH="1703" HPOS="234" VPOS="2751">
							<String ID="STRING108" STYLEREFS="STYLE2" HEIGHT="62" WIDTH="148" HPOS="234" VPOS="2777" CONTENT="nem" SUBS_TYPE="HypPart2" SUBS_CONTENT="dennem" WC="0.69" LANG="dan"/>
							<SP ID="SP90" WIDTH="40" HPOS="382" VPOS="2777"/>
							<String ID="STRING109" STYLEREFS="STYLE2" HEIGHT="99" WIDTH="388" HPOS="422" VPOS="2752" CONTENT="godvilligen" WC="0.74" LANG="dan"/>
							<SP ID="SP91" WIDTH="40" HPOS="810" VPOS="2752"/>
							<String ID="STRING110" STYLEREFS="STYLE2" HEIGHT="97" WIDTH="320" HPOS="850" VPOS="2751" CONTENT="tilbydes;" WC="0.69" LANG="dan"/>
							<SP ID="SP92" WIDTH="50" HPOS="1170" VPOS="2751"/>
							<String ID="STRING111" STYLEREFS="STYLE2" HEIGHT="60" WIDTH="146" HPOS="1220" VPOS="2770" CONTENT="men" WC="0.86" LANG="dan"/>
							<SP ID="SP93" WIDTH="40" HPOS="1366" VPOS="2770"/>
							<String ID="STRING112" STYLEREFS="STYLE2" HEIGHT="75" WIDTH="74" HPOS="1406" VPOS="2756" CONTENT="de" WC="0.68" LANG="dan"/>
							<SP ID="SP94" WIDTH="44" HPOS="1480" VPOS="2756"/>
							<String ID="STRING113" STYLEREFS="STYLE2" HEIGHT="96" WIDTH="292" HPOS="1524" VPOS="2751" CONTENT="staklade" WC="0.64" LANG="dan"/>
							<SP ID="SP95" WIDTH="26" HPOS="1816" VPOS="2751"/>
							<String ID="STRING114" STYLEREFS="STYLE2" HEIGHT="96" WIDTH="95" HPOS="1842" VPOS="2760" CONTENT="sig" WC="0.54" LANG="dan"/>
						</TextLine>
						<TextLine ID="LINE20" HEIGHT="104" WIDTH="1676" HPOS="235" VPOS="2873">
							<String ID="STRING115" STYLEREFS="STYLE2" HEIGHT="78" WIDTH="168" HPOS="235" VPOS="2899" CONTENT="noye" WC="0.63" LANG="dan"/>
							<SP ID="SP96" WIDTH="42" HPOS="403" VPOS="2899"/>
							<String ID="STRING116" STYLEREFS="STYLE2" HEIGHT="84" WIDTH="146" HPOS="445" VPOS="2878" CONTENT="med" WC="0.7" LANG="dan"/>
							<SP ID="SP97" WIDTH="46" HPOS="591" VPOS="2878"/>
							<String ID="STRING117" STYLEREFS="STYLE2" HEIGHT="80" WIDTH="122" HPOS="637" VPOS="2878" CONTENT="den" WC="0.77" LANG="dan"/>
							<SP ID="SP98" WIDTH="44" HPOS="759" VPOS="2878"/>
							<String ID="STRING118" STYLEREFS="STYLE2" HEIGHT="79" WIDTH="142" HPOS="803" VPOS="2880" CONTENT="dem" WC="0.79" LANG="dan"/>
							<SP ID="SP99" WIDTH="38" HPOS="945" VPOS="2880"/>
							<String ID="STRING119" STYLEREFS="STYLE2" HEIGHT="93" WIDTH="240" HPOS="983" VPOS="2879" CONTENT="tillagte" WC="0.88" LANG="dan"/>
							<SP ID="SP100" WIDTH="42" HPOS="1223" VPOS="2879"/>
							<String ID="STRING120" STYLEREFS="STYLE2" HEIGHT="97" WIDTH="226" HPOS="1265" VPOS="2874" CONTENT="Gage," WC="0.75" LANG="dan"/>
							<SP ID="SP101" WIDTH="42" HPOS="1491" VPOS="2874"/>
							<String ID="STRING121" STYLEREFS="STYLE2" HEIGHT="74" WIDTH="82" HPOS="1533" VPOS="2895" CONTENT="og" WC="0.89" LANG="dan"/>
							<SP ID="SP102" WIDTH="42" HPOS="1615" VPOS="2895"/>
							<String ID="STRING122" STYLEREFS="STYLE2" HEIGHT="98" WIDTH="104" HPOS="1657" VPOS="2873" CONTENT="for" WC="0.71" LANG="dan"/>
							<SP ID="SP103" WIDTH="42" HPOS="1761" VPOS="2873"/>
							<String ID="STRING123" STYLEREFS="STYLE2" HEIGHT="88" WIDTH="108" HPOS="1803" VPOS="2878" CONTENT="Re" SUBS_TYPE="HypPart1" SUBS_CONTENT="Resten" WC="0.85" LANG="dan"/>
							<HYP CONTENT="-"/>
						</TextLine>
						<TextLine ID="LINE21" HEIGHT="110" WIDTH="1676" HPOS="239" VPOS="2991">
							<String ID="STRING124" STYLEREFS="STYLE2" HEIGHT="94" WIDTH="134" HPOS="239" VPOS="3007" CONTENT="sten" SUBS_TYPE="HypPart2" SUBS_CONTENT="Resten" WC="0.7" LANG="dan"/>
							<SP ID="SP104" WIDTH="40" HPOS="373" VPOS="3007"/>
							<String ID="STRING125" STYLEREFS="STYLE2" HEIGHT="94" WIDTH="178" HPOS="413" VPOS="2999" CONTENT="giøre" WC="0.79" LANG="dan"/>
							<SP ID="SP105" WIDTH="38" HPOS="591" VPOS="2999"/>
							<String ID="STRING126" STYLEREFS="STYLE2" HEIGHT="80" WIDTH="122" HPOS="629" VPOS="2998" CONTENT="alle" WC="1" LANG="dan"/>
							<SP ID="SP106" WIDTH="34" HPOS="751" VPOS="2998"/>
							<String ID="STRING127" STYLEREFS="STYLE2" HEIGHT="77" WIDTH="182" HPOS="785" VPOS="2996" CONTENT="deres" WC="0.83" LANG="dan"/>
							<SP ID="SP107" WIDTH="28" HPOS="967" VPOS="2996"/>
							<String ID="STRING128" STYLEREFS="STYLE2" HEIGHT="98" WIDTH="462" HPOS="995" VPOS="2993" CONTENT="Forretninger" WC="0.66" LANG="dan"/>
							<SP ID="SP108" WIDTH="30" HPOS="1457" VPOS="2993"/>
							<String ID="STRING129" STYLEREFS="STYLE2" HEIGHT="96" WIDTH="104" HPOS="1487" VPOS="2991" CONTENT="for" WC="0.82" LANG="dan"/>
							<SP ID="SP109" WIDTH="24" HPOS="1591" VPOS="2991"/>
							<String ID="STRING130" STYLEREFS="STYLE2" HEIGHT="103" WIDTH="178" HPOS="1615" VPOS="2997" CONTENT="imer," WC="0.7" LANG="dan"/>
							<SP ID="SP110" WIDTH="30" HPOS="1793" VPOS="2997"/>
							<String ID="STRING131" STYLEREFS="STYLE2" HEIGHT="60" WIDTH="92" HPOS="1823" VPOS="3026" CONTENT="un" SUBS_TYPE="HypPart1" SUBS_CONTENT="under" WC="0.78" LANG="dan"/>
							<HYP CONTENT="-"/>
						</TextLine>
						<TextLine ID="LINE22" HEIGHT="114" WIDTH="1705" HPOS="241" VPOS="3110">
							<String ID="STRING132" STYLEREFS="STYLE2" HEIGHT="82" WIDTH="111" HPOS="241" VPOS="3123" CONTENT="der" SUBS_TYPE="HypPart2" SUBS_CONTENT="under" WC="0.52" LANG="dan"/>
							<SP ID="SP111" WIDTH="41" HPOS="352" VPOS="3123"/>
							<String ID="STRING133" STYLEREFS="STYLE2" HEIGHT="93" WIDTH="301" HPOS="393" VPOS="3114" CONTENT="Embeds" WC="0.66" LANG="dan"/>
							<SP ID="SP112" WIDTH="41" HPOS="694" VPOS="3114"/>
							<String ID="STRING134" STYLEREFS="STYLE2" HEIGHT="102" WIDTH="421" HPOS="735" VPOS="3110" CONTENT="Forbrydelse" WC="0.65" LANG="dan"/>
							<SP ID="SP113" WIDTH="43" HPOS="1156" VPOS="3110"/>
							<String ID="STRING135" STYLEREFS="STYLE2" HEIGHT="90" WIDTH="153" HPOS="1199" VPOS="3114" CONTENT="hvis" WC="0.67" LANG="dan"/>
							<SP ID="SP114" WIDTH="39" HPOS="1352" VPOS="3114"/>
							<String ID="STRING136" STYLEREFS="STYLE2" HEIGHT="88" WIDTH="201" HPOS="1391" VPOS="3117" CONTENT="andet" WC="0.72" LANG="dan"/>
							<SP ID="SP115" WIDTH="41" HPOS="1592" VPOS="3117"/>
							<String ID="STRING137" STYLEREFS="STYLE2" HEIGHT="101" WIDTH="313" HPOS="1633" VPOS="3123" CONTENT="befindest" WC="0.84" LANG="deu"/>
						</TextLine>
					</TextBlock>
					<TextBlock xs:type="TextBlockType" ID="ZONE1127133" HEIGHT="72" WIDTH="118" HPOS="1838" VPOS="3358" xlink:type="simple">
						<TextLine ID="LINE23" HEIGHT="70" WIDTH="116" HPOS="1838" VPOS="3358">
							<String ID="STRING138" STYLEREFS="STYLE6" HEIGHT="70" WIDTH="116" HPOS="1838" VPOS="3358" CONTENT="400" WC="0.77" LANG="dan"/>
						</TextLine>
					</TextBlock>
				</ComposedBlock>
			</PrintSpace>
		</Page>
	</Layout>
</alto>
