2903 4580
1699 356 94 81 II

92 553 124 82 kan
246 566 170 65 være
450 546 122 109 frie
1174 540 244 100 Findæ
1462 545 74 78 de
1576 546 219 94 andet,

95 671 124 90 har
257 676 76 76 de
359 665 550 88 Vedkommende
947 677 72 64 at
1059 664 268 93 advare,
1375 683 80 74 og
1495 659 158 102 hvis
1695 666 102 78 der

93 809 75 77 ey
211 786 291 100 frugter,
545 791 222 76 derom
803 795 72 65 at
917 796 390 77 rapportere.

878 995 122 62 11.

317 1128 144 87 Da
523 1131 124 91 de,
705 1122 134 96 som
891 1141 136 78 paa
1083 1118 244 82 tilladte
1365 1119 288 84 Slæder
1695 1118 106 100 for

97 1246 316 106 Hnusene
455 1249 210 96 sidder
703 1266 88 74 vg
837 1240 316 101 falholder
1181 1236 278 99 Wahre,
1501 1239 124 81 ikke
1663 1246 108 76 der-

94 1374 144 74 med
298 1385 192 61 mnae
540 1363 252 80 komme
852 1366 232 89 længer
1138 1360 94 78 ud
1288 1375 134 74 paa
1464 1355 338 103 Fortoget,

94 1492 124 78 end
262 1492 126 78 den
434 1483 252 96 høyeste
726 1476 542 96 Nødvendighed
1308 1473 368 101 udfordrer,
1718 1498 86 75 og

95 1607 392 97 ingenlunde
527 1619 154 62 over
719 1598 520 97 Rendesteenen;
1293 1594 110 92 faa
1443 1597 120 98 har
1587 1593 187 105 Com-

91 1716 321 111 misaipen
467 1743 83 76 og
595 1719 356 93 Betjenten
997 1731 72 64 at
1111 1731 340 80 paaagte,
1513 1731 70 64 at
1647 1716 128 98 heri-

98 1852 160 76 mod
320 1842 124 80 ikke
488 1841 318 96 handles,
870 1857 80 74 og
1006 1851 74 64 at
1124 1832 152 96 hvis
1318 1838 102 75 der
1460 1833 192 95 ffeer,
1720 1852 82 74 og

94 1960 554 86 Vedkommende
684 1976 74 76 ey
798 1958 92 78 vil
934 1957 142 94 lyde
1112 1958 184 76 deres
1322 1951 340 97 Advarsel,
1698 1956 106 80 det

99 2089 88 80 da
225 2089 436 87 rapporteres.

900 2299 108 52 12.

320 2422 134 87 De
512 2425 122 96 har
692 2418 338 100 fremdeles
1070 2416 370 100 Indseende
1480 2422 182 92 med,
1732 2442 74 64 ar

107 2555 192 93 ingen
327 2544 300 87 Bønder
663 2550 140 74 eller
825 2542 322 97 Amagere
1187 2542 218 96 holder
1441 2541 18 78 i
1489 2533 318 95 Gaderne

103 2677 236 89 længer
383 2671 122 78 end
561 2665 284 81 imedens
885 2667 76 76 de
1005 2658 306 100 aflæsser,
1357 2657 164 88 hvor
1563 2667 72 73 de
1677 2664 128 94 har

102 2789 162 96 solgt
306 2790 184 76 deres
536 2779 182 95 Læs,
758 2786 140 80 eller
940 2795 350 81 paatager,
1338 2777 176 90 hvad
1556 2783 76 77 de
1678 2780 128 96 hos

98 2903 366 95 Borgerne
508 2899 238 97 kiøber,
792 2922 80 71 og
914 2919 80 60 at
1024 2905 74 76 de
1138 2900 22 78 i
1202 2906 120 74 den
1360 2895 134 88 Tid
1532 2896 122 82 ikke
1700 2898 76 80 ka-

99 3023 124 97 ster
261 3018 222 100 Foder
527 3013 104 98 for
673 3022 182 74 deres
901 3015 200 98 Heste
1141 3038 134 70 paa
1315 3016 284 92 Gaden,
1659 3036 148 62 men

103 3159 72 64 at
217 3148 76 74 de
335 3142 70 80 til
445 3135 304 90 Torvene
793 3135 334 95 henviises,
1167 3134 111 93 faa
1321 3130 176 97 snart
1541 3143 102 75 det
1679 3136 126 86 ikke

106 3259 291 94 skjønnes
492 3275 74 64 at
620 3269 74 71 de
752 3278 132 72 paa
926 3264 392 78 ovenmeldte
1364 3255 256 85 Maade
1678 3260 126 94 har

1666 3394 134 78 paa
