3042 4565
1161 567 92 70 28

1157 755 82 76 de
1297 767 166 62 være
1519 751 184 76 deres
1757 743 458 102 Skyldighed,
2289 771 168 62 naar
2509 757 74 76 de
2637 755 194 98 ffulde

1169 861 164 94 have
1375 857 112 92 faa
1533 855 262 98 anseelig
1835 877 72 58 en
1949 855 408 102 Belønning.

1383 975 480 98 Værgemaals
1923 977 304 102 Pengene
2283 1007 80 74 og
2407 991 74 76 de
2517 983 291 88 Domm-

1159 1089 101 109 Eree
1305 1105 108 76 der
1451 1103 216 92 gives,
1737 1099 102 98 for
1897 1101 372 90 erholdende
2307 1105 360 100 Prioritets
2707 1107 102 84 Ca-

1161 1225 226 90 Maler
1427 1213 862 108 udiOber-Formynderiet,
2329 1227 132 92 især
2497 1235 118 74 ved
2639 1227 168 84 Obli-

1157 1349 406 92 gationernes
1599 1339 464 100 Udfærdigelse,
2105 1367 94 60 ere
2239 1349 430 94 tilstrækkelige
2713 1347 122 80 nok

1157 1485 72 62 ar
1269 1473 190 74 lønne
1493 1487 72 58 en
1589 1465 436 98 Fuldmægtig
2065 1475 158 74 med.
2325 1469 184 80 Man
2536 1471 294 92 Fangne-«-

1156 1590 191 91 tesg

2683 1473 120 90 stuk-

1157 1603 60 64 te
1257 1591 92 92 sig
1393 1591 108 90 til,
1551 1589 178 88 hvad
1771 1585 330 96 Sportler
2137 1593 110 74 der
2287 1609 186 58 maae
2493 1589 196 78 vanke
2715 1595 122 72 ved

1155 1715 166 76 dette
1363 1707 300 88 Comoir,
1705 1711 90 76 da
1837 1711 104 76 det
1983 1727 62 58 er
2087 1709 142 90 vist,
2263 1725 70 60 at
2371 1727 74 58 en
2469 1707 340 96 Fuldmæg-

1153 1831 96 92 tig
1307 1835 272 90 derved,
1643 1831 122 92 har
1825 1827 170 96 fordi
2059 1825 278 92 saadant
2387 1847 122 58 var
2567 1823 268 96 forlidet,

1151 1943 280 100 foragtet
1477 1967 80 72 og
1597 1953 144 72 med
1785 1945 386 100 Haandhed
2213 1945 290 96 begegnet
2539 1967 72 56 en
2655 1943 146 82 Cou-

1149 2085 158 66 rant
1365 2065 288 94 Ducat,
1709 2063 134 92 som
1897 2063 102 94 for
2041 2061 510 98 Obligationens
2589 2061 214 84 Skriv-

1149 2195 158 90 ning
1361 2191 142 76 blev
1561 2185 154 96 ham
1771 2181 280 100 offereret
2113 2185 82 94 af
2233 2207 74 56 en
2351 2185 330 98 Debitor,
2721 2189 110 74 der

1149 2317 280 98 erholdte
1487 2335 74 58 en
1627 2307 274 98 Capital
1939 2305 80 98 af
2067 2325 98 64 toe
2209 2307 288 96 Tusinde
2539 2331 78 74 og
2651 2311 180 92 nogle

1147 2441 368 98 Hundrede
1549 2429 390 96 Rigsdaler,
1979 2433 120 78 ved
2133 2425 702 102 Ober-Formynderiet

1151 2587 138 78 paa
1329 2559 336 102 Prioritet.

1657 2719 304 78 Niende
2011 2721 316 78 Artikel.

1369 2849 66 96 I
1473 2841 166 96 folge
1675 2849 198 72 denne
1913 2839 266 96 Artikel,
2207 2843 136 93 skal
2371 2847 118 76 alle
2511 2839 322 86 Stadens

1115 2975 324 86 /Skatter
1507 2967 240 80 betales
1809 2963 154 102 efter
2025 2985 76 60 en
2179 2965 214 86 Billet
2449 2987 78 74 og
2565 2959 264 118 Paa-en
2755 2989 74 58 en

1139 3097 234 96 Gang.

1355 3213 162 86 Der
1553 3233 64 58 er
1657 3231 74 60 en
1777 3213 128 96 stor
1949 3211 362 92 Malheur,
2365 3207 130 92 som
2547 3203 118 82 ikke
2709 3207 124 80 nok

1137 3341 134 78 kan
1319 3337 330 94 beklages,
1707 3349 72 64 at
1839 3339 102 74 det
1983 3353 118 74 nye
2145 3329 208 84 Raad
2391 3325 120 80 ikke
2549 3345 64 60 er
2649 3343 184 66 enten

1131 3459 218 94 riigere
1393 3461 138 72 eller
1565 3451 330 98 fattigere;
1951 3451 90 88 thi
2085 3471 150 60 vare
2281 3453 72 76 de
2390 3440 129 106 sad
2543 3443 264 84 bemidle-

1137 3587 112 90 de,
1305 3595 72 66 at
1431 3583 76 80 de
1545 3579 208 84 kunde
1795 3583 170 82 male
2015 3591 70 66 at
2123 3573 194 84 betale
2357 3571 102 100 for
2499 3575 120 84 den
2663 3569 134 98 Fat-

2703 3671 124 94 tige
