3090 4561
253 664 372 88 Embeders
645 667 414 99 Bortgivelfe
1095 693 78 59 en
1195 672 195 97 Vey,
1429 673 576 93 sommanmaatte

250 767 1039 103 Mtkekkxundeksbxivessalminden
472 768 204 85 kunde
718 769 164 83 blive
920 773 370 99 almindelig
1328 791 282 83 antaget.

465 968 160 88 Det
663 991 64 60 er
767 971 20 81 i
827 968 370 104 Anledning
1245 973 220 99 heraf,
1507 992 72 66 at
1619 980 100 97 jeg
1759 975 112 98 frit
1911 984 88 77 ud

249 1088 159 63 maa
451 1070 319 97 bekende,
811 1090 71 64 at
921 1072 155 83 intet
1105 1095 63 61 er
1199 1079 203 94 nyelig
1431 1057 411 113 forekommet
1862 1088 134 89 mig

246 1190 194 61 meere
480 1175 319 95 tvetydig,
864 1178 122 77 end
1028 1191 72 74 at
1138 1174 669 119 Adresse-Eontoiret,
1862 1178 136 96 som

245 1277 118 74 ved
405 1270 356 98 igjemagne
799 1272 254 100 Forsøg
1097 1278 146 94 giør
1281 1278 94 97 sig
1415 1279 368 96 Uleyligbed
1823 1286 170 91 med,

239 1375 205 90 endog
487 1374 117 94 lige
643 1375 183 79 indtil
865 1378 121 76 den
1025 1377 503 96 pureALkelhed
1571 1398 69 63 at
1667 1381 327 81 berømme

234 1468 328 92 saadanne
584 1470 458 101 Subtiliteter,
1084 1473 134 94 som
1254 1498 94 63 ere
1384 1486 218 74 avlede
1644 1497 182 64 enten
1864 1482 132 96 hos

234 1568 499 101 Principalerne
764 1571 121 97 selv
928 1581 141 74 eller
1096 1581 179 77 deres
1298 1577 305 95 Clienter,
1644 1585 141 76 eller
1810 1596 157 70 maa-

231 1668 121 97 skee
389 1669 344 103 Patroner
771 1680 140 74 eller
943 1674 499 100 Interessenter,
1485 1678 124 80 ikke
1649 1681 166 94 have
1853 1686 142 88 lagt

231 1768 259 84 Mærke
530 1774 72 80 til
656 1779 138 77 eller
839 1778 169 91 gjort
1064 1773 344 100 sædvanlig
1450 1775 334 102 Harange
1838 1798 154 63 over

228 1866 113 94 saa
386 1867 407 103 efterfølgelig
840 1892 55 62 et
930 1872 305 99 Exempel
1272 1898 135 73 paa
1452 1877 427 99 Virkningen
1918 1874 83 101 af

225 1992 74 57 en
375 1976 210 88 oplyst
657 1971 548 86 Embedsmands
1275 1979 262 95 redelige
1591 1976 398 101 Intention;

225 2068 173 83 Men
441 2069 245 95 saadan
727 2070 317 98 Afvigelse
1103 2076 179 94 giver
1339 2075 127 81 kun
1519 2098 73 56 en
1633 2079 109 88 flet
1783 2077 203 89 Tillid

224 2172 72 79 til
350 2177 160 75 dette
568 2170 320 85 Conroirs
942 2170 368 101 Jugement
1362 2197 82 74 og
1498 2174 486 100 Jnclinationer

222 2270 105 94 for
370 2277 101 75 det
512 2274 175 95 flags
728 2271 257 98 Reelle,
1046 2273 133 92 som
1236 2275 177 82 løber
1455 2282 172 74 uden
1688 2275 103 98 for
1833 2284 152 76 dets

229 2390 151 77 egne
433 2376 137 74 eller
633 2371 323 84 Cliemers
1011 2370 299 99 Indfald
1371 2397 79 74 og
1509 2376 313 98 Fordeel;
1889 2378 95 92 thi

226 2487 184 62 enten
454 2470 120 80 bør
610 2474 74 77 de
706 2471 250 100 Herrer
988 2473 422 90 Comoirister
1450 2478 80 78 tie
1574 2478 68 79 til
1684 2481 120 77 alle
1838 2492 116 80 nyt-

222 2570 125 95 tige
402 2567 477 103 Inventioner,
950 2579 139 74 eller
1146 2596 83 74 og
1286 2581 123 74 tale
1476 2596 107 58 om
1644 2581 141 76 dem
1840 2582 143 89 alle,

221 2664 380 102 fornemlig,
657 2691 166 61 naar
867 2678 110 91 de,
1015 2671 134 96 som
1195 2674 148 97 her,
1391 2695 96 62 ere
1531 2682 144 76 dem
1721 2677 118 97 lige
1879 2680 104 78 vel

225 2766 337 86 bekendte.
665 2769 171 83 Men
874 2773 122 80 nok
1041 2775 239 88 herom.

429 2967 162 89 Det
625 2991 64 60 er
727 2974 110 78 ald
865 2970 368 97 Eftertanke
1269 2996 80 75 og
1375 2975 368 98 Imitation
1767 2980 204 89 værd,

217 3084 71 67 at
329 3080 193 70 vores
567 3073 229 93 redelig
839 3072 249 92 sindede
1131 3074 469 98 Politiemester
1647 3077 197 86 haver
1885 3074 73 94 of-

216 3166 216 101 fentlig
490 3172 292 79 inviterer
826 3170 408 84 Candidam
1298 3177 68 76 til
1422 3179 74 75 de
1538 3179 204 74 under
1802 3174 172 98 hans

216 3266 353 87 Direction
608 3276 317 83 oprettede
952 3270 451 101 Betjeninger,
1447 3295 80 77 og
1571 3288 70 65 at
1684 3275 127 92 han
1852 3274 123 81 ikke

219 3367 248 96 ligesom
529 3372 20 76 i
589 3368 212 87 Smu
863 3392 79 74 og
1011 3371 298 96 forinden
1365 3395 204 73 nogen
1613 3376 361 93 almindelig

216 3464 382 100 Ansøgning
642 3471 210 80 kunde
890 3472 176 92 finde
1110 3469 260 96 Stæd,
1414 3473 198 92 haver
1656 3475 320 90 destineret

214 3574 139 75 eller
402 3569 313 97 bortgivet
758 3577 73 77 de
872 3592 121 77 nye
1036 3576 313 87 oprettede
1374 3568 576 102 Quarteer-Tjene-

466 3738 3 1 -
470 3739 6 1 -
1105 3693 54 71 4
1861 3676 120 90 ster
