2979 4594
1065 87 12 35 I

1263 444 46 60 4

1390 603 145 96 Jeg
1576 598 121 94 har
1726 599 303 91 opnaaed
2056 614 75 58 en
2172 592 319 97 temmelig
2520 591 239 100 Alder,
2818 623 69 75 og

1193 744 159 84 altid
1383 739 153 92 hørr
1565 734 179 95 klage
1775 750 149 62 over
1957 737 171 92 flette
2157 730 201 87 Tider
2381 754 81 75 og
2475 737 155 90 dyre
2681 732 203 99 Priser

1192 902 135 78 paa
1374 875 187 100 Fode
1596 872 291 94 Vahre;
1940 891 149 59 men
2120 870 191 97 ingen
2354 870 135 88 Tid
2516 876 149 76 med
2706 876 175 91 ftom

1195 1023 259 85 Grund
1493 1018 121 76 end
1665 1013 175 96 siden
1903 1031 231 75 1740,
2207 1013 87 76 da
2357 1008 217 97 Rug,
2653 1010 229 98 Korn,

1190 1163 281 97 Havre,
1528 1152 289 92 Smør,
1886 1148 255 94 Gryn,
2214 1145 309 100 Hveche,
2554 1191 11 8 -
2598 1146 175 100 Flest
2814 1173 69 75 og

1185 1295 294 87 Kjeden
1405 1319 75 56 er.
1499 1314 63 56 er
1605 1293 291 92 opstegen
1927 1285 69 80 til
2029 1283 139 93 høie
2213 1282 267 101 Priser,
2551 1283 137 95 som
2713 1286 171 83 indtil

1184 1445 201 75 denne
1410 1429 189 93 Dag
1628 1427 121 94 har
1774 1421 413 82 cominueret.
2203 1479 16 8 -

1386 1704 337 97 Aarsagen
1758 1701 179 93 hertil
1988 1697 177 95 soger
2206 1696 310 97 adskilige
2556 1696 299 85 Skriben-

1187 1872 125 63 tere
1341 1852 21 75 i
1403 1837 565 106 Jordegodsernes
2035 1841 395 76 overdrevne
2485 1834 267 101 Priser,
2809 1859 65 77 og

1182 2001 77 77 de
1316 1979 189 97 deraf
1542 1980 311 96 flydende
1904 1973 139 94 hoie
2092 1970 577 100 Forpagtninger,
2722 1974 153 97 samt

1181 2123 503 103 Producternes
1717 2117 95 76 alt
1853 2106 105 98 for
1991 2108 211 98 stærke
2239 2104 331 98 Udførsel-
2601 2130 81 76 og
2697 2108 161 95 frem-

1182 2270 149 78 med
1346 2250 387 133 Indførsels
1758 2246 545 102 Jndstrenkning.
2406 2246 227 83 Andre
2650 2242 209 98 fortæl-

1183 2411 53 76 le
1265 2404 141 96 (om
1437 2403 105 76 det
1569 2412 65 62 er
1667 2387 175 99 sant)
1881 2403 79 66 at
2007 2383 571 101 Proprietærerne
2627 2384 123 96 stal
2775 2385 79 96 ha-

1184 2562 77 60 ve
1282 2534 251 99 afholdt
1566 2538 181 76 deres
1778 2526 297 86 Bonder
2108 2520 105 100 fra
2228 2539 71 66 at
2316 2522 255 81 komme
2584 2522 69 82 til
2670 2522 179 83 Køb-

1181 2682 303 98 stæderne
1515 2676 147 74 med
1693 2675 183 76 deres
1895 2663 453 93 Kornvahre,
2377 2655 80 101 og

1406 2819 75 76 de
1512 2812 139 88 hoie
1692 2804 229 100 Priser
1944 2802 249 81 tilkiobt
2214 2801 93 98 sig
2338 2806 147 76 dem
2504 2801 161 97 selv,
2694 2798 153 99 hvor-

1179 2959 177 79 imod
1381 2957 75 78 de
1493 2950 121 94 har
1639 2943 281 98 forsynet
1949 2939 303 88 Bonden
2265 2944 147 76 med
2427 2936 211 101 Jern,
2653 2936 191 99 Hum-

1176 3103 79 87 le,
1284 3090 237 94 Bære,
1550 3080 241 101 Beeg,
1856 3081 219 95 Sild,
2130 3085 149 74 med
2310 3096 207 77 mere,
2582 3096 69 60 er
2694 3082 175 75 dette

1169 3231 325 96 saaledes,
1549 3230 91 78 da
1667 3243 65 60 er
1783 3222 235 96 herved
2053 3216 495 97 Kiobstæderne
2617 3216 249 95 betaget

1174 3378 187 72 deres
1412 3364 329 95 Næring,
1820 3357 533 103 Folkemængden
2402 3350 301 100 svækket,
2794 3375 73 76 og

1173 3505 287 98 Kongen
1495 3500 255 99 betaget
1781 3502 121 80 den
