3154 4569
1318 479 48 58 6

1318 663 248 80 overall
1626 680 24 56 \
1690 652 294 86 Skoven
2030 655 496 98 bekjendtgiøre,
2592 672 72 66 at
2702 656 286 93 Beveren

1317 799 124 60 var
1481 779 242 94 stevnet
1777 778 70 80 til
1905 792 72 64 at
2033 775 214 94 beviise
2303 779 128 96 sine
2475 776 516 103 Beskyldninger,

1320 921 81 73 eg-
1447 899 20 78 i
1507 895 284 99 Mangel
1831 894 190 99 deraf
2053 917 70 62 at
2161 899 116 80 lide
2315 895 226 88 Dom.
2659 898 172 98 Thi,
2873 923 100 58 om-

1315 1021 322 92 endffiønt
1679 1026 74 76 de
1791 1044 72 72 ey
1919 1022 208 94 havde
2169 1023 234 96 stevnet
2441 1019 308 89 Beveren
2811 1024 68 78 tik
2933 1039 70 66 at

1315 1139 217 94 beviise
1571 1143 125 95 sine
1741 1141 445 96 Anmeldelser,
2227 1141 109 96 saa
2373 1137 191 98 fandt
2593 1146 239 80 Ulvene
2871 1150 125 91 dog

1314 1259 104 94 for
1458 1277 114 78 gok
1608 1276 70 64 at
1720 1266 248 76 udmde
2026 1259 276 96 saadant
2344 1257 318 105 offentlig,
2720 1284 132 74 paa
2894 1269 102 76 det

1312 1383 74 76 de
1428 1384 230 76 derved
1708 1380 206 80 kunde
1966 1380 166 92 sætte
2196 1385 94 94 sig
2348 1381 114 80 udi
2518 1402 116 72 nye
2694 1382 222 84 Credit
2970 1385 22 78 i

1310 1499 298 84 Skoven
1626 1552 24 46 ,
1724 1524 78 74 og
1848 1500 164 84 bilde
2056 1507 74 76 de
2168 1505 202 76 andre
2408 1499 174 97 Dyr
2624 1506 150 92 ind,
2812 1520 70 64 at
2924 1509 72 76 de

1309 1637 158 62 vare
1532 1617 115 96 saa
1725 1622 364 96 uffyldige,
2169 1637 72 64 at
2298 1625 73 76 de
2429 1628 178 76 torde
2665 1642 334 78 provocere

1309 1743 314 86 Beveren
1663 1760 72 66 at
1775 1744 218 96 beviise
2037 1751 140 76 dem
2219 1749 194 78 andet
2455 1762 168 66 over.

1525 1977 174 87 Men
1761 1986 86 76 da
1913 1976 212 84 Løven
2197 1981 257 93 havde,
2553 1976 102 98 for
2717 1996 72 64 at
2851 1976 144 98 faae

1302 2103 426 82 Misordener
1768 2107 364 91 opdagede,
2190 2109 168 76 ladet
2412 2120 152 64 over
2610 2104 158 92 heele
2800 2104 164 87 Sko-

1304 2247 122 60 ven
1466 2223 500 99 bekjendtgiøre,
2006 2243 72 62 at
2122 2231 102 74 det
2258 2225 202 96 ffulde
2506 2246 166 62 være
2710 2246 58 64 et
2810 2228 182 98 hvert

1302 2349 176 96 Dyr
1522 2351 212 79 tilladt
1778 2366 70 62 at
1890 2347 366 82 aabenbare
2296 2349 400 99 Misbruge,
2738 2372 82 76 og
2860 2361 130 94 alt,

1310 2467 175 86 hvad
1532 2466 233 92 enhver
1810 2472 209 76 troede
2062 2485 69 62 at
2174 2485 167 60 være
2363 2468 307 95 skadeligt
2710 2468 149 96 efter
2898 2473 91 96 sin

1303 2584 520 98 Samvittighed
1863 2584 134 92 (thi
2037 2583 288 98 Dyrene
2367 2585 162 96 have
2565 2608 80 74 vg
2671 2588 294 84 Samvit-

1301 2711 254 96 tighed,
1621 2716 184 88 langt
1843 2708 216 92 fiinere
2099 2715 120 76 end
2267 2730 234 78 mange
2543 2708 444 101 Menneffers)

1303 2857 82 74 og
1425 2824 520 103 saadant-endog
1743 2838 204 90 endog
1987 2839 170 76 uden
2201 2833 300 84 Stands
2543 2856 82 76 og
2667 2832 314 88 Embedes

1296 2947 284 98 Anseelse
1632 2966 70 64 at
1748 2942 475 105 tilkjendegive-;
2328 2951 184 86 Saa
2552 2972 120 62 var
2712 2954 270 83 Ulvenes

1298 3071 238 96 Anlæg
1582 3090 80 76 og
1698 3068 380 100 Procedure
2120 3075 18 78 i
2178 3075 92 94 sig
2312 3071 124 94 selv
2478 3074 122 80 ikke
2640 3080 188 74 andet
2864 3079 116 78 end

1294 3211 80 58 en
1388 3188 394 101 Forgribelse
1822 3192 176 80 imod
2028 3191 254 86 Løvens
2326 3189 314 102 offentlige
2666 3189 320 98 Tilladelse

1298 3333 81 76 og
1420 3309 193 96 sande
1652 3310 335 100 Meening.

2819 3568 168 89 Den
