3358 4803
1501 561 55 94 8

2647 550 79 78 ty

1500 748 192 84 noget
1726 746 70 68 at
1830 727 254 98 udføre.
2236 730 272 99 Ligesom
2544 754 88 60 nu
2668 744 162 71 dekte
2858 753 64 64 er
2944 735 245 107 Aarsag

1499 869 26 80 i
1553 882 58 64 et
1659 866 104 96 flet
1797 862 148 85 Aar
1991 867 72 79 til
2103 868 294 94 excessive
2427 865 260 100 Priser,
2745 870 108 91 faa
2881 893 60 58 er
2977 883 98 71 det
3107 884 56 72 al-

1501 999 95 80 tid
1647 996 259 101 Aarsag
1953 1007 205 89 endog
2209 1002 21 76 i
2279 1008 101 73 det
2423 1004 445 96 overflødigste!
2899 1005 177 97 Aar,
3129 1024 69 68 at

1502 1129 390 101 Fødevahre
1932 1141 124 89 dog
2102 1132 200 85 bliver
2343 1114 107 126 for-«
2498 1137 140 91 hoie
2674 1140 18 76 i
2724 1136 276 101 Prisen,
3066 1146 86 90 thi
3180 1134 22 76 i

1500 1271 159 89 dyre
1688 1264 145 86 Aar
1866 1265 329 100 formaaer
2230 1268 125 81 kun
2384 1291 73 58 en
2508 1269 145 99 Rig
2688 1280 135 73 eller
2846 1273 327 96 Formuen-

1505 1409 76 72 de
1607 1416 70 66 at
1707 1402 178 81 kiobe
1921 1421 200 79 meget
2149 1402 194 83 Korn
2375 1407 70 78 til
2477 1405 458 94 Brændeviin,
3001 1431 142 61 men
3181 1412 24 80 i

1509 1521 75 92 de
1627 1540 157 88 gode
1827 1533 149 84 Aar
2027 1537 215 81 kiøber
2288 1537 194 98 vgsaa
2527 1548 117 72 den
2691 1538 359 101 Fattigere,
3118 1568 84 74 og

1506 1673 122 77 alle
1658 1668 288 85 brænder
1996 1669 468 96 Brændeviin,
2516 1670 204 91 saa-at
2650 1690 70 64 at
2758 1694 158 61 man
2950 1673 230 108 ikke-let-

1505 1804 149 95 telig

3104 1684 76 76 let-

1505 1806 150 94 relig
1685 1804 126 80 kan
1835 1821 184 66 vente
2051 1820 74 66 at
2157 1814 86 86 see
2289 1805 398 97 Kornvahre
2719 1808 18 78 i
2775 1809 176 96 ringe
2979 1800 201 107 Priis-

1502 1938 348 109 entenkudi.
1503 1954 184 65 enten
1723 1939 112 80 udi
1877 1939 456 86 Dannemark
2377 1945 138 76 eller
2561 1938 258 99 Norge,
2855 1941 104 94 saa
3007 1954 196 90 længe

1506 2075 170 79 dette
1702 2072 218 99 Brug
1954 2087 332 69 vedvarer.
2392 2071 158 88 Det
2578 2094 64 58 er
2676 2076 208 97 sandt,
2924 2097 70 62 at
3010 2078 174 100 Ager-

1502 2206 395 97 dyrkningen
1938 2220 343 84 modtager
2314 2207 425 98 Forbedring,
2794 2229 141 60 men
2954 2195 268 122 Barn-;

1833 2339 422 86 Brænderiet
2319 2349 334 89 modtager
2707 2366 82 75 og
2847 2345 364 97 Udvidelse;

1505 2477 75 90 ja
1643 2480 121 72 der
1809 2475 139 78 kan
1997 2475 515 94 indskrænkes,
2563 2478 87 78 vil
2679 2496 157 61 man
2869 2481 145 92 sige,
3067 2498 141 60 men

1504 2607 376 96 hvorledes,
1930 2615 120 73 ved
2104 2630 78 60 en
2230 2610 212 92 høiere
2490 2607 490 100 Consumtivn;
3068 2632 138 60 men

1506 2751 113 71 der
1656 2748 121 76 ved
1819 2741 282 98 ophorer
2148 2752 99 72 det
2295 2743 254 99 aldrig;
2596 2750 157 72 dette
2783 2739 145 101 giør
2962 2741 261 99 Bræm,

1505 2876 278 78 deviinet
1823 2885 216 84 dyrere
2071 2878 100 94 for
2201 2886 168 87 dem,
2423 2875 134 94 som
2591 2876 120 94 stal
2743 2877 206 80 drikke
2985 2899 78 77 og
3085 2878 94 80 kis-

1506 3011 78 78 be
1614 3018 140 90 det;
1808 3031 144 60 men
1984 3021 106 71 der
2128 3024 118 68 ved
2276 3011 454 96 indffrænkkes
2760 3019 100 74 det
2890 3009 162 101 ikke;
3102 3020 104 74 der

1504 3161 68 61 er
1626 3144 212 97 aldrig
1896 3147 196 78 betalt
2144 3148 112 90 saa
2302 3163 198 80 meget
2542 3146 102 96 for
2698 3156 118 69 ben
2864 3143 236 99 Frihed
3138 3158 68 70 at

1505 3279 254 79 brænde
1787 3276 438 87 Brændeviin
2257 3282 18 78 i
2311 3278 496 97 Dannemark,
2853 3301 82 72 og
2965 3296 72 64 at
3067 3278 138 96 selge

1505 3415 125 85 det,
1695 3410 129 94 som
1869 3433 131 78 nu;
2079 3434 147 60 men
2271 3422 103 79 det
2421 3415 119 90 har
2573 3412 209 99 aldrig
2817 3427 191 68 været
3041 3430 141 62 over-

1504 3541 306 99 siodigere
1844 3557 116 72 end
2000 3567 120 61 nu.

3080 3676 125 106 Ja
