3141 4637
8 4529 66 35 .f-,

447 733 112 90 Til
617 733 204 94 altfaa
877 749 70 64 at
985 739 262 78 dømme
1289 727 318 104 retfærdig
1647 735 114 80 ndi
1801 735 108 90 saa

219 851 306 100 dubieuxe
565 853 444 98 Qvæstivner,
1053 851 286 96 behøves
1377 877 72 60 en
1475 855 432 102 Salomonisk

225 975 358 86 Viisdom.

729 1087 304 82 Ellevte
1077 1079 322 86 Artikel.

324 1206 268 89 Naade-:
635 1227 64 62 er
737 1201 152 102 efter
933 1203 238 98 samme

435 1333 470 96 »bemyndiget
945 1347 70 64 at
1057 1331 328 94 mulctere,
1431 1327 358 100 suspendere
1829 1357 82 76 og

435 1447 290 102 »cassere
767 1453 120 78 alle
933 1455 74 78 de
1047 1449 370 84 Betiemere
1453 1455 132 90 som
1611 1455 302 96 bestikkes

435 1621 42 34 »
501 1567 78 100 af
594 1566 294 93 Maader
975 1589 174 64 naar
1191 1579 72 74 de
1299 1575 180 96 stulle
1519 1571 186 100 forsee
1731 1581 180 94 sig.,,

437 1691 200 100 Disse
693 1689 368 90 Betientere
1117 1695 162 90 have
1333 1697 204 92 altsaa
1593 1719 74 60 en
1711 1721 204 76 meget

219 1819 216 94 ssibrig
477 1811 198 106 Post,
715 1817 22 76 i
777 1813 114 94 sær
931 1811 134 96 som
1107 1821 100 74 det
1247 1813 210 102 synes,
1503 1835 70 64 at
1599 1817 314 86 Raadets

217 1940 478 104 Beslutninger-
729 1957 94 60 ere
871 1941 170 76 uden
1081 1935 248 100 Appel,
1397 1961 78 76 og
1513 1937 398 90 Øretudene

217 2061 288 106 maaskee-
565 2063 186 96 tillige
807 2055 122 84 kan
969 2057 162 82 bllve
1173 2057 203 96 anseer
1415 2063 102 92 for
1557 2071 162 88 gode
1763 2066 117 95 Be-

217 2184 446 97 svi·isngheder·s-
713 2175 228 96 confer.
997 2175 318 100 Bogstav
1361 2183 90 96 (c)
1497 2181 106 94 her
1643 2181 212 98 foran.

431 2303 160 88 Det
645 2295 426 104 paafølgende
1129 2303 20 76 i
1203 2299 704 100 Stad-Reglementet

225 2445 96 62 ere
361 2421 332 102 Extracter
735 2419 76 96 af
843 2419 232 100 forrige
1115 2421 494 100 Anordninger,
1647 2427 260 96 beqvem

223 2565 82 76 og
361 2547 308 92 ordentlig
733 2541 262 96 samlet,
1049 2543 72 80 til
1181 2539 392 100 Oplysning
1611 2541 104 100 for
1759 2551 118 76 ved-

221 2671 388 80 kommende.

435 2785 124 102 Og
603 2785 202 96 altsaa
847 2791 216 92 flutter
1107 2785 96 98 jeg
1245 2787 252 98 hermed
1537 2793 168 82 mine
1763 2789 116 86 Be-

225 2907 426 100 tænkninger,
709 2909 192 96 hvilke
939 2909 96 94 jeg
1079 2911 238 94 haaber
1365 2921 272 86 optages
1679 2911 230 96 ligeså«

221 3031 354 104 patriotiste
617 3023 132 98 som
799 3035 70 72 de
895 3049 92 58 ere
1015 3049 248 60 meente.
1312 3028 231 104 Ere-de
1473 3039 70 72 de
1573 3031 118 80 ikke
1721 3027 158 98 frem-

219 3151 168 102 førte
429 3175 130 74 paa
615 3157 118 74 den
779 3143 354 102 forønstede
1159 3159 136 74 eller
1323 3155 356 94 behagelige
1701 3157 178 80 Maa-

231 3287 96 88 de,
367 3277 134 94 som
541 3281 74 74 de
649 3273 204 84 burde
893 3293 188 78 være,
1125 3275 120 80 bor
1287 3271 276 96 saadant
1599 3285 282 90 pardone-

221 3413 108 68 res
369 3401 154 92 mig,
563 3391 134 98 som
739 3395 18 78 i
803 3399 138 76 min
1005 3395 394 98 Borgerlige
1441 3395 464 104 Haandtering

215 3505 190 92 ikkun
471 3519 116 84 har
631 3515 158 94 havt
845 3521 164 78 liden
1053 3515 362 98 Leylighed,
1477 3533 70 64 at
1599 3533 122 66 øve
1773 3521 132 94 mig

213 3651 186 66 enten
437 3637 114 86 udi
583 3633 278 104 Pennen
907 3641 138 82 eller
1087 3637 744 102 Sprog-Videnstabet.
