2973 4531
1230 447 80 66 30

1339 608 166 85 Det
1547 594 282 94 fornøier
1883 597 131 100 mig
2069 612 74 68 at
2191 603 120 78 den
2361 594 454 97 Grandsynedr

1142 718 226 87 Argus
1416 699 88 84 vil
1552 716 78 76 Og
1678 697 160 96 have
1882 702 72 75 de
2006 696 204 98 flakke
2248 693 290 85 Strand
2560 724 24 38 -
2600 694 216 84 Kame

1145 809 168 94 gjort
1347 806 70 78 til
1449 810 134 71 tørt
1620 794 181 84 Land
1828 794 69 94 ja
1927 795 70 80 til
2045 795 246 98 nyttige
2334 792 225 97 Jorde
2609 799 114 76 ved
2755 810 62 64 at

1139 899 189 98 staffe
1341 899 235 98 Plads
1607 896 67 78 til
1691 893 775 86 Gade-Renovationen.
2573 888 93 83 Et
2697 901 97 80 her-

1144 1002 115 93 ligt
1282 995 297 101 Indfald
1608 1014 79 75 og
1718 995 117 94 har
1856 990 97 97 jeg
1984 993 19 78 i
2036 1004 237 83 mange
2308 988 145 84 Aar
2482 986 211 98 ønstet
2726 997 97 75 det

1139 1096 289 96 samme,
1485 1093 162 96 hvor
1683 1093 140 78 ville
1857 1094 146 76 dets
2039 1085 440 101 Iverksettelse
2503 1108 79 74 og
2629 1086 169 97 Fuld-

1144 1194 212 95 førelse
1394 1193 218 93 bringe
1644 1210 74 59 en
1760 1191 122 93 stor
1928 1185 218 93 Nytte
2180 1190 146 76 med
2354 1186 128 93 sig,
2538 1184 100 94 for
2678 1203 150 63 vore

1146 1291 547 94 Efterkommere,
1747 1305 154 61 vore
1952 1272 331 111 Forsædre
2328 1284 117 92 har
2482 1281 65 92 jo
2586 1282 19 78 i
2647 1289 180 76 deres

1143 1392 133 87 Tid
1311 1390 169 96 giort
1515 1393 103 75 det
1643 1384 281 93 samme,
1979 1382 95 92 thi
2095 1388 181 72 ellers
2303 1378 207 94 havde
2532 1379 266 95 Kinden-

1145 1489 177 96 havn
1354 1488 51 78 ei
1440 1498 199 67 været
1668 1478 108 97 saa
1808 1484 125 92 stor
1960 1485 141 74 eller
2140 1475 143 96 haft
2310 1474 109 92 faa
2448 1492 203 80 meget
2684 1492 117 76 nyt-

1145 1590 91 93 tig
1261 1585 181 83 Land
1475 1597 85 66 tet
1597 1598 106 59 om
1751 1583 131 91 sig,
1933 1577 70 94 ja
2043 1571 548 104 Christianshavn
2621 1574 202 93 havde

1146 1693 102 72 vel
1304 1701 200 77 neppe
1556 1693 194 65 været
1794 1678 104 94 til;
1980 1671 172 83 Men
2210 1673 106 94 her
2362 1675 226 75 møder
2634 1676 190 75 dette:

1143 1779 510 100 Indhegninger
1690 1773 197 95 koster
1922 1771 271 98 Penge,
2248 1775 101 75 det
2381 1787 62 58 er
2478 1767 227 98 sandt,
2732 1765 97 97 for

1139 1882 161 78 intet
1329 1874 181 96 faaer
1549 1886 159 64 man
1735 1873 201 90 intet,
1991 1883 147 63 men
2183 1873 105 76 det
2319 1884 151 61 vore
2503 1861 325 101 Forsædre

1136 1981 201 93 gjorte
1376 1974 139 78 blev
1556 1970 65 92 jo
1676 1969 199 81 betalt
1922 1985 79 76 og
2050 1964 65 78 vi
2162 1965 121 94 har
2322 1962 263 95 Nytten
2614 1956 213 102 deraf,

1139 2079 109 75 lad
1279 2080 77 68 os
1399 2072 227 79 derved
1659 2071 388 88 opmttmres
2075 2078 72 62 at
2183 2064 190 76 træde
2407 2061 18 76 i
2457 2067 180 72 deres
2657 2059 145 96 Fod-

1138 2170 182 97 spor,
1374 2172 106 76 lad
1526 2174 78 68 os
1658 2169 202 87 endog
1910 2178 160 77 gaae
2128 2159 210 82 videre
2384 2161 124 76 end
2552 2154 110 97 de,
2720 2161 108 79 lad

1143 2279 82 69 os
1289 2266 54 78 ei
1399 2269 198 74 allene
1659 2263 66 76 til
1766 2253 515 98 Landssvrbedre
2320 2252 507 85 Renovationen

1141 2371 121 76 ved
1311 2380 71 62 at
1429 2353 275 102 formere
1731 2353 381 99 Vognenes
2147 2352 161 89 Tall
2345 2357 149 76 med
2525 2350 299 96 Kurver,

1140 2482 149 61 men
1330 2466 119 75 end
1478 2473 79 81 og
1596 2460 69 76 til
1704 2453 273 83 Vands
2024 2450 155 94 stille
2224 2463 79 66 vs
2358 2453 123 74 ved
2522 2454 121 73 den
2686 2456 141 76 med

1143 2559 183 83 dertil
1359 2558 349 81 indrettede
1745 2551 351 97 Pramme.
2225 2539 208 97 Tænk
2465 2544 126 80 ikke
2619 2561 75 64 at
2717 2545 99 97 jeg

1138 2654 106 98 fra
1288 2663 102 73 det
1414 2655 178 96 sidste
1628 2645 84 86 vil
1738 2650 254 91 udkaste
2046 2654 102 76 det
2178 2667 134 74 paa
2364 2644 328 91 halvveien
2728 2665 72 58 en-

1143 2770 108 66 ten
1283 2770 72 62 at
1384 2748 163 101 kaste
1589 2756 102 74 det
1718 2749 21 78 i
1774 2747 341 91 Canälen,
2173 2765 132 72 paa
2340 2740 271 83 Reeden
2685 2749 138 72 eller

1139 2854 23 80 i
1201 2845 321 100 Renden,
1575 2846 233 80 bevare
1849 2843 131 94 mig
2015 2841 177 83 Gud
2233 2837 105 98 fra
2379 2846 101 73 det
2519 2837 307 97 Forstag!

1138 2954 109 80 det
1280 2966 123 62 var
1464 2969 75 58 en
1574 2948 113 92 stet
1730 2939 509 100 Patticrciftmtjsaf
2298 2952 73 66 at
2416 2935 139 79 ville
2600 2934 221 96 betage

1139 3059 199 69 vores
1401 3041 177 84 klære
1613 3042 211 83 Stad
1869 3044 123 73 ben
2023 3039 159 93 beste
2217 3030 412 99 Næringsvei
2687 3029 139 96 font

1140 3160 66 64 er
1272 3141 375 98 Seilatzen,
1704 3159 76 74 og
1828 3144 100 74 det
1954 3135 144 79 ville
2140 3131 215 98 ganske
2394 3131 116 94 vist
2558 3122 160 86 blive
2748 3146 76 64 en

1141 3240 208 99 Følge
1389 3239 188 93 deraf
1603 3260 106 58 om
1747 3236 140 96 fligt
1918 3225 147 86 kom
2096 3232 19 78 i
2152 3230 251 94 Brug,
2463 3226 90 98 thi
2587 3242 108 63 om
2723 3233 102 75 det

1139 3343 123 76 end
1304 3359 78 73 og
1418 3333 336 101 udkastesi
1789 3333 281 81 Renden
2123 3328 131 91 som
2287 3324 371 95 erDwbet,
2715 3323 109 92 faa

1138 3435 145 82 ville
1310 3442 105 78 det
1444 3443 129 89 dog
1608 3434 69 82 til
1724 3434 147 97 sidst
1916 3427 163 82 blive
2122 3421 289 100 opfyldt,
2466 3429 143 73 eller
2654 3423 21 76 i
2714 3427 105 77 det

1349 3562 14 10 -
2517 3520 208 85 Mind-
