3201 4637
1311 569 46 78 8

1321 757 298 92 overlagt
1659 749 384 102 Politiqve;
2115 771 146 62 men
2301 767 70 66 at
2413 755 120 80 den
2573 755 254 98 flittige,
2885 765 116 80 den

1315 901 394 96 forstandige
1751 919 80 76 og
1873 897 260 96 sociable
2177 897 318 100 Brygger
2533 901 120 82 ikke
2697 880 133 119 skal
2851 903 152 84 kun»

1317 1053 84 78 de
1459 1045 266 98 fortjene
1763 1065 198 62 meere
2003 1053 120 78 end
2163 1051 120 80 den
2321 1051 180 92 lade,
2559 1053 120 78 den
2723 1049 292 100 raassede,

1325 1199 126 78 den
1501 1195 174 98 stolte
1721 1215 82 76 og
1841 1193 524 98 uomgjængelige
2403 1191 340 104 Brygger,
2783 1217 64 62 er
2875 1197 112 94 san-

1327 1343 166 96 delig
1537 1341 366 80 aabenbare
1941 1341 312 96 stridende
2289 1341 180 80 imod
2511 1347 114 74 alle
2645 1341 374 84 Nationers

1321 1493 322 92 vedtagen
1683 1485 266 86 Natur-
1975 1507 80 76 og
2083 1485 382 100 Folke-Ret,
2511 1507 80 76 og
2619 1485 252 100 følgelig
2893 1489 128 80 kan

1325 1641 168 78 dette
1531 1633 262 98 utiidige
1831 1633 224 100 Foster
2093 1633 124 80 ikke
2259 1635 162 88 have
2459 1639 194 78 andet
2677 1639 118 76 end
2819 1651 166 64 vran-

1327 1803 78 76 ge
1447 1781 494 100 Fortolkninger
1983 1781 72 82 til
2093 1779 220 102 Fader
2337 1801 84 78 og
2447 1779 412 102 interesserede
2883 1779 100 102 Fo-

1327 1931 370 96 restillinger
1741 1929 72 80 til
1859 1927 272 84 Moder.

1541 2143 160 90 Det
1767 2165 66 62 er
1921 2149 228 76 alleene
2219 2143 582 100 Interessenternes
2869 2163 150 76 egen

1329 2291 286 98 Skyld,
1675 2307 72 66 at
1805 2297 74 76 de
1941 2289 166 98 have
2145 2285 174 98 faaet
2359 2311 206 76 nogen
2607 2289 390 100 Indskrænk-

1321 2439 204 96 ning,
1595 2435 222 102 efterdi
1891 2441 188 92 nogle
2145 2433 80 100 af
2291 2441 148 80 dem
2499 2437 220 96 gjorde
2775 2441 104 80 det
2931 2437 94 82 alt

1327 2581 110 102 for
1475 2587 158 96 galt.

1555 2825 304 94 Dersom
1903 2823 446 98 Bryggernes
2397 2821 412 102 Regnskaber
2851 2821 172 82 bleve

1327 2969 342 100 ftemlagre
1709 2969 104 100 for
1863 2993 78 60 en
1985 2969 478 102 Commission,
2505 2971 200 96 ffulde
2725 2973 100 78 det
2851 2971 170 76 uden

1325 3117 167 91 Tolk
1565 3117 288 100 erfares,
1945 3135 72 66 at
2087 3117 384 98 Ligningens
2525 3115 496 100 Indretninger,

1327 3261 374 100 Bestyrelse
1743 3287 82 76 og
1869 3263 500 100 Vedvarenhed
2411 3265 192 92 haver
2637 3261 190 96 kostet
2859 3257 134 84 Lau-

1329 3425 146 80 get,
1533 3413 116 82 udi
1715 3419 76 76 de
1855 3437 82 70 31
1989 3433 134 74 paa
2171 3431 152 76 32te
2361 3411 140 86 Aar
2541 3409 240 92 samme
2821 3405 198 100 haver
