3085 4554
644 1418 121 92 har
806 1419 69 80 til
908 1422 115 76 alle
1044 1416 201 91 Tider
1284 1426 127 90 hos
1454 1427 73 76 de
1554 1424 379 98 Retsindige

597 1534 204 63 værer
827 1539 74 54 en
939 1516 264 97 forhadt
1229 1520 202 99 Sag,
1469 1541 72 62 at
1579 1546 76 60 en
1693 1543 208 62 utræn-

597 1622 197 88 gende
811 1615 279 95 Betjent
1130 1621 180 92 gives
1350 1631 226 72 tvende
1614 1630 138 74 eller
1787 1629 145 92 flere

192 1711 324 86 Embeder
552 1735 138 73 paa
732 1736 289 76 engang,
1068 1741 77 72 og
1190 1738 71 62 at
1308 1727 283 77 derimod
1634 1744 73 57 en
1744 1741 157 62 træn-

193 1818 198 89 gende
445 1835 78 74 og
581 1812 180 98 oftest
817 1815 236 97 klogere
1097 1817 376 88 Solicitant
1529 1842 186 62 maae
1769 1840 162 77 gaae

191 1911 327 98 hjelpeløs.

402 2048 199 99 Intet
660 2072 63 58 er
780 2071 197 61 meere
1032 2055 429 96 almindeligt,
1526 2062 117 76 end
1698 2073 71 64 at
1810 2061 123 77 den

195 2147 402 96 Trængende
635 2148 204 92 sættes
875 2151 70 80 til
969 2150 228 97 Side,
1238 2176 79 72 og
1357 2173 70 62 at
1463 2161 142 85 den,
1643 2156 132 90 som
1813 2159 120 84 har

193 2248 159 94 nok,
391 2245 127 97 skal
563 2256 211 75 endnu
817 2253 163 88 have
1025 2272 231 76 meere;
1331 2254 185 81 Man
1557 2256 201 81 kunde
1799 2261 107 77 der-

196 2347 104 96 for
344 2349 219 92 lettelig
608 2344 168 94 falde
816 2371 134 74 paa
990 2356 76 76 de
1108 2349 297 100 Tanker,
1466 2373 68 60 at
1572 2354 120 78 ikke
1730 2355 180 81 Meri-

203 2463 116 77 ter,
357 2466 146 59 men
545 2445 266 99 Penge,
855 2447 134 92 som
1033 2450 330 97 behændig
1405 2458 382 93 appliceres,
1839 2455 72 81 be-

197 2541 253 98 fordrer
489 2543 359 92 saadannes
887 2547 203 93 Lykke.

418 2676 149 85 Gid
612 2684 221 75 alleene
872 2682 143 98 disse
1054 2684 195 83 Linier
1302 2707 133 73 paa
1476 2693 75 74 de
1590 2686 353 104 fornuftige

205 2777 304 99 Fattiges
555 2775 246 97 Vegne
859 2781 202 81 kunde
1119 2785 160 77 blive
1327 2789 274 93 værdige
1655 2811 70 58 at
1779 2800 170 86 nyde

207 2877 419 83 Monarkens
673 2873 289 94 Bifald!
1039 2880 341 85 Saadant
1417 2889 165 79 vilde
1623 2892 117 87 vist
1783 2889 143 81 kom-

208 2999 100 59 me
348 2984 74 72 de
460 2975 402 95 Trængende
908 2982 66 76 til
1018 2987 156 89 gode
1216 3005 77 79 og
1338 2982 328 99 forhindre
1702 2989 223 97 Fattig-

209 3083 342 76 dommens
611 3076 276 97 hyppige
927 3078 414 98 Formeerelse
1397 3087 116 80 udi
1553 3092 120 74 alle
1709 3087 216 86 Stæn-

211 3181 127 78 der.

424 3308 159 89 Det
624 3332 63 60 er
730 3332 73 63 en
842 3311 397 101 ubestridelig
1278 3314 393 102 Sandhed,
1708 3337 73 66 at
1822 3327 109 77 der-

217 3407 136 96 som
411 3416 74 75 de
533 3433 232 75 mange
809 3413 290 81 dobbelte
1157 3413 320 84 Embeder
1517 3421 172 81 bleve
1747 3427 214 93 beelte,

221 3509 203 81 kunde
459 3515 171 90 fleere
667 3512 307 98 Familier
1011 3515 473 92 underholdes;
1555 3518 299 93 Dersom
1879 3536 87 66 De

222 3605 260 103 Fattige
542 3631 82 75 og
672 3610 408 98 Trængende
1152 3613 172 83 bleve
1390 3615 360 96 befordrede
1800 3619 166 98 frem

995 3710 68 87 A
1099 3737 44 54 2
1865 3718 106 96 for
