3000 4546
1145 310 96 68 84

1140 495 148 91 den,
1334 483 426 97 Reenlighed,
1808 479 488 100 Skikkelighed,
2340 501 80 78 og
2458 481 192 103 Fred,
2692 488 136 99 hen»

1146 617 219 95 hører,
1406 609 125 96 har
1558 603 495 99 Commissairen
2095 627 82 74 og
2206 602 357 99 Betjenten
2597 626 70 64 at
2698 614 103 77 ind-

1143 739 187 97 hente
1393 727 411 99 fuldstændig
1865 728 525 100 Underretning,
2467 749 81 77 og
2605 726 221 102 samme

1140 874 140 80 paa
1316 848 400 101 Rapporten
1752 865 70 68 at
1860 846 246 100 anføre.

1933 1074 110 72 33.

1358 1199 326 86 Kommer
1726 1220 208 78 nogen
1974 1196 490 97 afQuarteeret
2508 1222 82 76 og
2628 1205 170 98 requi-

1137 1346 172 62 rerer
1363 1324 536 99 Commissairens
1943 1322 246 99 Hielp,
2253 1326 22 78 i
2339 1324 370 99 Henseende
2759 1333 70 82 til

1137 1445 453 97 Klammerte,
1649 1449 141 76 eller
1843 1444 255 93 deflige,
2163 1447 87 75 da
2311 1442 119 98 har
2489 1449 131 92 han
2661 1432 168 109 srax

1132 1582 78 66 at
1248 1569 330 94 assistere,
1648 1585 82 74 og
1792 1583 108 60 om
1958 1564 132 88 han
2132 1559 124 82 ikke
2310 1566 22 74 i
2384 1561 440 99 Mindelighed

1129 1689 176 79 kand
1337 1685 154 96 stille
1531 1688 72 76 de
1621 1682 318 96 Stridige
1981 1683 110 92 ad,
2137 1678 318 96 anholdes
2497 1685 74 76 de
2611 1684 20 78 i
2671 1703 128 64 nær-

1129 1812 189 94 meste
1363 1803 233 99 Vagt.
1697 1803 71 104 I
1811 1808 201 74 andre
2053 1797 483 104 Tvistigheder,
2581 1802 241 96 saasom

1128 1929 274 83 imellem
1456 1928 418 100 Hosbonder
1940 1944 81 74 og
2082 1919 307 100 Tyende,
2454 1929 140 79 eller
2634 1933 187 82 andet

1127 2056 264 94 deflige,
1439 2055 122 94 har
1605 2052 134 90 han
1777 2049 210 96 strax,
2039 2061 168 62 naar
2253 2042 176 98 hans
2471 2043 352 101 Assistence

1123 2179 381 96 forlanges,
1558 2178 144 76 med
1745 2168 357 92 Betjenten
2146 2183 70 63 at
2270 2186 170 61 være
2477 2165 345 104 følgagtig,

1118 2308 367 76 underrette
1524 2302 93 94 sig
1664 2315 109 62 om
1810 2289 647 97 Sammenhængen,
2496 2311 83 79 og
2622 2297 203 90 megle

1118 2443 62 63 et
1223 2425 228 99 Forlig
1511 2422 268 82 imellem
1821 2415 366 101 Parterne,
2251 2430 110 62 om
2417 2418 402 88 nogenlunde

1118 2546 268 95 mueligt
1426 2563 88 73 er,
1558 2562 80 76 og
1668 2539 154 100 hvis
1862 2542 100 76 det
1999 2531 125 83 ikke
2149 2533 169 82 kand
2359 2532 145 95 stee,
2550 2534 86 76 da
2677 2530 115 98 hen-

1116 2664 127 92 vise
1280 2670 147 78 dem
1464 2665 75 80 til
1578 2654 685 110 Politie-Kammeret.
2406 2647 71 104 I
2526 2654 119 80 alle
2684 2648 133 97 Pst

1113 2783 188 101 fælde
1343 2789 244 79 meldes
1627 2786 106 78 det
1771 2799 134 80 paa
1947 2774 420 101 Rapporten.

1930 3000 113 76 340
