3072 4637
1749 616 112 88 39

385 783 68 100 I
477 783 368 102 Henseende
879 786 70 78 kil
975 782 632 95 Subscribemernes
1629 786 200 98 Skry-

171 892 206 109 derie,
437 919 70 64 at
567 909 74 74 de
683 904 166 88 have
901 920 174 76 raget
1131 907 134 92 mig
1305 909 208 78 under

174 1024 212 88 havde
438 1027 96 90 jeg
580 1027 98 77 vel
734 1016 276 100 foresadt
1050 1025 132 94 mig
1236 1027 114 78 udi
1396 1031 198 75 denne

172 1158 118 74 qve
330 1157 68 64 at
454 1137 242 99 oplyse,
754 1158 70 62 at
882 1144 102 76 det
1026 1140 256 97 virkelig
1320 1141 122 80 ikke

174 1277 94 62 rer
310 1257 102 98 for
456 1275 70 64 ar
572 1257 284 97 ophielpe
898 1260 172 96 mig,
1114 1279 184 80 men,

156 1380 133 98 Har
330 1385 265 90 melder,
644 1381 249 95 snarere
938 1378 103 98 for
1084 1396 173 67 reent
1298 1399 71 64 ar
1412 1385 269 95 udstede

163 1496 80 99 af
291 1505 182 76 deres
515 1497 344 101 Societet;
937 1500 212 97 Men,
1215 1507 86 76 da
1351 1501 98 98 jeg
1505 1507 178 81 imod

163 1619 294 104 Forsæt,
501 1621 152 100 efter
697 1626 182 82 dertil
919 1626 186 96 given
1149 1623 418 102 Anledning,
1625 1650 66 62 er

163 1762 124 63 ven
343 1739 330 99 vidtløftig
725 1744 22 78 i
803 1748 104 78 det
963 1742 496 100 Foregaaende;
1525 1729 182 101 Saa
1763 1752 96 80 vil

167 1866 97 97 jeg
329 1863 179 96 spare
567 1867 199 75 denne
821 1862 433 97 Oplysning,
1321 1865 183 82 indril
1561 1868 99 96 jeg

164 1984 192 101 første
398 1987 198 94 haver
636 1989 120 77 den
780 1986 214 94 Mre,
1034 1982 124 82 ikke
1202 1983 154 96 efter

162 2115 212 74 rernes
414 2102 418 97 spidsfindige
870 2098 402 92 Talemaade
1310 2121 70 62 at
1424 2113 146 75 med

160 2246 66 60 re
246 2277 19 46 ,
308 2243 146 60 men
492 2221 70 78 til
598 2217 394 99 Oplysning
1028 2238 72 63 at
1138 2213 314 108 insinuere

161 2368 76 56 en
289 2363 152 76 egen
503 2339 278 90 Tracrat
839 2348 258 88 derom,
1169 2343 280 96 hvorudi
1509 2345 98 99 jeg
1665 2352 190 96 tillige

163 2466 124 94 stal
351 2463 142 96 give
549 2462 314 96 grundige
927 2460 372 99 Aarsager,
1375 2460 316 100 hvorfore
1751 2472 100 96 jeg

161 2583 126 81 ikke
313 2579 198 98 haver
549 2592 264 80 antaget
851 2582 140 74 eller
1029 2583 146 76 med
1213 2601 208 72 nogen
1461 2588 130 87 god
1617 2580 204 84 Sam-

163 2700 309 97 vittighed
511 2697 125 80 kan
675 2716 235 76 antage
947 2704 143 74 eller
1133 2721 225 60 næsne

166 2841 172 67 terne
394 2819 104 98 for
568 2825 102 78 der
730 2826 74 74 de
857 2813 109 99 saa
1030 2822 344 97 høytidelig
1424 2829 238 93 udgive
1716 2830 94 96 sig

162 2943 278 100 Ligesom
482 2943 96 94 jeg
622 2961 82 77 og
750 2940 120 98 stal
916 2940 242 97 oplyse,
1220 2959 72 64 ar
1336 2949 118 74 den
1496 2967 92 59 nu
1630 2964 234 78 antag*

166 3092 74 59 ne
290 3063 424 90 Oldermand
770 3052 124 94 ikke
948 3068 200 93 lovlig
1208 3087 66 62 er
1334 3077 138 90 det,
1536 3072 136 94 som

170 3188 119 96 har
334 3181 323 94 Anseende
697 3178 80 96 af
809 3198 70 64 at
921 3202 182 62 være.

385 3379 128 90 De
575 3383 186 92 stutte
815 3388 182 76 deres
1059 3378 236 85 Norice
1361 3391 142 76 med
1559 3394 118 72 den
1719 3388 108 84 An-

165 3497 344 98 mærkning
527 3549 20 42 t
607 3515 72 63 at
733 3498 98 96 jeg
887 3498 122 80 ikke
1067 3500 202 91 haver
1325 3515 190 78 noget
1567 3520 72 66 ar
1683 3508 166 76 tabe,

159 3614 139 101 Jeg
340 3623 90 78 vil
479 3623 127 90 dog
647 3619 125 97 sige
817 3624 143 76 dem
1004 3636 94 64 tre
1139 3615 213 98 Bug,
1397 3617 135 96 som
1567 3620 99 96 jeg
1708 3628 120 74 end-

1764 3760 98 60 nu
