2956 4504
1220 424 80 65 18

1125 591 215 80 kunde
1383 589 105 77 det
1531 581 167 98 hvor
1733 582 107 79 det
1871 596 123 62 var
2029 577 261 98 glørligt
2327 575 103 97 for
2464 575 169 104 See
2663 578 131 99 Far-

1124 705 111 63 ten
1264 692 213 89 legges
1508 701 85 72 op
1620 679 177 80 imod
1830 676 419 95 Bolværker,
2304 676 181 82 indtil
2524 670 103 88 dét
2658 680 131 79 bort-

1123 787 262 78 kiortes.
1489 776 54 73 A
1557 801 160 72 rgus
1749 774 168 97 farer
1953 774 130 96 fort
2105 796 79 76 og
2207 773 86 82 vil
2323 792 72 62 ar
2417 780 110 75 der
2551 775 120 95 stal
2699 793 86 62 væ-

1120 903 68 60 re
1220 886 152 90 flere
1390 875 254 96 Vogne
1668 876 68 78 til
1754 873 558 96 Renovationen;
2364 870 164 85 Der
2550 894 64 58 er
2640 874 174 92 jandc

1121 991 264 85 Aigus,
1447 996 76 78 og
1548 983 103 87 jeg
1685 994 66 58 er
1785 967 76 96 af
1892 970 243 94 samme
2178 970 363 97 Meening,
2599 990 72 62 ar
2700 969 117 98 stal

1121 1077 325 85 Gaderne
1473 1091 165 61 være
1671 1090 179 77 rene,
1905 1090 157 58 maa
2089 1073 147 89 flere
2271 1067 261 98 Vogne
2569 1068 245 98 holdes,

1116 1173 121 97 ja,
1292 1195 111 60 om
1452 1178 105 76 det
1596 1189 125 59 var
1778 1185 59 64 er
1898 1167 257 83 dobbelt
2200 1164 211 83 Antal
2456 1163 109 92 faa
2612 1166 205 81 kunde

1113 1279 107 76 der
1255 1293 137 75 paa
1425 1268 145 97 visse
1595 1265 201 89 Tider
1839 1266 215 94 giøres
2085 1264 193 95 nødig
2313 1285 79 73 og
2425 1264 277 94 brugtes
2743 1269 75 76 de

1114 1371 131 80 ikke
1272 1377 123 74 alle
1434 1365 249 96 daglig,
1738 1362 112 91 saa
1882 1380 124 62 var
2042 1369 102 72 der
2178 1362 68 78 til
2288 1365 124 91 stor
2454 1359 218 95 Nytte
2710 1357 102 90 for

1115 1469 321 94 Bruget,
1493 1483 108 59 om
1621 1476 186 66 enten
1837 1465 120 75 den
2009 1459 184 92 halve
2223 1463 140 74 eller
2391 1457 192 78 tredie
2629 1456 186 85 Deel

1118 1567 218 81 kunde
1382 1561 256 97 udhvile
1687 1560 157 92 hver
1884 1562 214 75 anden
2150 1560 142 74 eller
2344 1555 190 80 tredie
2589 1552 225 100 Dag,

1117 1666 96 94 thi
1256 1668 105 78 der
1403 1682 156 60 maa
1595 1676 166 61 være
1805 1673 96 62 rer
1948 1670 57 62 et
2056 1651 199 97 Heste
2286 1651 309 93 Arbeide,
2651 1671 162 60 naar

1117 1762 169 98 Losse
1329 1754 327 105 Pladsene
1693 1776 65 58 er
1801 1750 263 114 —kMiile
1871 1751 195 81 Miile
2121 1756 125 74 ude
2285 1767 73 63 at
2407 1750 155 94 hver
2591 1746 221 97 Vogn

1114 1861 125 96 stal
1272 1858 167 81 klore
1470 1864 43 64 6
1542 1855 139 82 Læs
1734 1848 253 101 daglig,
2042 1845 129 94 fom
2206 1847 143 96 glor
2388 1870 35 70 3
2466 1845 163 82 Miil
2672 1851 141 75 med

1117 1959 145 84 Læs
1309 1979 79 74 og
1423 1978 37 70 z
1495 1950 161 81 Miil
1685 1957 145 74 med
1863 1965 143 61 tom
2041 1943 227 97 Vogn
2303 1945 157 95 hver
2497 1943 189 94 Dag
2713 1941 99 94 for

1112 2063 82 78 de
1224 2054 242 94 samme
1496 2048 218 97 Hefte.
1822 2045 176 79 Men
2030 2041 108 94 her
2174 2057 246 64 manne
2458 2061 79 74 og
2572 2041 240 79 tænkes

1109 2174 176 77 paa,
1341 2151 106 90 her
1489 2146 184 93 fulle
1703 2140 152 96 feies
1899 2138 148 94 efter
2075 2137 210 81 Klore
2319 2137 334 93 Karlene,
2699 2155 112 59 om

1106 2259 186 76 ellers
1331 2247 321 84 Gaderne
1704 2239 121 104 skal
1867 2240 163 78 blive
2072 2255 184 72 rene,
2314 2255 80 75 og
2431 2234 99 95 jeg
2561 2229 247 97 frygter

1102 2351 105 98 for
1265 2363 72 64 at
1400 2338 497 96 Kløbenhavns
1956 2353 179 76 pæne
2210 2330 321 99 Benniste
2598 2328 211 98 Piger

1101 2451 55 80 el
1225 2463 125 67 var
1421 2458 75 64 at
1577 2435 297 94 formaae
1953 2432 71 82 til
2083 2446 73 64 at
2245 2431 165 78 blive
2485 2429 323 95 bestandig

1102 2553 127 76 ved
1316 2547 185 78 deres
1546 2534 269 101 Feining
1888 2529 185 82 indtil
2114 2534 103 76 der
2284 2533 99 74 alt
2462 2545 127 60 var
2650 2545 131 74 paa-

1103 2645 189 97 læsset
1335 2645 199 76 allene
1565 2632 168 97 fordi
1761 2638 72 73 de
1868 2628 184 96 skulle
2095 2645 162 77 gaae
2295 2625 276 79 imellem
2599 2620 206 82 Klore

1104 2743 339 89 Karlene,
1496 2753 124 60 var
1658 2738 102 72 der
1802 2729 50 78 el
1906 2726 128 93 best
2078 2744 162 58 man
2288 2724 184 81 dertil
2506 2721 86 94 fik
2628 2725 178 90 nogle

1105 2839 344 102 Publiqve
1491 2832 212 97 Feiere
1741 2826 130 91 fom
1899 2824 100 95 jeg
2026 2819 107 94 før
2162 2820 121 96 har
2321 2826 122 86 tast
2473 2839 144 73 om,
2672 2816 133 91 som

1108 2961 86 73 og
1221 2926 217 92 kunde
1477 2930 193 95 hielpe
1703 2921 567 102 Paalæsningen,
2324 2939 146 57 men
2505 2921 73 74 de
2611 2912 195 97 koster

1102 3037 279 96 Penge;
1458 3028 183 97 Dog
1688 3041 169 63 troer
1886 3018 99 98 jeg
2014 3001 231 113 visselig
2272 3031 73 65 at
2380 3014 395 91 Vognmæn-

1101 3141 159 76 dene
1291 3133 51 78 ei
1369 3149 108 75 tog
1507 3132 95 91 sig
1645 3119 341 94 Klørselen
2021 3138 137 71 paa
2205 3119 167 72 uden
2401 3108 251 99 Feiere,
2709 3109 93 94 thi

1098 3251 115 58 om
1244 3228 99 97 jeg
1382 3230 259 78 mindes
1676 3238 95 64 ret
1808 3221 183 92 hørte
2016 3215 97 96 jeg
2150 3232 129 78 paa
2308 3215 121 73 der;
2450 3205 131 88 Tid
2614 3210 87 76 da
2726 3213 75 74 de

1107 3327 179 84 bleve
1329 3325 341 82 anbuddet
1721 3315 506 92 Renovationen
2275 3307 16 80 i
2323 3324 120 76 nye
2471 3303 300 98 Forpagt-

2544 3400 156 93 ning
