3072 4637
1797 568 58 85 S'

374 750 137 87 De
546 752 161 92 gode
730 741 549 94 Subscribmtere
1322 739 179 96 giøre
1540 738 95 98 sig
1662 737 184 96 srax

170 905 78 76 til
287 899 253 99 Herrer
584 912 150 63 over
774 894 168 74 mine
975 889 431 95 Meninger,
1445 887 187 91 (med
1675 881 179 99 hvad

161 1045 314 94 Adkomst
521 1059 184 63 maae
757 1043 78 81 he
891 1035 126 95 best
1057 1032 122 94 felv
1237 1033 172 98 vide)
1467 1032 96 96 thi
1623 1035 90 76 da
1775 1034 80 76 de

166 1193 123 86 ikke
342 1190 119 81 kan
512 1203 166 65 være
723 1181 280 114 bekjendt
1054 1196 73 64 at
1170 1181 162 94 sige:
1394 1177 101 96 jeg
1540 1176 322 81 blamerer

161 1343 139 82 eller
341 1336 197 90 haver
605 1330 309 82 blameret
977 1325 477 87 Directionens
1503 1320 363 95 Conduite,

156 1482 113 95 saa
322 1482 125 98 sige
502 1483 75 73 de
631 1490 202 82 meget
884 1474 265 94 decisiv,
1212 1488 75 64 at
1328 1476 103 77 det
1484 1470 123 98 har
1648 1480 201 68 været

162 1631 122 86 mit
326 1625 286 101 Forsæt,
670 1645 82 72 og
798 1638 72 64 at
932 1625 104 76 det
1080 1616 520 98 fornemmeligen
1654 1613 212 97 ffulde

161 1794 170 65 være
377 1774 180 77 deres
605 1767 418 96 allerkæreste
1059 1764 467 90 Oldermand,
1583 1760 136 95 som
1759 1758 107 95 jeg

164 1920 265 99 egentlig
474 1915 177 97 søger
694 1929 71 64 ar
800 1914 179 96 giøre
1034 1906 325 101 forhadt,
1430 1929 83 75 og
1554 1904 135 94 som
1732 1904 97 96 fin-

165 2074 113 81 der
311 2034 389 136 Udsn
491 2059 211 100 Sig,
741 2055 623 101 (Subscribemerne
1403 2053 129 81 fan
1571 2050 123 93 selv
1733 2046 131 82 ikke

165 2214 172 95 finde
397 2211 140 89 det)
617 2221 72 64 at
755 2221 166 62 være
972 2201 271 86 Maalet
1298 2196 107 100 for
1465 2198 168 80 mine

162 2351 493 101 Bestræbelser;
724 2351 172 81 Men
962 2355 104 76 der
1118 2346 318 99 upartiffe
1490 2341 374 103 Publicum

163 2510 297 87 dommer
495 2505 183 95 langt
709 2499 375 89 anderledes
1119 2499 121 80 end
1275 2498 77 82 de
1375 2489 253 102 Herrer
1645 2484 185 88 Sub-

170 2648 379 99 scribemere.

402 2841 109 102 Af
538 2850 125 78 den
696 2843 267 96 Stylo,
1010 2840 133 94 som
1182 2843 251 79 overalt
1466 2839 219 95 findes
1726 2836 23 78 i
1786 2838 81 76 de

175 2999 165 94 gode
385 2992 297 99 Herrers
723 2989 277 94 Notice,
1043 2988 125 80 kan
1207 3007 161 59 man
1409 2984 237 97 tydelig
1689 2979 69 97 sp

173 3139 76 96 af
288 3141 177 97 hvad
504 3137 203 85 Aand
746 3143 121 75 den
909 3153 64 62 er
1018 3130 417 97 sammensat,
1503 3148 82 76 og
1639 3143 72 64 at

174 3285 124 82 ikke
352 3286 110 92 saa
504 3299 204 81 meget
772 3283 126 97 har
950 3296 198 68 været
1204 3285 146 77 dem
1406 3295 112 60 om
1576 3289 74 66 ar

179 3449 73 64 at
309 3432 215 95 bringe
567 3428 433 90 Sandheden
1061 3426 73 78 til
1197 3422 485 98 Illustration,

176 3574 107 101 for
308 3592 71 70 at
410 3579 173 96 giøre
610 3579 133 98 mig
778 3572 281 104 foragtet
1090 3594 81 75 og
1212 3567 313 103 forhadt;
1574 3569 93 96 thi

967 3719 135 99 Az
