3116 4514
1314 524 92 50 IO

1309 710 186 66 traae
1531 708 78 62 en
1649 686 266 97 Ligning
1953 687 114 84 udi
2107 685 378 99 Næringen.
2585 690 160 88 Det
2797 696 186 96 haver

1303 838 258 98 følgelig
1599 834 128 82 kun
1761 849 194 70 været
1993 839 76 78 de
2105 831 372 101 fornemme/
2521 838 312 100 ukyndige
2857 849 130 78 eller

1305 988 328 80 commode
1689 980 384 101 Bryggere,
2117 981 132 96 som
2289 984 256 100 ønffede
2589 1010 80 74 og
2711 989 256 84 udvirke-

1301 1140 79 76 de
1425 1138 195 78 denne
1677 1128 297 100 Ligning;
2025 1127 151 86 Om
2231 1137 71 78 de
2355 1132 219 96 flittige
2631 1132 357 109 Bryggere

1300 1280 276 96 maaffee
1614 1282 204 78 under
1856 1275 382 100 Promisser
2296 1273 80 99 af
2428 1284 198 78 andre
2684 1280 302 98 Forderte

1298 1430 166 94 have
1508 1424 188 96 tillige
1730 1421 438 96 underffrevet
2204 1419 494 103 Ansøgningen,
2736 1448 64 64 er
2850 1433 130 94 mig

1294 1572 350 82 ubekiendt.
1800 1568 174 85 Men
2026 1569 22 82 i
2110 1571 276 86 hvorom
2448 1572 202 94 alting
2706 1594 102 74 er,
2872 1572 110 95 saa

1296 1720 125 82 kan
1479 1740 160 58 man
1695 1738 92 60 nu
1839 1731 458 70 comravertere
2355 1732 82 80 og
2496 1718 179 98 flige:
2752 1718 91 88 At
2894 1721 61 82 in-

1291 1887 120 77 gen
1459 1872 214 76 anden
1713 1862 314 95 Redning
2069 1885 64 60 er
2183 1865 70 78 til
2293 1869 74 77 de
2409 1860 220 102 fattige
2667 1862 278 102 Brygge-

1283 2024 108 70 res
1431 2010 330 98 Opkomst
1803 2015 120 76 end
1961 2009 402 109 Ligningens,
2389 2008 394 100 Ophævelse.
2833 2012 142 101 Ja!

1283 2180 110 60 øm
1435 2178 160 62 man
1637 2160 208 91 endog
1885 2153 104 98 for
2025 2175 60 62 er
2129 2153 316 88 Moment
2483 2160 166 78 vilde
2687 2160 282 94 statuere:

1278 2324 74 64 at
1424 2304 346 98 Ligningen
1822 2319 126 66 var
2024 2297 106 100 for
2184 2303 232 98 enhver
2476 2302 320 98 Brygger
2856 2306 116 95 lige

1274 2452 312 102 gavnlig,
1630 2446 136 96 som
1810 2454 120 79 den
1966 2453 128 94 dog
2130 2451 212 98 aldrig
2382 2470 66 66 er
2486 2454 140 78 eller
2682 2450 122 84 kan
2860 2450 82 83 bli-

1274 2617 116 77 ve,
1442 2596 110 94 saa
1592 2614 126 62 var
1762 2600 128 95 dog
1940 2593 262 96 Nytten
2240 2599 198 79 allene
2488 2596 224 96 privat
2758 2594 102 98 for
2898 2603 72 78 de

1278 2773 31 53 i
1322 2770 95 48 OO
1460 2742 407 97 Bryggere;
1910 2739 173 84 Men
2128 2739 297 88 Skaden
2466 2762 65 64 er
2586 2746 377 97 almindelig.

1483 2942 142 98 Jeg
1677 2944 128 92 vil,
1865 2939 102 98 for
2019 2957 76 66 at
2133 2941 166 94 sætte
2337 2945 196 81 dmne
2571 2940 172 102 Sag
2777 2944 26 80 i
2847 2946 114 77 des

1263 3095 206 87 større
1509 3090 174 96 Lys,
1733 3089 310 82 detaillere
2087 3093 104 76 det
2215 3091 250 96 private
2503 3110 78 76 og
2607 3094 98 78 det
2731 3088 202 81 almin-

1259 3240 233 92 delige,
1547 3256 79 76 og
1670 3231 324 100 betragtett

1364 3438 100 88 i.)
1518 3432 220 98 Hvad
1780 3432 218 99 Nytte
2022 3435 688 104 Brygger-Ligningen
2756 3436 198 98 haver

1472 3580 172 96 giver
1686 3600 82 76 og
1810 3581 196 98 giver.
