3141 4637
407 673 252 96 De-tte,
689 671 322 96 replicerte
1027 673 96 96 jeg
1147 671 272 96 tilfælder
1433 673 286 100 Vægter
1733 673 152 100 Offi-

205 793 324 74 ceererne;
585 773 174 78 Men
801 773 168 90 siden
1003 777 104 74 der
1143 791 64 60 er
1251 769 422 100 Sængeciid,
1717 777 88 78 vil
1847 775 68 78 vi

209 871 270 94 udsætte
509 877 142 86 det,
707 867 184 78 indtil
923 869 64 76 vi
1039 867 230 90 samles
1335 873 194 94 igien,
1597 871 290 98 Imidler-

207 973 92 76 tid
341 969 282 80 udbeder
667 963 98 96 jeg
801 965 128 94 mig
989 971 118 74 den
1149 965 332 92 Tilladelse
1533 985 72 62 at
1655 969 262 94 forfatte

207 1075 196 72 vores
451 1061 348 92 Discours
839 1061 16 78 i
895 1059 288 94 Pennen
1223 1085 78 74 og
1359 1061 290 96 befordre
1701 1075 120 74 den
1849 1067 68 80 til

205 1161 302 114 Trykken
539 1163 70 78 til
633 1159 208 94 høiere
875 1159 440 84 Omdømme.
1417 1161 220 84 Dette
1659 1165 140 80 blev
1817 1165 72 80 be-

205 1261 238 94 villiger
471 1279 80 74 og
595 1259 232 90 enhver
853 1257 214 96 ønsket
1101 1279 74 58 en
1205 1265 126 88 god
1361 1261 190 94 roelig
1583 1261 192 98 Nat,
1833 1285 82 74 og

205 1359 98 94 gik
343 1357 68 78 til
441 1357 76 92 sit
543 1355 244 96 Hiem;
819 1355 244 108 Mens
1097 1353 228 94 førend
1355 1357 64 78 vi
1447 1357 202 104 skiltes
1679 1367 86 74 ad
1785 1381 136 74 paa

207 1455 294 94 Gaden,
557 1445 192 104 sagde
781 1455 120 78 den
951 1451 362 100 Reisende,
1391 1475 110 58 om
1557 1453 362 102 Forladelse

203 1569 72 62 at
329 1553 102 94 jeg
487 1551 304 96 opholder
853 1557 144 76 dem
1041 1573 76 56 en
1167 1553 162 80 liden
1375 1553 264 82 Stund
1675 1561 242 74 endnu.

199 1651 146 96 Jeg
377 1651 120 94 har
545 1655 198 90 glemt
823 1665 74 64 at
935 1649 258 98 spørge,
1249 1651 190 94 hvem
1501 1657 108 74 der
1645 1643 274 88 «Tønnes

205 1747 376 98 Vægterne
599 1751 32 74 ?
687 1753 104 76 det
805 1747 144 98 giør
965 1745 402 98 Borgerne,
1399 1767 122 60 var
1539 1749 116 78 mit
1679 1749 242 84 Svar.

403 1883 180 90 Den
635 1883 310 90 Reifende
977 1883 214 96 spurte
1251 1891 120 72 end
1433 1887 226 80 videre.
1759 1885 154 84 Om

203 1991 102 74 det
329 2003 62 58 er
407 1981 188 94 sandt
611 1999 70 62 at
705 1981 142 96 disse
865 1981 346 96 Vægtere,
1241 1981 132 92 som
1393 1989 230 72 lonnes
1641 1981 248 86 akBor-

199 2103 186 74 gerne
427 2103 78 72 og
569 2077 250 100 følgelig
877 2099 96 58 ere
1021 2085 186 74 deres
1257 2079 306 96 Tienere,
1649 2079 268 98 sværger

201 2179 420 96 Borgerstab
673 2201 80 74 og
797 2177 218 94 ansees
1053 2175 136 96 som
1225 2175 356 98 Borgere?

397 2323 146 100 Jo,
595 2323 258 92 svarede
883 2323 150 100 jeg,
1087 2323 372 94 Vægterne
1473 2321 224 94 sværer
1717 2319 166 88 Bor-

205 2421 250 98 gerskab
475 2475 20 40 ,
565 2421 220 94 ansees
841 2423 132 92 som
1025 2421 312 94 Borgere
1399 2443 78 76 og
1533 2421 108 88 saa
1675 2443 236 76 mange

203 2523 136 90 som
375 2521 84 76 vil
513 2521 176 78 drive
729 2521 314 96 borgerlig
1103 2517 326 96 Næring;
1497 2517 176 80 Men
1719 2521 190 94 ingen

201 2621 126 92 har
357 2617 184 80 bedre
587 2617 282 96 Næring
929 2625 118 74 end
1113 2623 118 72 den
1289 2615 288 94 Vægrer
1629 2621 108 74 der
1789 2617 120 94 har

205 2713 224 94 Tilsyn
455 2719 120 72 ved
611 2713 324 82 Gammel
973 2715 330 92 Strand,
1341 2711 162 90 hvor
1526 2710 358 98 Fiske-rime-

205 2816 279 90 lingerne
517 2813 202 94 sider,
775 2827 70 64 at
897 2811 186 98 ingen
1135 2807 82 94 af
1249 2809 140 96 disse
1433 2809 476 98 Fiskehandlere

205 2931 158 60 maa
391 2909 182 76 kiøbe
603 2929 188 74 noget
817 2905 226 94 førend
1077 2907 294 82 Klokken
1409 2935 104 52 io.
1541 2929 78 74 og
1651 2917 104 70 det
1797 2933 80 70 op-

203 3011 154 92 satte
377 3001 170 102 Flag
571 3025 62 58 er
665 3009 326 94 indtaget;
1025 3027 146 58 men
1201 3005 102 94 for
1335 3005 172 94 hans
1545 3005 366 96 Fvielighed

203 3111 20 76 i
257 3115 120 72 den
391 3103 174 94 Tid,
619 3103 52 78 ei
705 3121 72 60 at
805 3123 166 58 være
995 3103 108 90 saa
1121 3101 380 96 paaseende,
1557 3095 182 94 faaer
1775 3105 132 92 han

205 3211 96 90 sin
315 3199 178 96 Pose
511 3199 164 92 fyldt
693 3207 144 74 med
861 3201 106 92 saa
987 3221 238 74 mange
1245 3199 174 98 Fisk,
1441 3217 70 62 at
1541 3199 128 92 han
1695 3201 48 78 ei
1759 3209 116 72 alle-

207 3325 78 56 ne
325 3301 114 88 stiv
497 3299 118 94 har
673 3299 164 94 nok,
911 3319 144 56 men
1109 3297 124 78 kan
1277 3295 172 94 sælge
1495 3303 72 72 til
1605 3303 200 76 andre
1839 3293 78 100 af

203 3403 100 90 sin
327 3395 550 98 Overflødighed;
931 3415 146 58 men
1101 3393 174 94 hvad
1301 3395 84 80 vil
1419 3415 160 62 man
1611 3397 158 96 sige,
1803 3419 102 58 et*

211 3497 154 94 hver
393 3515 62 60 er
479 3495 62 96 jo
573 3513 74 62 en
677 3491 192 100 Tyvi
899 3495 96 94 sin
1037 3491 302 98 Næring.

339 3623 14 10 -
891 3591 24 24 *
1621 3587 180 90 Den
