2983 4503
177 669 168 100 siges
405 660 254 102 gratis,
721 679 84 78 og
857 661 274 94 ventelig
1185 653 102 98 for
1337 672 72 66 ar
1461 656 124 100 sige
1641 669 216 82 noget,

178 813 140 94 som
374 812 204 80 kunde
634 806 186 83 kildre
876 809 120 78 den
1036 804 580 97 prædominerende
1656 798 204 103 Seet,

180 981 86 75 og
326 956 262 96 forleede
652 958 118 78 den
828 947 348 102 Enfoldige
1238 950 70 82 til
1356 944 160 94 Tvil
1596 968 108 62 om

184 1110 130 95 god
358 1098 472 104 Formodning.

389 1266 296 88 Overalt
747 1271 88 80 da
879 1261 592 98 Subskribenterne
1529 1280 190 62 maae
1773 1261 74 82 til-

173 1421 176 96 staae
388 1415 287 117 Factum
775 1435 82 78 og
923 1427 70 66 ar
1047 1415 180 80 deres
1269 1408 328 100 Vedtægt
1651 1428 64 64 er

179 1562 266 98 ligesom
483 1560 282 92 Tiderne
827 1557 210 100 opvise
1093 1579 80 76 og
1231 1557 268 83 bevidne
1557 1562 102 78 det

183 1708 403 98 Kornkiøb;
647 1702 179 92 Saa
869 1703 277 98 tilfalder
1185 1709 103 78 det
1327 1706 79 70 de
1429 1704 147 96 jure
1615 1708 145 80 dem

184 1854 204 94 bevise
430 1860 144 76 med
618 1871 190 80 noget
846 1855 288 96 gyldigt,
1192 1867 72 67 at
1304 1848 404 98 Vedtægten
1746 1849 126 84 ikke

174 2001 210 100 haver
426 2000 206 98 ffadet
672 2006 102 78 det
814 1993 458 102 Almindelige,
1318 2000 140 78 eller
1500 2016 64 62 er
1608 1993 258 94 Aarsag

176 2149 76 82 til
298 2150 74 78 de
406 2148 402 95 umaadelige
846 2139 498 108 Korn-Priser,
1392 2162 80 76 og
1512 2142 20 80 i

171 2290 226 98 deraf,
451 2310 190 66 maae
681 2300 76 76 de
799 2309 168 64 være
1011 2313 78 78 og
1137 2291 164 82 blive
1345 2288 468 102 Sagffyldige.

403 2472 142 104 For
585 2480 180 76 ellers
807 2491 70 64 ar
917 2471 324 96 defendere
1283 2476 200 78 denne

181 2617 210 98 serede
433 2618 374 102 Vedtægt,
877 2623 166 96 have
1081 2616 592 96 Subscribenterne

170 2769 214 94 givet:
462 2782 72 64 ar
592 2772 118 76 den
768 2763 334 102 fornemste
1140 2764 256 96 Aarsag
1458 2766 224 96 dertil,
1740 2784 126 63 var

170 2917 232 89 denne,
448 2928 72 66 ak
558 2916 74 78 de
674 2908 422 99 uformuende
1130 2908 488 103 Jnteressenrere

174 3059 278 100 Faveur
490 3058 82 98 af
600 3056 280 99 Laugets
920 3061 398 93 almindelige
1364 3056 250 98 Credit,

176 3205 171 81 blive
400 3204 329 100 forsynede
772 3203 347 98 saavelsom
1160 3211 75 76 de
1276 3204 459 100 Formuende,

171 3369 138 78 paa
365 3350 242 94 samme
649 3350 138 94 Tid
831 3357 144 78 med
1031 3355 112 94 lige
1181 3349 368 85 Qvantiret
1585 3350 80 96 af
1701 3350 138 101 Feh-

171 3496 200 102 merfi
411 3496 178 104 Byg
609 3550 28 52 ,
697 3517 138 83 paa
903 3503 100 80 det
1055 3517 72 64 ar
1167 3497 190 89 Øllet
1411 3502 282 92 overalt,

1663 3637 208 84 meget
