3024 4538
1262 460 458 96 Oldermand,
1778 457 320 96 hvorefter
2130 479 156 61 man
2320 462 202 82 kunde
2552 456 292 102 formode
2870 477 72 68 at

1268 610 154 90 lang
1468 598 316 99 Erfaring
1834 603 204 96 ffulde
2066 605 140 94 give
2236 610 166 90 gode
2436 604 506 100 Veyledninger.

1489 794 168 102 Ikke
1711 799 168 96 desto
1929 801 246 80 mindre
2231 798 122 98 skal
2399 802 98 96 jeg
2533 804 128 94 dog
2721 802 220 95 bringe

1269 950 106 74 det
1417 942 74 82 til
1537 960 76 62 en
1661 940 202 86 Grad
1913 941 82 98 af
2017 941 404 102 Probalitet,
2463 964 108 62 om
2605 946 98 94 jeg
2735 951 208 88 endog

1271 1084 124 82 ikke
1437 1082 150 98 efter
1647 1092 72 74 de
1763 1089 346 96 strængeste
2159 1087 242 97 Regler
2445 1091 122 94 skal
2611 1090 208 81 kunde
2845 1093 70 74 de-

1269 1234 337 96 monstrere
1639 1228 251 94 samme.

1478 1424 180 86 Den
1698 1424 366 95 Vedtægt,
2110 1425 288 98 hvorved
2432 1426 280 98 Bygget
2742 1448 64 61 er
2844 1429 74 96 sti-

1262 1586 112 86 Zer
1438 1570 70 80 til
1570 1566 112 96 saa
1754 1571 302 92 excessive
2116 1567 286 99 Priser,
2478 1592 82 74 og
2622 1570 136 92 som
2824 1571 124 80 kan

1266 1712 221 98 ansees
1560 1712 103 98 for
1736 1718 121 77 den
1922 1711 347 98 ffadeligste
2330 1716 107 78 der
2520 1712 205 84 kunde
2802 1735 141 76 pro»

1265 1864 254 88 jecreres
1553 1878 78 76 og
1667 1857 330 81 udtænkes
2047 1853 102 98 for
2187 1851 274 105 Lauget,
2507 1858 280 98 bestaaer
2817 1863 128 76 der»

1513 2000 94 84 At
1657 2002 190 93 ingen
1923 1999 320 96 Brygger
2289 2008 206 74 under
2563 2026 92 68 50
2708 1980 236 136 Rbe

1519 2120 256 135 maatte
2009 2159 188 80 noget
2237 2143 336 101 Fehmerff
2591 2124 218 136 Korn

1262 2298 260 86 vative,
1554 2308 146 58 men
1738 2294 102 75 det
1870 2287 204 96 ffulde
2108 2287 220 81 kiøbes
2368 2292 20 78 i
2406 2288 426 100 Fælledsffab
2850 2287 94 98 for

1388 2434 110 80 vis
1546 2428 268 100 fastsadt
1860 2429 240 102 Priis;
2166 2431 288 98 hvorved
2500 2438 110 80 der
2646 2428 296 100 formeen»

1262 2588 100 74 tes
1388 2594 72 64 at
1490 2582 76 76 de
1588 2572 366 102 Fehmerffe
1986 2573 374 100 Skippere,
2392 2576 136 96 som
2560 2578 108 98 her
2692 2575 224 84 ankom-

1258 2743 139 77 me,
1452 2722 203 96 ffulde
1704 2721 259 94 tvinges
2010 2721 71 80 til
2132 2737 71 64 at
2264 2718 173 100 sælge
2470 2720 105 98 for
2600 2730 125 76 den
2752 2722 189 101 Priis

1255 2865 138 95 som
1421 2866 144 80 blev
1607 2848 284 112 fastfadt.
1993 2863 174 84 Men
2203 2863 408 101 Skipperne,
2645 2864 132 96 som
2799 2865 142 96 efter

1669 3012 166 78 vilde
1875 3013 166 96 have
2087 3027 60 64 et
2187 3033 122 74 par
2361 3010 214 84 Mark
2625 3032 192 61 meere
2835 3008 104 99 for

1585 3150 80 96 af
1707 3158 182 77 deres
1945 3153 176 98 Byg
2175 3162 120 76 end
2361 3162 102 76 der
2513 3154 430 95 Siællandffe

1254 3302 224 92 gieldte
1494 3318 132 76 paa
1646 3294 278 103 Torvet,
1946 3299 244 100 hvortil
2206 3300 490 88 vedkommende
2712 3296 230 101 Bryg»

2774 3461 154 80 'gere
