2984 4478
1189 515 92 70 32

1409 683 112 84 En
1589 686 229 93 redelig
1873 683 500 102 Patriotismus
2433 688 120 87 har
2595 697 261 88 veyledet

1184 811 174 92 mig,
1416 827 82 77 og
1556 828 74 56 en
1686 810 206 76 tilladt
1948 807 238 98 Frihed
2260 826 70 64 at
2398 807 236 98 udføre
2700 815 158 81 mine

1188 927 260 88 Tanker
1522 926 314 100 offentlig,
1922 929 118 96 har
2116 926 320 100 befordret
2500 929 232 96 samme
2794 934 68 80 til

1184 1051 315 100 Trykken.

1401 1173 110 90 Til
1573 1190 56 64 et
1687 1195 298 62 nærmere
2043 1175 270 97 Begreb
2351 1192 72 64 at
2463 1175 252 88 erholde
2755 1196 106 60 om

1185 1301 104 78 der
1327 1315 118 76 nye
1502 1294 252 84 Mands
1813 1293 502 101 Tænkemaade,
2371 1298 120 78 bør
2531 1297 124 80 ikke
2695 1317 168 61 være

1178 1421 340 78 uanmeldt
1589 1422 105 74 der
1759 1416 317 97 Forflag,
2155 1414 313 96 hvorefter
2538 1423 180 90 nogle
2790 1414 82 100 af

1182 1537 330 82 Stadens
1552 1532 408 95 Betiemere,
2022 1555 94 60 ere
2168 1540 166 74 uden
2392 1536 256 93 ringeste
2698 1533 136 98 For-

1182 1659 322 96 sømmelse
1560 1664 136 72 eller
1746 1655 302 101 Forseelse
2086 1659 200 78 blever
2326 1650 276 99 frataget
2638 1677 74 58 en
2754 1678 84 58 an-

1187 1781 174 96 seelig
1403 1777 182 87 Deel
1627 1772 80 100 af
1745 1784 120 76 den
1911 1775 156 98 Løn,
2107 1775 132 89 som
2279 1780 264 74 dennem
2583 1773 144 98 efter
2765 1781 70 75 de-

1179 1919 108 68 res
1339 1904 414 98 Bestallings
1811 1899 314 98 Indhold
2191 1916 78 76 og
2313 1894 106 94 fra
2461 1902 156 75 dens
2657 1897 202 88 Daro

1177 2027 99 100 af,
1323 2031 123 92 har
1485 2044 195 64 været
1723 2026 207 95 tillagt
1973 2043 81 76 og
2095 2017 313 102 forundt;
2457 2022 69 93 ja
2567 2027 177 88 nogle
2767 2040 91 60 ere

1174 2151 266 98 gandffe
1484 2144 242 100 afsatte.

1398 2271 250 100 Havde
1702 2288 152 60 vore
1908 2261 314 100 offentlige
2262 2262 276 100 Hyklere
2578 2267 136 76 med
2754 2267 70 75 de-

1181 2411 108 74 res
1330 2394 367 99 hemmelige
1734 2385 387 98 Consorrer,
2162 2392 75 76 de
2271 2378 406 102 intereserede
2705 2380 120 100 Lev-

1178 2513 657 107 ligheds-Flateurer,
1903 2527 194 66 været
2149 2510 206 80 iblanr
2411 2507 142 98 disse
2591 2505 264 86 Brødet

1177 2643 334 94 beffaarne
1549 2632 558 86 Embedsmænds
2151 2626 196 96 Tall,
2409 2644 164 64 troer
2609 2625 94 94 jeg
2737 2622 116 82 ikke

1174 2769 76 74 de
1294 2761 208 96 havde
1540 2756 270 92 anstiller
1846 2749 456 86 Glæde-Arier
2346 2753 272 90 derved,
2680 2751 176 91 langt

1174 2887 250 78 mindre
1472 2872 78 100 af
1579 2872 257 99 Hjertet
1882 2873 212 88 holdet
2136 2871 254 83 Lovtale
2428 2876 276 73 derover.

1384 2999 101 86 At
1540 2996 187 94 stinde
1768 3018 63 60 er
1886 2994 473 96 menneffeligt,
2416 3007 141 60 men
2612 3001 69 64 at
2722 2982 133 96 rose

1173 3123 312 96 Synden
1537 3138 62 60 er
1638 3111 295 99 djævelsk
2037 3111 284 102 Paulus
2359 3108 116 90 har
2495 3101 208 98 derfor
2729 3124 96 60 me-

1165 3259 106 82 ger
1313 3235 312 97 mærkelig
1681 3233 322 98 indrykket
2051 3230 274 101 Hyklere
2381 3246 78 74 og
2499 3223 330 100 Øyenffal-

1165 3356 69 75 ke
1271 3353 207 80 iblanr
1537 3356 181 76 deres
1777 3348 193 99 Tall,
2025 3349 131 94 som
2209 3344 121 84 ikke
2367 3340 127 102 stal
2533 3359 159 68 arve
2731 3347 119 82 den

1165 3470 197 97 Evige
1400 3469 376 102 Herlighed.
