3020 4654
143 2454 57 69 I>
241 2452 48 94 11

1024 736 330 98 dragelige
1402 720 340 87 Krøniker
1790 714 124 95 har
1970 708 271 97 behaget
2278 712 83 71 os
2392 716 309 64 overmaa-

1029 854 106 81 de,
1186 838 68 90 ja
1300 829 314 90 saaledes,
1669 835 68 61 at
1770 817 98 91 jeg
1896 812 124 78 bor
2052 806 156 97 helse
2236 809 134 89 dig,
2426 821 84 71 og
2552 797 174 79 takke

1035 959 138 75 paa
1215 936 121 76 alle
1391 939 77 65 de
1513 929 157 84 store
1726 918 294 79 MændS
2062 908 298 90 Vegne,
2440 903 134 86 som
2624 909 112 66 der

1038 1063 71 58 er
1141 1041 20 74 i
1197 1034 140 78 min
1367 1024 386 98 Regiering,
1809 1014 129 91 som
1975 1010 268 92 virkelig
2273 1025 99 58 ere
2400 996 310 99 ffivnsoln-

1048 1158 105 60 me
1191 1131 204 102 Folk,
1444 1124 124 97 faa
1605 1139 74 61 ar
1724 1139 105 56 om
1875 1122 100 84 jeg
2019 1111 202 93 ffulde
2255 1106 174 97 finde
2471 1099 274 82 Middel

1048 1241 73 78 til
1164 1256 71 58 ar
1280 1232 227 88 bringe
1548 1236 105 65 der
1693 1223 272 91 høyere,
2024 1208 327 91 endffiønt
2405 1204 98 92 jeg
2554 1214 65 61 er
2662 1218 81 57 en

1048 1336 282 87 Dievel,
1380 1328 113 85 saa
1550 1343 65 58 er
1658 1319 100 92 jeg
1812 1328 128 77 dog
1973 1311 126 77 ikke
2139 1306 112 91 faa
2283 1307 130 91 stor
2450 1321 77 58 en
2561 1299 156 83 Die-

1055 1443 103 73 vel
1194 1434 132 87 som
1360 1436 120 75 du,
1530 1441 86 77 og
1658 1422 202 74 allene
1904 1426 353 75 overgaaer
2278 1406 116 91 dig
2438 1404 21 77 i
2500 1410 128 79 der,
2674 1411 75 64 ar

1058 1541 100 92 jeg
1177 1534 141 91 -har
1354 1526 230 96 Horn.
1710 1514 148 97 Jeg
1900 1512 94 77 vil
2045 1506 161 80 alrid
2258 1505 184 92 giøre
2478 1499 138 89 mig
2678 1497 78 77 ril

1065 1634 84 93 af
1173 1633 292 83 ManeS,
1523 1613 81 96 af
1630 1618 256 82 Socin,
1939 1604 77 97 af
2044 1617 126 67 den
2208 1601 296 99 forløbne
2530 1593 230 84 Munk

1065 1756 88 73 og
1191 1742 122 67 den
1347 1741 175 76 unge
1555 1720 279 84 Borres
1872 1705 309 95 Kiereste,
2235 1699 82 97 af
2353 1712 119 67 den
2519 1700 241 91 yderlig

1070 1833 281 83 nidkiere
1423 1820 258 93 Mester
1729 1812 222 96 Hans
2003 1805 290 86 Calvin,
2375 1820 86 75 og
2533 1792 80 98 af
2650 1791 113 93 faa

1072 1951 247 75 mange
1376 1931 247 74 andres
1677 1915 292 95 lykkelige
2015 1899 456 100 Bestræbelser
2513 1906 254 76 endnu,

1074 2039 124 75 alle
1228 2027 259 90 rasende
1520 2021 277 96 Fiender
1834 2012 79 90 af
1938 2021 121 65 den
2097 2000 307 94 romerske
2441 1998 208 94 Pave
2682 2011 85 73 og

1077 2132 81 99 af
1190 2138 128 75 den
1356 2121 240 99 Messe,
1634 2118 132 89 som
1798 2116 102 96 jeg
1930 2111 121 95 har
2074 2106 113 93 saa
2222 2105 131 94 stor
2381 2093 224 102 Afffye
2635 2091 132 97 for.

1336 2327 180 84 Men
1566 2316 286 85 kommer
1900 2316 108 74 det
2063 2327 91 59 an
2183 2322 139 75 paa
2368 2295 212 87 Guds
2622 2294 156 84 Be»

1081 2428 304 103 fpottelse,
1435 2444 139 76 paa
1609 2410 395 101 Liderlighed
2047 2430 84 73 og
2178 2398 462 101 Ugudelighed,
2687 2404 91 68 da

1085 2539 174 77 kano
1297 2534 220 87 ingen,
1573 2531 170 70 uden
1773 2530 74 64 at
1879 2513 136 95 han
2049 2521 253 66 maatte
2343 2502 167 77 bilde
2547 2499 92 92 sig
2675 2490 105 102 for

1084 2647 210 82 meget
1345 2631 143 91 ind,
1538 2633 203 82 nægte
1771 2618 114 91 dig
1911 2620 124 73 ben
2071 2607 248 100 høyeste
2343 2602 244 91 Rang.

1342 2825 274 95 Mange
1672 2808 84 102 af
1780 2823 81 73 de
1902 2814 177 91 stolte
2122 2805 304 101 Fiender,
2489 2795 134 93 som
2676 2808 114 80 tog

1090 2935 354 92 Nøglerne
1503 2946 83 71 og
1636 2920 300 90 Magten
1992 2914 108 91 fra
2146 2921 76 67 de
2274 2924 136 60 troe
2460 2899 336 99 Præster,

1091 3050 243 78 mange
1381 3023 82 97 af
1513 3033 77 71 de
1649 3013 473 95 mærkværdige
2170 3005 164 98 Folk
2390 3000 216 81 iblant
2666 3007 126 69 den

1095 3134 376 91 vmffaarne
1521 3125 241 89 Slægt
1811 3114 121 97 har
1983 3114 23 76 i
2069 3120 103 67 det
2225 3103 271 92 mindste
2540 3100 256 75 baaren

1093 3227 464 97 ZErbødighed
1589 3219 102 98 for
1719 3212 384 91 Beviiserne
2143 3226 110 60 om
2285 3202 297 81 Sielens
2613 3198 155 79 Udø-

1094 3335 334 92 delighed;
1496 3336 75 69 de
1612 3339 157 62 vare
1814 3311 257 98 seet-elske
2113 3302 372 102 Fortolkere
2535 3295 82 97 af
2661 3293 110 82 Re-

1096 3437 306 88 ligionen,
1444 3446 82 73 og
1560 3428 231 73 derved
1816 3434 133 73 gav
1974 3423 121 67 den
2128 3428 77 59 en
2243 3407 308 93 forvendt
2585 3391 190 88 Skik-

1094 3533 138 101 else,
1282 3551 148 62 men
1466 3538 90 73 du
1582 3525 150 96 giør
1768 3527 122 71 ven
1922 3508 276 103 gandffe
2238 3509 76 82 til
2346 3502 235 105 Intet.

2556 3691 158 90 Vel
