3020 4654
1884 483 47 68 7

331 676 156 83 den,
537 665 134 94 som
715 665 274 95 regierer
1023 663 318 81 Naturen
1361 717 20 32 ,
1447 669 198 71 denne
1695 662 199 93 Gud,
1945 669 80 73 dr

336 772 252 85 Godes
616 766 242 98 Haab,
912 775 72 68 de
1012 763 248 83 Ondes
1296 763 270 89 Skræk,
1610 764 152 77 intet
1808 773 216 77 andet,

338 870 156 95 efter
540 871 110 76 din
688 867 368 92 Meeniug,
1112 876 120 66 end
1278 887 76 54 en
1394 868 200 75 malet
1626 864 198 91 Gud,
1886 859 138 94 saa»

336 980 137 72 dan
509 989 98 67 en,
652 968 129 88 fom
811 984 150 59 vore
1006 967 565 90 hiemmcliggende
1604 961 421 97 Fugle-Kon»

335 1092 136 74 ger,
525 1077 108 70 der
667 1074 168 70 tales
865 1084 110 57 om
1007 1065 18 78 i
1055 1073 74 75 de
1177 1069 214 89 gamle
1421 1063 380 92 Krøniker,
1847 1073 110 67 der
2001 1062 28 84 i

331 1177 183 71 deres
559 1166 427 92 Giestebuder
1033 1186 83 74 og
1149 1162 183 95 Leege
1379 1162 161 79 drak
1573 1160 211 84 Lande
1807 1197 21 28 -
1849 1161 149 100 Pla-

328 1288 190 74 gerne
554 1267 144 78 bort
751 1285 83 74 og
890 1271 230 84 glemte
1160 1272 170 85 dem,
1386 1281 80 74 og
1505 1258 127 92 som
1670 1258 222 97 gloede
1928 1263 98 91 sig

320 1368 121 94 frie
480 1363 103 96 for
620 1372 67 72 al
720 1362 469 95 Bekymring,
1230 1360 101 96 for
1370 1365 169 76 kuns
1586 1380 73 62 at
1696 1368 129 72 leve
1874 1369 119 70 alle-

327 1488 78 58 ne
457 1475 146 72 dem
669 1464 122 92 selv
845 1467 74 76 til
973 1461 236 97 Nytte.
1371 1461 256 84 Denne
1687 1462 336 83 Verdens

327 1570 200 87 Gud,
575 1573 202 73 denne
823 1571 292 87 unyttige
1169 1560 253 97 Afgud,
1471 1561 182 95 holde
1687 1584 81 73 op
1805 1577 72 62 at
1921 1561 74 77 be-

324 1670 162 96 styre
522 1679 144 77 den,
718 1662 102 94 for
846 1681 72 64 at
954 1665 268 96 stumme
1246 1666 16 74 i
1286 1663 200 96 Fred,
1526 1680 82 74 og
1644 1670 120 68 den
1808 1661 214 78 blinde

326 1765 334 93 Skiebne,
688 1772 108 72 der
836 1765 306 77 indretter
1172 1764 204 91 alting
1418 1757 154 96 efter
1606 1764 88 88 sin
1728 1758 292 96 Smag,

325 1890 126 60 var
498 1867 179 94 hans
724 1860 339 98 fornemste
1118 1860 565 96 Statsminister;
1768 1857 251 90 dersom

319 1978 202 72 denne
567 1966 292 90 daarlige
903 1959 376 93 Betitlede,
1339 1959 130 90 som
1511 1978 126 60 var
1695 1958 108 90 saa
1829 1979 154 74 egen-

315 2069 253 93 sindig,
641 2080 71 62 at
755 2062 177 96 ffiule
971 2063 131 92 sig,
1169 2060 127 80 ikke
1347 2055 315 96 befattede
1715 2060 89 91 sig
1861 2068 151 68 med

320 2187 208 76 nogen
580 2165 222 93 Sag,
860 2161 248 92 dersom
1152 2162 156 79 intet
1352 2159 206 78 kunde
1602 2178 146 60 røre
1800 2157 206 98 ham,

320 2263 267 101 hvorfor
632 2264 201 96 ffulde
876 2283 165 58 man
1088 2280 165 60 være
1308 2261 113 90 saa
1468 2264 287 86 daarlig,
1800 2277 71 58 at
1914 2261 69 73 be-

319 2369 202 91 smitte
545 2367 90 95 sig
669 2374 144 70 med
845 2371 104 70 det
993 2360 218 98 Haab
1253 2375 66 64 at
1355 2357 238 96 behage
1623 2360 198 90 ham,
1865 2361 148 73 eller

319 2477 146 71 med
519 2475 120 70 den
691 2462 216 100 Frygt
963 2479 70 62 at
1075 2464 176 86 giøre
1295 2459 156 92 ham
1489 2462 206 72 vred?
1798 2453 183 83 Saa-

318 2561 132 96 fom
486 2565 132 100 han
652 2582 128 62 var
822 2571 170 70 uden
1038 2559 384 94 Billighed,
1470 2566 168 68 uden
1682 2556 330 87 Godhed,

314 2678 170 70 uden
534 2665 292 87 Naade,
886 2663 174 94 hvad
1114 2658 152 84 Got
1312 2661 218 94 giorde
1578 2662 98 72 vel
1708 2668 86 65 da
1830 2655 180 92 hans

315 2767 312 90 orkeslose
668 2764 219 91 Magt
928 2769 75 70 de
1028 2759 375 94 Dødelige,
1453 2781 80 69 og
1574 2756 199 78 burde
1808 2765 71 68 de
1908 2754 105 78 vel

313 2867 298 81 anraabe
655 2870 168 76 den?
955 2859 160 88 Det
1167 2878 126 60 var
1329 2863 266 74 allerede
1641 2867 246 82 meget,
1933 2868 76 64 at

311 2988 163 62 man
551 2965 127 80 ikke
737 2963 251 92 angreb
1049 2959 179 97 hans
1279 2958 349 95 Eyendom
1689 2975 82 75 og
1827 2953 183 92 hans

312 3067 280 92 Væsen.
692 3064 130 94 Og
868 3075 72 68 at
988 3061 160 80 tiene
1198 3058 196 100 hatu,
1446 3077 72 60 at
1554 3054 204 96 frygte
1804 3053 198 94 ham,

314 3188 83 73 vg
440 3183 71 62 at
542 3165 141 95 elffe
714 3166 199 97 ham,
964 3169 107 72 det
1108 3180 127 58 var
1270 3177 69 60 at
1368 3177 165 74 gaae
1574 3152 245 96 forvidt
1858 3160 147 71 med

315 3270 98 90 sin
439 3267 344 95 Artighed.
913 3258 274 89 Derfor
1239 3258 240 97 sprang
1529 3264 118 70 den
1681 3255 322 92 letsindige

313 3367 195 94 Geist
549 3363 100 96 fra
687 3366 206 98 Følge
945 3365 70 78 til
1051 3361 206 99 Følge
1305 3379 136 74 paa
1465 3371 120 66 den
1621 3353 378 91 letsindigste

308 3468 270 81 Maade
626 3462 152 98 efter
826 3460 628 96 Sammenhængen
1504 3459 18 75 i
1552 3472 56 62 et
1644 3454 110 90 saa
1797 3448 199 94 smukt

304 3566 394 101 Argument.
818 3566 262 103 Hiertek
1134 3558 196 92 fandt
1402 3560 250 85 overalt
1704 3576 76 58 en
1845 3549 124 99 Op-

622 3691 219 40 ,s-
1213 3682 54 76 4
1708 3672 162 64 mun
