3020 4654
205 641 370 84 Kienderes
611 641 356 100 Domme;
1001 663 160 60 man
1197 643 180 94 Horte
1405 643 170 88 snart
1607 647 102 72 der
1737 659 172 78 eene,

205 743 184 92 snart
417 753 104 70 der
551 753 222 82 andet,
829 765 144 56 men
1015 755 168 68 uden
1219 741 256 98 Nytte;
1527 751 118 70 den
1673 741 238 96 hidsige

209 841 534 96 Egenkærlighed
769 843 86 88 fik
877 843 216 94 Magt
1133 861 150 62 over
1315 851 118 70 den
1457 843 456 92 beffiæmmeve

209 941 334 100 Fornuft,
601 941 410 98 Forstanden
1075 937 166 94 faldt
1289 945 20 76 i
1359 940 311 91 Masse-kæ-
1753 961 160 60 man

213 1045 260 92 lystrede
525 1047 190 88 ingen
769 1049 204 70 andre
1023 1041 266 92 Ordre,
1347 1051 122 70 end
1517 1041 320 96 Indbild!

211 1153 208 82 gens,
495 1163 82 74 og
627 1153 200 68 denne
871 1159 126 64 var
1047 1139 246 98 forført
1357 1149 120 72 ved
1529 1153 120 66 den
1705 1141 212 92 stærke

209 1239 388 92 smitsomme
667 1241 214 94 Syge
915 1293 24 38 ,
1015 1267 66 54 at
1128 1256 78 75 see
1251 1257 88 78 sig
1379 1269 68 50 at
1493 1259 164 60 blive
1681 1257 238 62 Autor.

207 1339 70 98 I
313 1339 292 82 Staden
669 1341 144 90 saae
871 1361 164 60 man
1091 1341 230 94 næsten
1365 1343 122 90 lige
1527 1337 110 94 saa
1671 1357 252 76 mange

209 1441 316 96 Autorer,
581 1437 132 94 som
765 1441 532 90 Undersaauere,
1369 1445 122 86 lige
1529 1438 389 94 saamange
1677 1455 242 78 mange

211 1539 466 90 Skribemere,
715 1539 132 90 som
881 1538 401 96 Mennesket-;
1385 1537 156 92 De,
1591 1537 132 92 som
1758 1535 131 97 hav-

208 1646 81 73 de
209 1647 80 72 de
325 1645 190 88 ingen
545 1641 332 98 Forstand
911 1641 144 92 selv,
1097 1639 108 80 lob
1239 1635 154 98 efter
1413 1647 268 80 andres,
1711 1657 84 74 og
1839 1637 80 78 kil

209 1745 70 76 al
335 1741 256 94 Ulykke,
643 1741 126 80 ikke
833 1739 404 94 opsnappede
1295 1745 142 82 den,
1487 1743 168 72 uden
1721 1747 196 80 noget

211 1845 408 90 groveligen;
673 1859 144 60 men
853 1847 102 72 der
991 1857 192 58 maae
1221 1837 160 92 koste
1417 1835 178 94 hvad
1631 1843 104 68 det
1773 1837 142 92 vil;

211 1939 216 82 Autor
475 1941 200 92 ffulde
731 1957 166 58 man
957 1955 164 62 være
1149 1985 28 48 ,
1255 1953 84 78 og
1393 1935 306 98 hvordan
1763 1931 122 98 fful-

207 2047 74 72 de
319 2059 160 60 man
511 2039 164 78 blive
705 2041 156 76 det?

431 2135 230 94 Altsaa
691 2135 146 94 saae
865 2157 162 62 man
1057 2141 250 76 overalt
1343 2153 118 76 nye
1487 2129 314 98 Skrifter
1833 2147 82 66 at

203 2237 194 96 pippe
427 2235 188 96 frem,
657 2243 136 88 som
825 2257 156 60 vare
1013 2239 328 90 naturlige
1375 2233 242 98 Følger
1671 2233 78 94 af
1787 2241 128 70 den

205 2339 466 94 Letsindighed,
717 2337 310 98 hvormed
1061 2357 162 58 man
1255 2337 212 96 havde
1501 2337 388 92 igiennemlø-

205 2439 106 76 bet
363 2447 102 70 det
511 2437 374 94 Kongelige
925 2437 324 94 Reffripk.
1361 2433 260 86 Denne
1669 2431 246 100 Frihed

207 2537 296 80 aabnede
555 2545 88 70 da
693 2557 74 58 en
817 2537 208 94 deylig
1075 2535 376 92 Anledning
1493 2533 102 94 for
1633 2545 72 66 de
1743 2537 142 84 hem-

207 2639 234 90 melige
457 2635 304 100 Fiender,
785 2639 72 78 til
889 2653 94 62 ret
1017 2651 70 64 at
1107 2637 194 94 ffiære
1333 2635 354 90 hinanden.
1721 2633 194 82 Man

203 2735 110 94 jog
343 2735 382 94 Kierlighed
755 2755 134 76 paa
905 2735 228 98 Flugt,
1163 2755 82 74 og
1281 2733 168 92 sadte
1483 2735 18 76 i
1531 2741 166 72 dens
1713 2731 202 84 Sted

205 2839 274 90 lynende
553 2835 182 102 Piile
797 2833 80 94 af
929 2845 122 70 den
1105 2837 324 94 ffiændige
1473 2833 440 92 Misundelse.

201 2933 210 98 Hvor
459 2945 104 70 det
615 2943 166 74 onde
833 2933 242 98 Hierte
1117 2939 224 90 glædte
1385 2937 92 94 sig
1519 2953 154 62 over
1709 2943 206 74 denne

201 3031 404 102 Anledning,
647 3033 136 96 som
817 3033 274 84 kildrede
1121 3045 110 70 det
1259 3033 112 94 saa
1403 3051 226 80 meget.

405 3135 190 80 Man
631 3155 136 76 gav
803 3137 92 94 sig
941 3135 232 80 ikkuns
1211 3133 156 98 halv
1399 3133 112 96 saa
1549 3149 204 80 meget
1773 3133 142 92 Tid

201 3233 76 80 til
311 3247 72 66 at
417 3233 160 94 sove,
619 3235 132 90 som
789 3257 160 58 man
987 3241 300 88 pleyede;
1339 3255 74 60 en
1449 3243 130 86 god
1615 3235 190 86 Deel
1841 3231 82 98 af

201 3333 268 82 Natten
525 3335 106 92 gik
691 3335 146 80 bort
897 3347 146 68 med
1105 3355 72 60 ar
1241 3335 280 94 arbeyve
1584 3333 328 96 paa-dise
1767 3333 146 96 disse

199 3431 268 96 søvnige
501 3433 312 86 Værker.
919 3435 134 88 De
1089 3435 146 84 kom
1267 3443 88 72 da
1393 3433 100 96 for
1529 3435 190 92 Lyset,
1765 3435 146 96 disse

197 3533 404 96 ubetydelige
649 3531 334 100 Værker,
1023 3557 82 74 og
1157 3545 76 72 de
1279 3539 172 76 bleve
1499 3539 410 94 mestendeels

193 3627 328 102 fordomre
557 3635 70 86 til
661 3641 124 82 den
821 3633 398 102 velfortieme
1259 3635 334 102 Skiebne,
1635 3651 70 64 at
1739 3639 168 96 ligge

983 3735 92 92 B
1127 3759 54 74 4
1602 3736 173 87 Ue
