2753 4393
915 373 42 80 8

913 567 174 78 deles
1143 561 92 78 vil
1287 555 196 94 bevise
1537 559 96 92 sig
1681 559 174 76 imod
1917 567 80 68 os
2037 555 134 92 som
2223 559 120 76 den
2387 549 216 98 Gud,

913 669 114 72 der
1069 655 212 98 staffér
1323 659 128 90 sine
1495 655 308 98 Fromme
1841 653 202 100 Hielp
2085 659 22 74 i
2149 653 268 82 Nøden.
2471 697 126 16 —

911 759 86 84 O
1039 763 174 76 lader
1269 765 80 70 os
1391 755 172 94 giøre
1599 760 103 76 det
1743 761 140 72 med
1925 773 58 62 et
2025 755 276 98 Hierte,
2365 751 130 90 som
2541 771 58 64 er

911 855 152 94 fuld
1105 853 80 94 af
1219 855 320 92 saadanne
1585 851 548 100 Fornemmelser,
2189 857 170 76 uden
2407 851 192 98 hvilke

911 959 128 76 den
1123 955 426 96 høytideligste
1635 949 350 98 Taksigelse
2067 951 336 96 mishager
2483 969 116 62 vor

911 1053 228 98 Fader
1195 1055 20 78 i
1255 1051 376 100 Himmelen
1653 1057 16 74 !
1773 1049 242 86 Blotte
2057 1051 160 84 Ord
2263 1073 96 60 ere
2411 1071 72 74 ey
2529 1057 74 74 de

911 1151 240 100 Offre,
1213 1151 132 94 som
1401 1151 240 96 behage
1699 1149 226 84 Gud:
1999 1171 148 62 men
2205 1167 56 70 er
2323 1155 278 94 gudeligt

913 1251 400 96 Sindelag,
1393 1253 214 94 hellige
1686 1248 472 98 Beslutninger
2278 1249 328 101 chriselige

911 1353 444 94 Gierninger,
1413 1373 76 56 en
1545 1347 446 98 uforanderlig
2051 1349 200 90 Tillid
2313 1351 68 80 ril
2433 1349 172 100 hans

913 1451 148 92 viise
1107 1473 80 74 og
1227 1453 274 90 naadige
1543 1449 276 100 Forsyn,
1861 1455 102 74 det
2003 1471 64 58 er
2111 1457 140 88 det,
2297 1447 136 94 som
2475 1451 130 96 han

911 1557 150 74 med
1103 1551 358 94 Velbehag
1515 1547 210 92 anseer
1783 1547 126 96 hos
1961 1551 128 90 sine
2135 1549 256 98 Børn,
2451 1555 156 76 dette

913 1671 72 58 «r
1027 1655 120 72 den
1185 1647 390 98 Taksigelse,
1617 1647 134 90 som
1809 1647 130 94 han
1981 1643 252 96 fordrer
2273 1649 82 92 af
2387 1661 80 68 os
2509 1647 100 94 for

911 1751 238 94 enhver
1183 1745 80 96 af
1297 1751 126 90 sine
1447 1745 526 96 Velgjerninger,
2011 1769 82 70 og
2129 1745 134 94 som
2299 1751 66 78 vi
2411 1749 196 94 ogsaa

911 1863 192 61 maae
1165 1847 218 94 bringe
1443 1845 152 96 ham
1657 1843 100 94 for
1815 1851 160 76 dette
2019 1843 482 88 Vunderværk
2541 1845 76 98 af

915 1945 182 88 hans
1141 1943 604 98 Barmhjertighed.

1127 2043 164 80 Min
1335 2043 264 94 gandste
1633 2043 286 98 Hensigt
1961 2065 62 58 er
2059 2047 22 78 i
2113 2045 210 96 Dag,
2363 2067 80 74 og
2487 2047 124 80 bør

909 2163 76 74 ey
1031 2159 168 60 være
1239 2149 254 82 anden,
1547 2147 118 74 end
1707 2161 70 60 ar
1821 2161 346 78 opmuntre
2209 2143 178 84 Eder
2427 2147 68 78 til
2535 2167 76 56 en

907 2240 253 95 saadan
1217 2237 632 100 Sindsforfatning.
2029 2241 140 96 Jeg
2245 2251 88 72 vil
2405 2242 205 92 altsaa

907 2337 492 100 beskrive-Eder
1223 2337 178 84 Eder
1447 2345 142 84 den,
1629 2341 96 92 jeg
1769 2343 88 78 vil
1893 2337 286 96 forestille
2221 2341 178 84 Eder
2442 2341 142 91 Aar-

909 2436 324 100 sagernez
911 2437 302 96 sagerne,
1277 2433 270 98 hvorfor
1601 2437 66 96 I
1733 2439 122 78 bør
1909 2443 178 92 giøre
2141 2439 178 88 Eder
2365 2445 242 94 Umage

907 2533 112 98 for
1073 2557 72 60 ar
1201 2541 250 90 erlange
1505 2541 138 72 den.
1799 2539 236 98 Herlig
2095 2561 64 60 er
2201 2547 120 74 den
2363 2541 238 98 Hielp,

913 2635 138 92 som
1087 2635 176 82 Gud
1303 2635 120 94 har
1461 2639 170 76 ladet
1671 2647 80 68 os
1795 2635 346 96 vederfare.
2231 2641 378 98 Hvorledes

913 2737 138 92 han
1111 2735 120 94 har
1286 2733 217 98 beviis
1559 2745 80 66 os
1695 2741 164 82 den,
1921 2741 160 78 Dette
2125 2761 64 56 er
2235 2749 102 72 der
2377 2741 228 94 første,

919 2835 306 90 hvorpaa
1283 2833 66 78 vi
1391 2831 126 94 har
1557 2849 70 62 ar
1669 2839 294 76 anvende
2009 2857 120 62 vor
2169 2837 270 98 Agtsom
2451 2841 152 92 hed;

915 2933 342 92 hvorledes
1315 2935 68 74 vi
1429 2931 122 92 stal
1599 2933 178 82 rakke
1821 2935 154 96 ham
2017 2937 276 100 derfor,
2349 2945 158 78 dette
2545 2959 60 60 er

915 3035 110 78 det
1065 3035 232 88 andet,
1339 3027 130 94 som
1513 3033 66 76 vi
1619 3049 188 64 maae
1845 3031 368 98 eftertænke.

1434 3222 652 152 Afhandling.

1091 3419 120 62 aar
1263 3399 96 98 jeg
1415 3423 92 60 nu
1571 3403 160 96 først
1787 3411 282 80 erindrer
2125 3411 178 88 Eder
2369 3435 106 62 om
2535 3423 70 72 de

1138 3497 400 109 Troens-tilre-
1599 3501 132 98 som
1785 3511 68 84 vi
1905 3513 22 78 i
1983 3515 200 82 denne
2237 3517 184 100 sidste
2475 3513 128 90 Lid

2445 3617 160 96 have
