2758 4395
853 435 98 64 *4

849 609 142 76 und
1035 603 150 94 seine
1227 599 214 96 Ehre,
1499 603 94 80 die
1629 601 348 96 Religion,
2033 607 120 76 den
2201 597 228 96 König
2471 601 142 76 und

849 709 132 78 das
1017 703 390 84 Vaterland
1451 717 244 66 errettet
1739 701 144 90 hat!

1077 897 178 86 Wie
1309 905 228 74 wollen
1597 901 124 76 wir
1781 919 140 58 nun
1993 895 150 92 diese
2227 893 386 96 Wohlthat

855 997 256 86 Gottes
1167 1017 132 60 von
1357 997 134 96 ihm
1547 997 422 92 annehmen?
2071 997 146 80 Mir
2259 997 200 76 einem
2517 1015 70 72 ge-

849 1093 276 98 rührten
1163 1097 370 78 dankbaren
1557 1097 292 96 Herzen,
1897 1101 152 72 oder
2089 1097 120 76 mit
2251 1099 110 72 der
2393 1091 188 96 gleich-

851 1197 292 94 gültigen
1183 1195 204 80 kalten
1427 1195 442 94 Gesinnung,
1929 1199 120 74 mit
2111 1201 108 72 der
2259 1193 124 78 wir
2429 1189 182 96 schon

847 1293 68 92 so
957 1295 120 78 viel
1107 1293 230 86 Gutes
1377 1313 132 58 von
1551 1295 136 94 ihm
1733 1289 388 98 empfangen
2169 1293 236 92 haben,
2449 1291 160 96 ohne

849 1391 164 96 nach
1059 1399 106 74 der
1205 1395 234 78 milden
1481 1391 218 98 Hand
1741 1391 574 94 emporzublicken,
2381 1389 94 80 die
2519 1389 62 96 ih-

849 1509 116 62 ren
1025 1489 244 96 Segen
1339 1487 158 84 über
1553 1503 138 66 uns
1743 1489 482 94 ausschüttete?
2335 1487 274 98 Wisset,

847 1591 208 80 meine
1093 1589 324 96 Brüder,
1475 1587 178 86 Gvtr
1707 1605 300 66 erwartet
2065 1587 236 94 unfern
2361 1587 250 90 Dank,

849 1709 66 58 er
957 1687 242 94 fordert
1237 1691 114 92 ihn
1393 1707 132 60 von
1561 1701 172 76 uns,
1777 1689 168 96 nicht
1981 1709 116 58 um
2129 1685 292 92 dadurch
2447 1685 154 100 grös-

847 1787 94 88 ser
983 1795 150 72 oder
1171 1787 206 94 seliger
1417 1807 74 74 zu
1531 1797 306 84 werden,
1895 1795 108 72 als
2045 1809 66 58 er
2149 1791 76 92 ist
2269 1793 138 74 und
2451 1789 162 92 ewig

847 1867 146 110 seyn
1035 1891 188 88 wird,
1267 1887 268 88 sondern
1577 1907 74 72 zu
1693 1887 258 90 unserm
1997 1893 248 88 eigenen
2273 1887 188 98 Heil,
2503 1893 88 72 da-

849 1991 122 72 mit
1009 2007 64 56 er
1113 1983 358 98 fortfahren
1515 1985 222 96 könne,
1777 1997 136 70 uns
1957 2005 122 60 vor
2123 1991 188 74 allem
2339 1985 276 90 wahren

849 2083 192 80 Uebel
1079 2103 74 72 zu
1195 2085 386 94 bewahren,
1641 2087 206 76 damit
1889 2087 124 76 wir
2059 2083 180 98 fähig
2285 2085 144 92 seyn
2477 2083 110 80 mö-

851 2201 160 74 gen,
1061 2197 186 66 unter
1291 2181 220 92 seinem
1555 2181 256 100 Schuh
1851 2189 96 70 ein
1991 2187 270 90 ruhiges
2307 2191 138 72 und
2489 2187 94 92 stil-

851 2287 96 74 les
985 2279 194 84 Leben
1221 2301 74 72 zu
1341 2279 258 96 führen.
1729 2281 176 80 Aber
1949 2279 188 94 dieser
2179 2283 264 96 Dank,
2497 2291 116 74 den

849 2379 126 78 wir
1027 2379 180 84 Gott
1265 2379 112 90 für
1433 2379 184 90 unsre
1677 2377 364 98 Errettung
2103 2379 276 100 schuldig
2449 2385 160 90 sind,

851 2477 266 98 bestehet
1157 2479 182 96 mehr
1381 2477 64 80 in
1471 2475 262 92 Thaten
1773 2487 106 70 als
1915 2483 62 72 in
2009 2465 346 98 Worten?
2409 2481 200 90 Diese

853 2579 144 90 sind
1051 2577 136 92 ihm
1245 2599 128 58 nur
1437 2581 178 76 dann
1669 2579 398 94 angenehm,
2133 2599 192 60 wenn
2371 2585 82 94 sie
2493 2585 114 76 mit

849 2675 180 94 jenen
1087 2675 370 80 verbunden
1517 2677 158 94 sind.
1819 2677 158 94 Laßt
2033 2689 140 68 uns
2229 2681 128 92 also
2423 2681 186 98 solche

853 2775 472 96 Gesinnungen
1361 2775 434 92 anzunehmen
1841 2777 254 96 suchen,
2141 2787 138 72 und
2317 2793 134 68 uns
2491 2803 88 58 un-

851 2877 394 76 tereinander
1291 2895 72 70 zu
1407 2877 196 74 einem
1645 2875 234 92 solchen
1927 2877 382 92 Verhalten
2357 2901 224 60 ermun-

853 2991 140 58 tern
1011 3023 24 44 ,
1095 2973 304 88 wodurch
1453 2973 184 90 unsre
1689 2973 468 86 Dankbarkeit
2215 2981 194 96 wahr
2471 2985 134 78 und

853 3071 180 82 Gott
1097 3069 428 98 wohlgefällig
1587 3081 252 76 werden
1903 3075 190 88 kann.
2251 3079 182 86 Gott
2497 3083 110 94 hat

851 3179 138 68 uns
1049 3189 108 72 zur
1199 3171 252 98 Freude
1507 3173 94 78 die
1657 3175 384 96 wichtigsten
2083 3177 312 98 Ursachen
2437 3199 142 80 gege-

853 3267 156 78 ben:
1091 3269 182 88 unsre
1331 3269 252 96 Freude
1637 3273 158 94 muß
1853 3275 154 80 aber
2067 3275 294 98 christlich
2385 3333 24 42 ,
2469 3285 136 74 und

853 3365 198 96 dessen
1107 3365 260 96 würdig
1413 3365 182 94 seyn,
1663 3377 108 74 der
1823 3375 82 94 sie
1957 3387 138 66 uns
2151 3381 258 78 erweckt
2473 3381 128 90 har.

853 3463 180 86 Gott
1089 3467 114 102 hat
1257 3465 154 98 seine
1453 3465 488 102 Strafgerichte
1999 3471 158 86 über
2207 3489 138 72 uns
2368 3475 235 95 aufn

2494 3577 84 91 bo
