2929 4559
788 1985 44 44 tf
788 1900 42 45 tf

1005 451 92 50 2L

1003 617 239 90 Bösen
1297 610 429 97 abschrrcken,
1787 613 228 78 wieder
2075 615 162 76 alles
2289 608 208 96 Laster
2555 606 135 98 auf-

1006 719 310 91 bringen,
1362 732 114 76 zur
1516 708 472 97 Beförderung
2032 717 158 72 alles
2232 709 238 83 Guten
2512 730 164 60 erwe-

1010 819 146 76 cken
1196 810 236 94 lassen:
1500 816 256 74 wollten
1800 813 122 78 wir
1962 817 120 72 den
2134 811 384 93 Unglauben
2562 816 140 78 und

1004 919 140 74 Das
1184 908 274 94 ruchlose
1482 906 278 91 Wesen,
1804 907 224 92 welche
2064 907 196 93 durch
2302 916 170 70 einen
2502 906 200 98 Weg

1008 1013 126 78 mit
1174 1012 166 74 allen
1380 1008 178 98 ihren
1600 1002 316 88 Gräueln
1976 1025 132 60 von
2166 1016 136 72 uns
2346 1010 326 90 ausgetrie-

1006 1109 130 76 ben
1182 1107 184 93 sind,
1430 1104 200 88 durch
1670 1108 176 77 einen
1888 1109 248 74 andern
2172 1107 230 75 wieder
2442 1124 78 72 zu
2564 1118 140 68 uns

1006 1202 445 97 hereinlassen:
1507 1208 154 74 oder
1702 1207 259 74 wollten
2003 1223 120 72 gar
2163 1203 192 93 einige
2394 1218 135 62 von
2567 1216 142 66 uns

1007 1325 78 60 m
1129 1305 96 76 die
1263 1296 406 102 Fußstapfen
1707 1308 110 73 der
1863 1299 440 96 Bssewichter
2345 1316 220 80 treten,
2611 1304 96 78 die

1007 1407 138 76 bas
1185 1399 188 85 Ende
1427 1400 170 96 ihrer
1641 1398 316 83 Sünden
2015 1401 118 78 mit
2185 1397 366 93 Schrecken
2605 1420 74 76 ge-

1015 1501 252 94 funden
1321 1500 210 88 haben
1595 1540 124 14 —
1781 1495 64 92 so
1897 1495 232 84 würde
2183 1499 72 92 ja
2311 1500 96 76 die
2455 1498 252 92 Macht

1005 1599 262 86 Gottes
1307 1618 76 74 zu
1425 1596 220 94 unsrer
1683 1596 358 95 Errettung
2083 1605 140 70 und
2267 1616 112 72 zur
2421 1596 258 84 Erneue-

1005 1719 179 72 rung
1227 1696 229 94 unsers
1499 1696 243 100 Heils,
1785 1695 345 98 vergeblich
2171 1693 168 103 sei
2463 1696 115 96 Ja
2621 1718 81 56 es

1008 1797 270 80 würde
1318 1798 144 76 mit
1500 1818 154 56 uns
1696 1802 140 73 das
1870 1795 232 86 Letzte
2142 1791 226 99 ärger
2402 1798 308 74 werden

838 1885 372 92 Petr-denn
1244 1902 144 70 das
1426 1898 244 84 Erste.
1774 1889 150 90 Die
1946 1891 374 98 Besserung
2366 1896 116 78 des
2504 1892 172 84 Gan-

838 1983 280 110 '20,äen
1156 1994 168 92 alfo,
1386 1992 224 90 welche
1666 1994 98 80 die
1816 1991 356 96 geschehene
2212 1991 494 99 Heimsuchung

1008 2101 122 76 des
1158 2092 236 90 Bösen
1432 2090 352 98 erleichtern
1826 2097 142 74 und
2006 2089 336 94 befördern
2368 2090 132 96 soll,
2546 2094 160 94 mich

1008 2211 138 64 von
1204 2192 232 92 unfern
1490 2192 220 94 eignen
1782 2189 478 94 Gesinnungen
2330 2188 377 100 anfangen;

1005 2293 138 94 daß
1201 2296 110 76 der
1349 2288 172 100 Haß
1577 2310 192 76 gegen
1829 2293 130 76 das
1999 2287 186 92 Böse
2243 2287 210 97 selbst,
2517 2306 190 64 unter

1003 2399 144 78 uns
1189 2390 328 94 lebendig,
1571 2387 400 94 herrschend,
2011 2391 140 76 und
2191 2388 118 79 mit
2353 2394 166 74 allen
2563 2386 118 86 Be-

1005 2487 392 93 mühungen
1441 2498 70 68 es
1553 2506 76 74 zu
1673 2489 382 90 verhindern
2095 2489 236 93 tharig,
2373 2492 138 76 und
2557 2488 152 80 eben

1007 2587 70 92 so
1119 2587 284 93 lebendig
1451 2590 108 76 der
1607 2584 186 93 Eifer
1835 2587 66 76 in
1947 2591 108 74 der
2101 2583 470 99 Beförderung
2615 2590 66 74 al-

1007 2693 96 76 ler
1145 2682 402 100 Wahrheit,
1591 2690 156 77 aller
1787 2683 308 96 Tugend,
2133 2691 140 75 und
2319 2680 362 102 Glückselig-

1009 2787 121 80 keit
1169 2788 225 76 werde.

1168 2885 132 83 So
1340 2884 168 80 wird
1548 2894 72 68 es
1658 2890 166 74 denn
1874 2883 130 90 also
2046 2885 128 78 eine
2216 2881 214 97 heilige
2450 2882 260 100 Freude

1010 2985 150 90 seyn
1202 2976 266 100 müssen,
1514 2984 96 80 die
1642 2986 124 76 wir
1804 2981 158 82 über
2002 2985 94 76 die
2122 2981 428 99 Vergeltung
2592 2986 122 76 des

1010 3083 240 94 Bösen
1288 3084 406 94 empfinden;
1740 3085 82 88 sie
1854 3085 166 78 wird
2058 3087 122 74 den
2202 3079 338 95 Wunsch,
2578 3086 134 74 das

1008 3183 332 80 dankbare
1392 3178 432 97 Vertrauen,
1886 3187 142 74 und
2094 3183 96 80 die
2228 3176 356 100 Hoffnung
2638 3180 74 76 in

1012 3283 125 98 sich
1180 3280 229 98 fassen,
1470 3284 163 78 alles
1686 3279 223 100 wahre
1950 3279 189 92 Böse
2190 3279 193 95 völlig
2434 3276 261 96 entkräf-

1011 3397 128 78 tet,
1203 3384 140 76 und
1385 3384 160 76 alles
1587 3380 224 89 wahre
1853 3379 190 84 Gme
2085 3397 112 74 zur
2235 3377 178 93 Ehre
2453 3376 262 86 Gottes

1011 3479 342 98 reichlicher
1393 3496 188 62 unter
1623 3492 138 67 uns
1803 3477 318 94 befördert
2161 3497 72 74 zu
2279 3476 192 96 sehen.
2565 3476 150 84 Sie

1013 3579 170 88 wird
1243 3584 122 84 den
1407 3574 350 105 Entschluß
1813 3587 136 80 und
2001 3585 124 84 den
2181 3573 190 103 festen
2421 3574 292 98 Vorsatz
