2953 4564
131 591 168 80 winn
345 583 488 96 einzusammeln
871 583 302 96 gedenkt:
1233 577 172 102 nicht
1447 585 94 78 die
1561 581 258 96 Freuds

133 693 158 76 eimr
333 687 322 94 niedrigen
695 681 406 102 Hoffnung,
1155 679 132 98 auf
1325 681 200 98 diesen
1567 681 222 88 Trüm-

129 809 172 60 mern
347 785 124 96 sich
511 783 172 96 selbst
719 785 352 76 wiederum
1113 801 74 70 zu
1221 781 290 96 erheben,
1557 789 146 74 oder
1731 799 88 64 an

123 897 136 70 dem
299 885 454 98 geplünderten
775 881 196 84 Gute
1015 885 178 76 derer
1229 883 94 76 die
1353 879 272 96 gefallen
1655 883 166 98 sind,

123 987 258 86 Anrheil
421 1007 76 72 zu
545 987 252 90 haben;
853 977 174 100 nicht
1067 981 100 80 die
1209 979 264 100 Freude
1519 987 114 74 des
1657 979 134 84 Nei-

121 1095 152 86 des,
341 1093 150 72 oder
535 1091 114 72 des
689 1079 310 102 Hasses,
1067 1087 148 72 oder
1259 1087 108 72 der
1411 1077 412 104 Rachsucht,

123 1193 184 76 deren
363 1183 234 96 Durst
657 1203 128 60 nur
841 1183 118 76 mit
1015 1185 142 74 dem
1197 1179 324 98 Jammer
1579 1187 242 76 andrer

121 1283 352 98 Menschen
517 1281 292 98 gesättigt
853 1285 254 74 werden
1153 1279 220 96 kann;
1431 1277 276 94 sondern
1751 1295 74 68 es

123 1389 70 86 ist
225 1391 90 70 die
363 1383 278 96 gerechte
665 1381 278 98 Freude,
985 1381 128 90 daß
1153 1381 94 78 die
1269 1377 414 96 Grundsätze
1713 1385 112 78 der

123 1483 402 94 Wahrheit,
569 1487 108 74 der
697 1481 304 94 Religion
1047 1483 136 78 und
1225 1477 398 98 des.Rechts
1651 1479 174 98 nicht

123 1587 180 86 mehr
361 1583 66 80 in
487 1587 142 74 dem
685 1585 232 74 wilden
973 1575 370 98 Triumphe
1397 1583 118 76 des
1571 1577 258 100 Lasters

123 1681 338 94 verspottet
505 1685 254 76 werden
799 1675 276 100 dürfen;
1143 1677 130 96 daß
1321 1679 96 78 die
1457 1681 370 94 allgemeine

123 1777 480 98 Glückseligkeit
647 1799 130 62 von
819 1781 176 90 ihren
1037 1777 288 98 Feinden
1367 1775 272 98 befreiet,
1681 1787 146 74 und

123 1883 94 76 die
271 1879 174 96 Ehre
505 1877 258 84 Gottes
817 1895 254 78 gerettet
1127 1881 90 94 ist.
1369 1875 150 84 Sie
1577 1881 76 94 ist
1707 1885 118 90 her

123 1977 332 98 Triumph
535 1987 112 72 des
709 1977 422 94 Glaubens,-
1201 1983 116 74 des
1377 1977 450 84 Vertrauens

121 2087 138 72 und
303 2085 104 74 der
453 2077 354 100 Hoffnung
851 2099 76 72 zu
977 2077 220 96 Gott,
1257 2097 190 60 wenn
1489 2077 152 92 diese
1681 2077 114 84 Ge-

123 2181 364 92 sinnungen
529 2179 124 96 sich
699 2177 406 106 nun,durch
1149 2197 160 58 neue
1351 2175 476 98 Erfahrungen

123 2277 300 98 bewährt
499 2277 270 96 finden;
855 2281 78 84 sie
987 2277 74 94 ist
1133 2283 96 72 ein
1289 2275 366 98 Ausbruch
1715 2285 114 74 der

123 2377 274 94 wahren
455 2375 550 96 Menschenliebe,
1069 2381 136 74 und
1261 2381 116 74 des
1417 2375 222 94 Eifers
1705 2375 118 96 für

117 2483 132 74 das
277 2473 186 84 Wol
503 2481 106 74 der
631 2471 438 100 Gesellschaft,
1115 2479 184 76 deren
1319 2475 308 98 Mitglied
1657 2497 164 62 man

117 2577 98 94 ist,
263 2581 116 76 des
407 2573 246 84 Landes
697 2577 66 76 in
807 2579 142 76 dem
977 2595 158 58 man
1161 2575 250 96 wohnt,
1459 2583 116 74 des
1601 2575 190 98 Thro-

121 2685 154 82 nes,
333 2681 144 72 dem
533 2693 158 60 man
731 2671 438 98 unterworfen
1211 2677 112 94 ist;
1383 2695 192 60 wenn
1615 2677 210 98 dessen

121 2773 228 94 Glanz
391 2777 136 78 und
563 2771 162 102 Heil
789 2793 134 60 von
953 2773 242 100 grosser
1233 2773 270 100 Gefahr
1547 2793 250 64 errettet-

121 2873 126 94 sich
305 2893 132 60 von
493 2895 226 60 neuem
775 2875 412 98 emporhebt,
1249 2881 140 76 und
1435 2883 100 72 die
1575 2875 250 102 Feinde

123 2971 292 96 Gottes,
473 2977 108 76 der
621 2973 400 98 Menschheit
1083 2981 138 76 und
1279 2983 116 74 des
1439 2973 354 86 Vaterlan-

129 3075 114 76 des
287 3093 116 58 um
449 3071 110 96 ihn
609 3073 106 98 her
757 3073 442 98 zerschmettert
1247 3079 228 94 liegen!
1561 3075 146 84 Sie
1745 3079 76 94 ist

129 3171 94 80 ein
267 3169 364 100 Ausbruch
693 3179 106 76 der
841 3173 412 102 Verehrung
1309 3183 140 74 und
1507 3175 174 84 Liebe
1721 3197 72 76 ge-

129 3289 114 74 gen
285 3271 222 94 Gott;
581 3293 190 60 wenn
827 3295 64 60 er
945 3275 218 98 Recht
1201 3275 240 100 schaft,
1503 3283 140 76 und
1683 3297 140 60 von

129 3367 218 92 seinem
431 3371 434 100 Richterstule
949 3379 94 76 die
1119 3373 428 102 Aussprüche
1621 3375 202 94 seines

143 3465 262 88 Worts
447 3479 138 74 und
629 3471 186 94 seiner
839 3473 246 100 Gesetze
1125 3481 116 78 mit
1267 3473 358 102 sichtbaren
1651 3475 142 86 Ent-

135 3563 412 106 scheidungen
587 3573 336 98 bestätigt:
979 3575 62 92 so
1083 3579 72 98 ist
1197 3591 70 72 es
1303 3583 120 82 den
1453 3577 368 96 Gerechten

911 3673 90 86 B
1615 3675 206 102 Freu-
