2735 4363
1747 397 92 66 25

85 573 248 90 hoben:
417 571 160 96 Laßt
637 583 138 68 uns
849 571 130 92 also
1055 575 96 78 die
1209 571 312 86 Sünden
1575 571 268 96 meiden,

85 673 198 92 durch
331 673 96 78 die
465 673 124 78 wir
631 673 80 94 sie
753 681 136 68 uns
933 689 346 78 zugezogen
1325 675 234 94 hatten.
1663 669 182 84 Gort

87 773 114 96 hat
241 783 134 70 uns
419 771 230 92 unfern
675 767 230 96 König
945 769 304 96 erhalten,
1291 779 138 74 und
1475 773 108 96 ihn
1625 769 218 90 seinem

85 873 226 84 Volke
357 869 160 96 aufs
561 891 154 60 neue
767 867 344 98 geschenkt:
1183 873 118 78 wie
1345 871 134 94 sehr
1523 871 324 82 verbindet

85 983 132 70 uns
283 973 132 84 daß
479 971 170 82 Liebe
713 977 138 70 und
915 967 374 96 Gehorsam
1365 993 194 74 gegen
1617 967 230 94 unfern

85 1069 432 94 Beherrscher
553 1089 72 72 zu
669 1071 430 90 verdoppeln!
1187 1069 180 84 Gott
1409 1071 114 86 hat
1563 1081 134 72 uns
1745 1069 102 78 bis

87 1171 208 94 hieher
355 1167 324 100 geholfen:
763 1167 136 92 laßt
963 1177 134 68 uns
1157 1173 262 76 daraus
1477 1173 96 76 die
1635 1189 188 72 zuver-

85 1271 268 94 lässigste
397 1265 358 100 Hoffnung
813 1263 328 100 schöpfen,
1205 1289 62 56 er
1313 1273 208 74 werde
1565 1267 104 80 bis
1721 1279 130 68 ans

87 1369 190 84 Ende
319 1375 160 74 alles
523 1369 118 80 mit
679 1377 134 70 uns
859 1365 178 98 wohl
1077 1365 294 94 machen!

315 1567 252 100 Freude
611 1565 156 80 über
811 1565 422 96 empfangene
1283 1563 456 100 Wohlthaten
1785 1569 74 90 ist

85 1667 260 96 Dank,
417 1669 72 90 ist
557 1673 144 74 dem
763 1663 450 96 Wohlchacer
1285 1669 94 74 ein
1437 1667 424 96 angenehmer

87 1767 320 92 Beweis,
457 1769 128 90 daß
627 1767 156 90 seine
827 1783 200 76 guten
1069 1765 340 92 Absichten
1457 1787 132 56 von
1635 1773 228 86 denen,

89 1871 96 76 die
229 1867 152 92 seine
421 1867 192 84 Güte
671 1863 294 96 erfahren
1025 1865 248 92 haben,
1353 1865 266 78 erkannt
1663 1869 196 82 wird,

91 1973 136 74 und
275 1967 128 92 daß
433 1969 100 90 ffie
575 1973 128 72 das
743 1967 214 92 Gme,
1001 1963 266 98 welches
1309 1985 62 56 er
1413 1965 192 94 ihnen
1649 1969 182 74 erwie-

93 2065 96 92 sen
237 2071 152 90 hat,
431 2085 74 72 zu
551 2063 266 98 schätzen
861 2061 236 98 wissen.
1223 2061 182 86 Wir
1447 2059 236 96 dürfen
1723 2075 140 68 uns

97 2175 128 74 aho
269 2165 270 92 freuen,
585 2167 64 86 ja
695 2165 122 74 wir
861 2163 186 90 sollen
1091 2171 110 82 es,
1261 2167 140 74 weil
1441 2165 122 76 wir
1611 2163 254 90 unserm

97 2263 180 84 Gott
321 2263 116 90 für
479 2261 182 92 unsre
699 2259 376 96 Errettung
1109 2259 230 88 Dank
1381 2261 272 98 schuldig
1697 2267 160 92 sind.

97 2355 212 90 Was
343 2361 166 92 sollte
555 2373 132 68 uns
729 2361 176 94 wohl
951 2361 308 92 abhalten
1299 2361 244 80 können
1589 2371 108 72 der
1735 2371 94 72 leb-

97 2461 304 94 haftesten
463 2463 250 96 Freude
769 2465 130 74 voll
963 2481 74 74 zu
1109 2459 186 94 seyn,
1379 2467 86 74 da
1521 2463 184 84 Gott
1765 2465 94 78 die

93 2561 258 98 Person
409 2561 224 86 unsres
703 2559 298 86 geliebten
1057 2559 314 96 Königs,
1453 2567 84 74 da
1601 2585 64 56 er
1731 2569 130 74 das

97 2663 212 94 Haus
373 2659 226 90 unsres
661 2657 510 98 Beherrschers,
1243 2669 84 70 da
1389 2681 64 58 er
1517 2665 96 76 die
1669 2683 194 74 ganze

95 2761 290 90 Nation,
427 2767 136 70 und
617 2763 174 76 einen
839 2761 176 90 jeden
1061 2777 188 64 unter
1297 2769 180 84 uns,
1521 2783 132 58 von
1697 2769 162 72 einer

99 2861 60 106 so
205 2861 242 96 grossen
483 2863 136 74 und
657 2859 602 98 augenscheinlichen
1279 2855 268 98 Gefahr
1587 2859 274 98 befreyet

101 2961 172 94 hat?
399 2957 174 82 Aber
647 2961 150 88 diese
849 2959 256 98 Freude
1171 2963 160 90 muß
1391 2937 118 116 sich
1571 2961 168 96 nicht
1793 2965 66 78 in

97 3061 472 92 Gesinnungen
613 3065 134 72 und
793 3057 266 98 Tharen
1103 3061 292 94 aussern,
1473 3063 220 94 welche
1737 3069 120 74 den

101 3157 290 96 Gesetzen
441 3165 110 72 des
597 3157 532 96 Christenthums
1175 3157 528 100 widersprechen,
1745 3169 112 74 dev

103 3255 382 98 öffentlichen
557 3257 204 86 Ruhe
829 3263 138 72 und
1035 3259 378 96 Sicherheit
1479 3259 372 100 nachrheilig

101 3359 162 92 sind,
283 3363 134 74 und
445 3355 130 94 also
603 3355 610 98 nothwendigGort
1237 3355 324 94 misfallen
1587 3359 268 96 müssen.

107 3455 284 84 Können
455 3461 122 78 wir
621 3455 128 92 also
789 3455 176 92 wohl
1009 3459 94 76 die
1145 3459 708 98 Gewaluhacigkeiren,

903 3553 168 96 B;
1785 3561 70 80 in
