2730 4444
1669 421 92 69 -5

77 593 339 96 faa-danne
463 591 523 98 Udrustninger,
1069 596 135 90 som
1259 594 183 80 ikkun
1497 615 73 58 en
1623 615 137 61 nær

80 699 428 96 forestaaende
530 692 198 95 Krig,
766 699 142 72 eller
950 710 58 60 et
1052 691 706 99 befrygteligOverfald

82 795 80 96 af
206 818 74 58 en
336 791 472 97 fremrykkende
852 791 280 98 Fiende,
1206 798 144 90 giør
1404 791 362 92 fornøden:

80 911 122 66 var
260 894 122 78 ikke
444 892 174 98 Fred
674 897 204 74 rundt
932 888 286 94 omkring
1276 897 136 73 os?
1568 891 196 97 Nok,

80 1001 169 76 mine
268 992 305 94 Brødre,
610 997 93 74 alt
742 993 175 92 hvad
954 987 131 93 som
1118 1006 123 60 var
1276 986 489 101 forskrækkeligt,

85 1098 218 79 truede
355 1100 82 74 os
497 1088 106 96 fra
661 1107 152 62 vore
871 1089 314 98 Fienders
1229 1082 232 95 Side,
1517 1091 132 90 som
1701 1097 68 74 vi

85 1200 244 75 nærede
369 1194 22 74 i
433 1208 120 60 vor
599 1187 254 82 Skiød.
959 1187 188 81 Lovet
1187 1204 164 62 være
1395 1185 198 96 Gud,
1635 1189 132 90 som

83 1293 124 80 ikke
247 1294 120 94 har
403 1292 166 94 giver
613 1299 78 68 os
733 1287 68 80 ril
845 1303 56 64 et
917 1285 164 83 Rov
1127 1278 102 96 for
1265 1292 180 73 deres
1467 1285 302 99 Tænder,

85 1391 139 96 som
283 1388 123 90 har
459 1390 167 94 giorr
685 1391 181 76 deres
925 1381 254 91 troes-see
1237 1406 79 74 og
1359 1384 415 99 blodgierrige

88 1492 394 97 Hensigter,
546 1486 94 97 thi
692 1491 202 74 andre
932 1483 124 79 kan
1100 1488 74 74 de
1216 1504 72 74 ey
1336 1484 162 91 have
1540 1505 232 75 været,

90 1593 74 78 til
210 1588 380 91 Skamme,
646 1583 132 94 som
836 1585 230 93 næsten
1108 1584 20 76 i
1166 1586 106 78 det
1310 1582 320 95 Øyeblik,
1690 1593 88 72 da

92 1691 244 93 Oprør
380 1710 78 72 og
488 1688 218 80 Mord
750 1685 164 78 vilde
954 1683 198 91 bryde
1198 1688 118 90 ud,
1360 1682 122 97 har
1526 1685 248 94 ffienker

92 1803 81 66 os
212 1786 369 98 Sikkerhed
626 1803 81 76 og
750 1781 409 95 Roelighed!

313 1884 174 86 Var
551 1883 120 80 ikke
725 1901 120 60 vor
889 1877 398 99 Elendighed
1345 1884 166 91 stor,
1573 1879 206 98 ffulde

95 1989 128 80 den
281 2006 72 76 ey
415 1990 210 74 endnu
681 1997 194 64 været
937 1981 216 77 bleven
1209 1986 254 89 større,
1531 1979 246 92 dersom

87 2085 182 84 Gud
309 2102 70 80 ey
419 2086 206 94 havde
665 2079 304 94 forkortet
1001 2094 150 64 vore
1175 2078 310 94 Angestes
1505 2079 276 96 Dage?

97 2184 199 83 Skal
333 2190 99 72 vel
471 2202 157 58 vore
667 2177 537 93 Efterkommere,
1240 2170 124 99 skal
1407 2183 99 74 vel
1547 2185 75 72 de
1665 2199 85 58 øv-

108 2287 132 89 rige
268 2278 164 100 Folk
474 2284 142 74 ville
644 2281 143 75 ltroe
832 2281 124 90 der,
994 2296 166 58 naar
1200 2280 94 76 alt
1338 2282 100 71 det
1478 2275 306 92 fortælles

114 2387 170 87 dem,
330 2378 130 92 som
500 2382 64 76 vi
608 2381 158 94 have
808 2383 264 86 oplever,
1116 2376 174 92 hvad
1330 2377 66 76 vi
1442 2383 140 72 med
1626 2395 156 62 vore

98 2481 208 95 Øyne
348 2478 158 96 have
548 2476 166 92 seet?
768 2473 122 98 Og
936 2472 240 94 dersom
1220 2480 74 74 de
1336 2490 134 63 troe
1512 2483 138 86 det,
1692 2479 94 77 vil

98 2589 81 74 de
218 2578 123 80 ikke
384 2584 85 76 da
508 2575 335 81 udraabe:
894 2573 247 100 Havde
1182 2578 87 74 da
1298 2572 173 83 Gud
1514 2577 271 92 gandffe

105 2679 344 81 bortvendt
489 2680 76 92 sit
601 2673 234 96 Ansigt
875 2667 105 99 fra
1007 2670 504 86 Dannemark?
1567 2673 220 84 Vilde

105 2781 132 86 han
305 2784 88 74 da
449 2781 238 77 aldeles
757 2773 122 80 ikke
947 2792 166 60 meer
1171 2790 164 60 være
1393 2775 158 76 dette
1607 2773 180 82 Land

105 2878 240 92 naadig
367 2880 38 74 ?
533 2870 204 101 Hvor
783 2869 126 96 ofte
955 2873 160 93 have
1155 2878 66 70 vi
1263 2870 122 80 ikke
1429 2867 120 94 selv
1595 2886 196 64 været

103 2977 25 78 i
163 2974 279 98 Fristelse
483 2972 281 92 saaledes
807 2991 73 60 ar
921 2974 237 76 tvivle!
1211 2970 209 96 Hvor
1459 2967 127 96 ofte
1627 2971 163 86 have

108 3079 68 76 vi
214 3072 122 80 ikke
374 3074 156 94 havt
572 3070 312 93 fornøden
918 3076 122 73 ved
1078 3068 216 84 Guds
1334 3071 266 94 helligste
1626 3069 140 96 For-

106 3172 278 97 jættelser
432 3192 68 58 ar
540 3172 308 91 bestyrkes
874 3173 20 74 i
918 3187 120 59 vor
1078 3168 172 88 Troe
1274 3190 134 72 paa
1436 3171 172 94 hans
1628 3171 136 94 For-

110 3273 150 94 syn!
314 3270 128 84 Nu
486 3268 200 96 erfare
728 3273 102 90 vi,
872 3291 132 70 paa
1046 3270 184 90 hvem
1274 3272 66 74 vi
1386 3267 164 96 have
1594 3285 202 62 troet:

114 3373 173 80 Gud
330 3372 119 94 har
490 3377 215 73 redder
740 3375 115 72 os!
894 3367 169 96 Han
1100 3366 119 96 har
1260 3366 283 92 saaledes
1576 3371 217 74 redder

119 3481 104 83 os,
267 3488 70 60 at
377 3474 66 74 vi
483 3467 440 97 øyensynligen
963 3465 104 93 see,
1111 3466 128 92 han
1283 3468 118 92 har
1445 3469 166 90 giorr
1651 3464 142 79 der!

121 3567 116 87 Vi
277 3568 250 96 ligesom
583 3570 216 95 hørte,
871 3569 334 96 hvorledes
1263 3566 132 88 han
1447 3563 106 98 fra
1593 3563 198 96 Him-

1675 3679 124 58 me-
