2791 4379
119 610 256 97 sollten,
445 613 124 80 den
625 605 478 101 schrecklichsten
1163 607 360 100 Auftritten
1583 626 298 85 entgegen

117 708 234 98 sahen!

350 905 200 98 Nach
592 902 458 106 menschlichem
1098 903 292 102 Ansehm
1452 908 256 94 durften
1760 917 122 80 wir

122 1008 160 93 noch
324 1009 166 94 nicht
536 1007 234 99 hoffen,
814 1010 130 92 daß
990 1011 94 78 die
1130 1007 216 100 Hülfe
1388 1017 116 75 des
1544 1012 230 96 Herrn
1816 1013 64 90 so

126 1108 172 90 nahe
336 1107 118 96 sey.
606 1106 188 96 Daß
840 1106 80 96 sie
958 1106 294 83 kommen
1296 1107 274 97 würde,
1636 1112 128 94 daß
1806 1115 84 90 sie

124 1204 171 100 nicht
320 1205 373 84 ausbleiben
734 1206 249 94 könnte,
1028 1213 127 74 das
1182 1207 263 94 wußten
1488 1218 121 70 wir
1636 1211 251 95 gewiß!

131 1302 200 95 Noch
371 1307 306 94 glaubten
715 1308 160 90 wir,
919 1306 128 95 daß
1093 1305 180 82 Gott
1313 1309 96 75 die
1453 1306 204 86 Welt
1699 1313 160 92 regie-

127 1426 94 74 re,
263 1411 140 74 und
447 1407 128 92 daß
619 1406 160 90 ohne
819 1404 200 92 seinen
1045 1403 266 84 Willen
1349 1403 132 80 kein
1507 1406 206 98 Haar
1753 1428 136 61 von

127 1501 536 102 unsermHaupte
687 1504 412 80 umkommen
1123 1505 236 78 könne!
1399 1502 458 94 DiesenGlau-

125 1602 147 94 ben,
319 1601 195 94 diesen
547 1601 195 97 Trost
783 1600 223 94 unsres
1037 1603 259 96 Lebens,
1341 1604 151 92 diese
1527 1602 363 101 Hoffnung

124 1706 166 76 einer
318 1701 230 96 bessern
566 1700 318 97 Zukunft,
932 1704 218 96 hatten
1178 1713 132 68 uns
1336 1705 92 76 die
1446 1702 308 96 Räuber,
1790 1709 98 76 die

124 1812 140 70 uns
290 1781 182 110 unsre
496 1800 256 96 zeitliche
770 1798 480 99 Glückseligkeit
1276 1810 336 72 entwandt
1636 1804 250 97 hatten,

130 1898 166 94 nicht
334 1901 250 78 rauben
626 1899 290 83 können!
1016 1898 188 97 Daß
1248 1899 180 84 Gott
1468 1902 130 80 kein
1646 1913 242 85 ganzes

132 1996 223 95 Volk,
397 2017 184 60 unter
617 1998 294 96 weichem
956 1996 59 94 so
1057 2003 150 76 viele
1250 1997 297 97 fromme,
1587 2000 300 96 gerechte,

129 2099 424 94 wohlcharige
577 2095 348 93 Menschen
971 2097 192 94 leben,
1206 2101 108 74 der
1359 2097 336 95 Wollust,
1737 2102 150 77 dem

129 2194 408 96 Eigennütze,
577 2203 144 71 dem
745 2194 272 94 Ehrgeiz
1041 2199 226 94 einiger
1295 2197 316 97 niedrigen
1627 2198 226 97 Knech-

135 2310 59 64 te
247 2298 115 75 des
421 2293 246 90 Lasters
723 2290 342 96 aufopfern
1105 2295 265 94 würde,
1431 2302 127 74 das
1603 2298 101 94 fiel
1751 2309 139 68 uns

132 2392 100 94 oft
294 2395 140 90 ein,
500 2399 128 72 das
688 2392 322 96 beruhigle
1064 2407 132 66 uns
1254 2413 132 58 von
1442 2416 194 64 einem
1694 2394 192 97 Tage

128 2510 152 78 zum
332 2495 244 76 andern
598 2497 16 72 !
714 2490 188 96 Daß
960 2496 92 78 die
1100 2489 384 97 Verräther
1542 2494 200 94 durch
1784 2499 104 74 ein

132 2588 310 100 gerechtes
484 2587 452 99 Verhängniß
962 2592 252 87 Gottes
1256 2595 66 76 in
1366 2599 144 73 dem
1552 2592 194 94 Netze
1792 2593 62 96 ih-

132 2710 101 58 rer
260 2686 307 85 Sünden
610 2688 275 82 würden
930 2692 311 95 gefangen
1280 2698 277 86 werden,
1606 2692 125 92 daß
1774 2695 113 76 der

129 2786 158 97 Tag
325 2787 288 80 kommen
641 2786 258 98 müßte,
943 2812 88 59 an
1075 2791 290 90 welchem
1411 2792 78 94 sie
1535 2791 324 93 seynwür-

135 2892 124 74 den
295 2889 120 78 wie
449 2885 288 97 Spreu,
781 2890 96 76 die
917 2894 108 78 der
1071 2881 234 92 Wind
1347 2894 322 87 zerstreuet
1687 2928 22 56 ,
1751 2896 134 75 das

135 2984 194 98 sahen
369 2987 120 76 wir
529 2991 182 91 lange
751 2984 184 100 schon
973 3001 292 84 voraus,
1323 2995 170 72 denn
1531 2990 122 76 wir
1697 2989 158 94 wuß-

135 3100 105 64 ten
285 3095 129 68 aus
455 3089 107 76 der
605 3084 387 98 Erfahrung
1049 3095 135 72 und
1241 3099 131 68 aus
1435 3098 141 68 dem
1621 3086 261 84 Worte

136 3182 292 95 Gottes,
470 3185 126 92 daß
638 3190 134 88 dieß
818 3194 128 68 das
988 3184 186 85 Ende
1220 3193 108 70 der
1372 3177 348 101 Gottlosen
1760 3184 126 93 sey,

134 3284 124 74 wir
302 3281 348 80 bemerkten
700 3296 68 66 es
812 3280 216 100 schon,
1078 3287 120 76 wie
1232 3287 92 90 sie
1370 3288 116 76 mit
1528 3284 358 95 Blindheit

138 3376 350 99 geschlagen
528 3388 296 88 wurden,
864 3384 118 76 wie
1024 3381 100 98 ihr
1162 3381 196 96 Weg
1402 3404 130 60 von
1576 3380 190 94 Tage
1802 3399 84 72 zu

140 3474 195 105 Tage
388 3479 261 92 dunkler
715 3498 122 68 vor
900 3484 187 90 ihnen
1153 3489 226 82 ward!
1484 3482 175 90 Aber
1728 3477 155 90 diese

927 3578 90 94 V
1055 3603 44 66 s
1667 3577 218 98 angst-
