2953 4564
139 589 122 62 von
317 575 134 74 uns
493 561 366 96 entfernten,
923 565 210 80 damit
1177 565 96 80 die
1311 555 216 106 Hülfe
1569 557 254 84 Gottes

137 669 156 98 nicht
351 663 346 98 vergeblich
761 663 114 96 sey.
1039 661 182 84 Wir
1257 667 232 76 wollen
1529 669 132 72 uns
1705 667 118 74 alle

135 791 152 72 nun,
321 787 72 74 zu
437 771 160 74 einer
635 761 254 98 eifrigen
925 767 140 76 und
1101 763 292 96 thatigen
1413 759 410 98 Verehrung

133 891 186 74 gegen
361 865 178 84 Gott
583 869 136 74 und
763 863 152 92 seine
951 859 274 98 Gesetze,
1271 881 74 74 zu
1393 863 162 82 einer
1599 879 202 62 unver-

133 967 286 96 letzlichen
465 963 212 90 Treue
731 983 196 88 gegen
987 967 120 74 den
1149 961 276 96 König,
1491 967 138 74 und
1687 979 142 74 zum

131 1067 294 96 richtigen
501 1063 180 94 Eifer
761 1061 112 94 für
943 1067 126 74 das
1155 1063 228 88 wahre
1461 1063 372 92 allgemeine

133 1165 240 96 Beste,
427 1165 120 76 mit
585 1185 200 58 neuen
825 1159 578 96 Emschliessungen
1453 1161 380 94 vereinigen,

135 1271 168 74 denn
375 1271 162 86 dazu
617 1261 112 94 hat
797 1271 134 70 uns
991 1259 180 84 Gott
1233 1259 128 94 jetzt
1427 1277 134 58 von
1631 1279 204 58 neuen

135 1363 280 98 Freiheit
473 1369 138 72 und
667 1359 194 98 grosse
907 1359 576 94 Ermunterungen
1543 1357 288 94 gegeben.

135 1465 102 84 Er
297 1463 116 90 hat
457 1473 136 68 uns
651 1481 126 60 von
839 1481 198 56 neuen
1093 1455 186 98 fähig
1319 1457 288 96 gemacht
1623 1507 24 44 ,
1717 1459 120 76 mit

137 1561 302 98 grösserm
481 1561 218 96 Muht
767 1565 134 74 und
947 1559 416 96 Fortgange,
1423 1555 216 94 weife,
1699 1575 108 60 ver-

141 1659 254 96 ständig
437 1667 136 72 und
615 1657 422 98 rechtschaffen
1079 1663 66 74 in
1187 1663 110 74 der
1333 1655 366 98 Erfüllung
1745 1659 68 74 al-

137 1767 84 72 ler
281 1759 216 92 unsrer
545 1757 324 98 Pflichten
925 1779 76 72 zu
1063 1763 300 76 werden:
1441 1761 140 74 und
1641 1777 192 58 wenn

139 1865 120 74 wir
309 1861 188 78 darin
539 1859 220 90 feinem
805 1857 258 84 Winke
1105 1857 392 96 gehorchen,
1559 1855 62 92 so
1665 1857 170 76 wird

141 1963 116 74 mit
337 1965 106 72 der
527 1955 402 100 Aufhebung
1017 1963 114 74 des
1213 1955 274 94 Bösen,
1569 1953 266 96 zugleich

143 2057 366 96 Besserung
571 2065 142 72 dem
761 2059 288 92 Ganzen
1103 2037 344 112 verschaff:
1519 2053 60 94 so
1625 2057 74 90 ist
1741 2053 96 78 die

143 2159 216 94 bisher
419 2163 338 88 gedauerte
803 2155 360 98 Zulassung
1215 2161 162 74 einer
1421 2151 414 100 ungerechten

143 2263 136 74 und
321 2253 394 98 feindseligen
759 2255 282 92 Macht,
1107 2257 128 76 eine
1273 2251 378 98 wolthätige
1695 2249 112 102 Fü-

145 2377 180 74 gung
379 2353 314 96 gewesen,
767 2357 128 90 daß
945 2361 120 74 wir
1121 2353 322 94 dadurch,
1495 2359 106 74 als
1639 2351 196 98 durch

147 2455 412 96 Züchtigung
601 2459 136 74 und
787 2451 394 98 Erfahrung
1223 2475 176 70 nun,
1467 2471 72 74 zu
1581 2453 256 90 unserm

145 2553 628 112 gemeinschaftlichen
799 2553 210 98 Heile,
1045 2553 178 90 weise
1265 2557 254 74 werden
1563 2551 272 96 können,

151 2673 188 60 wenn
381 2655 124 76 wir
547 2659 240 74 anders
827 2661 246 72 wollen.
1127 2653 152 88 Also
1321 2651 164 90 nicht
1525 2671 74 74 zu
1633 2673 206 60 neuen

149 2751 390 96 Thorheiten
603 2757 136 74 und
785 2751 348 96 Sünden,
1191 2751 270 96 sondern
1517 2771 72 74 zu
1639 2771 200 60 emem

147 2873 122 58 neu
315 2851 442 96 erwachenden
793 2853 194 82 Leben
1027 2859 106 74 der
1173 2853 266 96 wahren
1463 2849 350 100 Frömmig-

149 2953 110 78 keit
305 2957 134 74 und
469 2949 276 96 Tugend
783 2969 186 62 unter
1009 2963 156 82 uns,
1205 2959 160 88 dazu
1411 2951 108 92 soll
1565 2955 96 76 die
1703 2963 138 68 uns

147 3049 368 94 erschienene
551 3049 290 82 Stunde
889 3059 104 72 der
1039 3051 238 98 Hülfe,
1321 3059 108 74 der
1473 3049 366 96 Errettung

149 3157 136 74 und
347 3157 114 72 des
519 3147 240 102 Heils,
833 3169 130 60 von
1023 3165 134 68 uns
1207 3161 164 72 allen
1425 3157 418 90 angewendet

149 3257 286 74 werden!
1687 3305 14 12 .

299 3347 270 86 Starke
613 3347 250 86 Gottes
907 3349 92 94 sey
1045 3363 68 68 es
1157 3353 190 92 Dir,
1393 3359 90 74 du
1527 3371 130 60 von
1705 3363 134 76 uns

153 3455 156 78 allen
345 3449 314 98 geliebter,
699 3451 116 80 mit
853 3455 118 78 den
1009 3447 334 104 feurigsten
1363 3455 478 96 Gesinnungen

905 3549 90 86 B
1037 3575 32 68 5
1731 3557 110 78 der
