2912 4503
973 411 50 74 6
1531 418 568 68 =====

980 603 168 80 über
1184 602 132 78 eine
1352 617 134 62 von
1530 599 136 89 ihm
1708 598 176 97 selbst
1926 596 336 102 geschaffne
2290 600 206 87 Welt
2536 601 146 97 seyn

982 699 256 82 würde.
1342 697 110 84 Es
1490 697 170 80 kann
1704 718 174 74 zwar
1914 699 186 90 seiner
2128 700 288 99 höchsten
2434 701 218 85 Weis-

988 797 131 94 heit
1151 800 140 76 und
1322 795 193 84 Güte
1553 798 164 94 nicht
1755 817 298 78 entgegen
2092 798 163 94 seyn,
2300 803 127 90 daß
2458 807 63 70 in
2557 806 92 74 die-

987 895 92 92 ser
1125 892 208 86 Welt
1359 891 224 96 Böses
1625 896 516 98 hervorkommt;
2193 904 168 77 denn
2407 903 94 76 die
2525 899 126 81 Na-

983 1007 117 64 tur
1139 989 439 102 vernünftiger
1625 994 257 90 Wesen
1941 1001 141 75 und
2143 996 153 92 seine
2337 997 343 97 Absichren

984 1091 128 75 mit
1150 1090 188 92 ihnen
1376 1091 260 92 fordern
1678 1102 110 84 es,
1850 1093 128 94 daß
2030 1115 64 57 er
2134 1094 320 92 denselben
2504 1101 178 75 einen

986 1186 292 97 gewissen
1304 1184 242 89 Raum
1592 1188 164 98 lasse,
1798 1208 74 73 zu
1910 1191 260 89 wählen
2212 1201 136 72 und
2390 1215 74 72 zu
2490 1197 194 91 thun,

987 1294 158 72 was
1201 1288 84 92 sie
1337 1295 250 74 wollen.
1732 1288 177 84 Aber
1965 1309 190 61 wenn
2219 1296 276 79 niemals
2555 1298 130 76 das

983 1381 350 97 freiwillige
1401 1385 186 90 Böse
1663 1392 120 76 mit
1839 1393 198 78 einem
2093 1388 186 94 seiner
2341 1391 344 97 würdigen

987 1487 141 77 und
1171 1482 135 98 ihm
1349 1486 467 98 angemessenen
1843 1491 191 78 Uebel
2069 1496 319 90 vergolten
2425 1487 261 103 würde;

984 1601 198 62 wenn
1222 1584 96 76 nie
1362 1591 108 74 der
1494 1584 392 98 Unterschied
1918 1587 290 95 zwischen
2236 1594 142 75 dem
2404 1588 250 98 Gerech-

986 1697 108 64 ten
1136 1688 136 76 und
1314 1683 463 99 Ungerechten;
1842 1685 290 98 zwischen
2178 1694 167 89 dem,
2390 1695 110 76 der
2540 1697 146 77 dem

985 1779 238 102 -Herrn
1263 1784 206 93 dient,
1525 1788 138 76 und
1709 1790 188 91 dem,
1955 1791 108 75 der
2103 1786 134 94 ihm
2281 1789 164 94 nicht
2487 1793 198 89 dient,

987 1877 294 98 offenbar
1321 1889 254 76 werden
1619 1884 212 97 sollte;
1889 1903 190 63 wenn
2103 1894 130 74 das
2257 1886 234 95 Laster,
2535 1896 120 72 wel-

985 1981 147 90 ches
1189 1982 119 76 mit
1359 1987 141 74 dem
1561 1979 319 93 Nahmen
1923 1983 291 97 Gottes,
2271 1995 117 72 alle
2435 1987 251 95 Gesetze

984 2076 364 99 verspottet,
1368 2083 230 88 allezeit
1622 2086 136 76 und
1782 2087 160 90 ewig
1962 2088 496 95 triumphieren;
2506 2085 152 89 Got-

980 2173 321 99 tesfurcht
1368 2185 139 72 und
1568 2177 279 97 Tugend
1918 2181 305 97 hingegen
2292 2187 229 90 allezeit
2588 2186 71 80 be-

985 2273 246 94 schämt
1271 2275 262 95 zurücke
1573 2281 204 93 stehen
1831 2287 138 76 und
2029 2288 200 92 zuletzt
2295 2282 392 96 verzweifeln

983 2377 294 95 müsten:
1333 2376 62 91 so
1439 2377 232 81 würde
1719 2378 180 86 Gott
1943 2379 172 99 selbst
2155 2388 118 74 alle
2313 2383 376 97 Ordnung,

983 2473 611 98 Vollkommenheit
1632 2484 138 72 und
1818 2485 120 74 alle
1964 2482 222 94 wahre
2205 2481 481 97 Glückseligkeit

986 2589 194 65 unter
1220 2570 200 96 seinen
1458 2575 216 94 eignen
1700 2575 402 96 Geschöpfen
2142 2561 420 111 verhindernd
2618 2582 66 92 so

984 2671 231 83 könnte
1254 2678 301 77 niemand
1604 2668 359 105 wünschen,
2006 2696 187 64 unter
2226 2686 119 74 den
2376 2678 293 96 Geschaf-

985 2767 214 97 fenen,
1245 2772 252 86 Gottes
1537 2793 74 74 zu
1653 2774 284 95 bleiben,
2009 2784 142 72 weil
2193 2782 302 79 niemand
2547 2788 108 74 als-

983 2879 172 73 benn
1181 2872 116 94 bey
1319 2882 108 71 der
1451 2871 734 99 reinstenGottesfurcht
2207 2887 138 74 und
2371 2877 312 99 eifrigsten

987 2967 283 99 Tugend
1316 2975 96 78 die
1448 2974 304 94 geringste
1795 2970 379 101 Sicherheit
2218 2982 194 88 hatte.
2478 2979 180 87 Dar-

988 3091 118 62 um
1162 3072 144 94 sind
1350 3075 96 78 die
1488 3070 434 97 Wirkungen
1976 3081 112 74 der
2142 3080 356 88 richtenden
2538 3086 140 74 und

984 3176 437 90 vergeltenden
1486 3168 647 101 Strafgerechrigkeit
2200 3178 249 83 Gottes
2518 3173 163 87 über

983 3275 162 76 alles
1189 3268 220 97 Böse,
1471 3271 152 79 eben
1681 3252 60 106 so
1797 3269 346 100 unfehlbar
2203 3296 74 74 zu
2335 3296 350 76 erwarten,

981 3371 114 77 als
1139 3374 110 74 der
1291 3372 178 79 innre
1515 3367 288 95 Abscheu
1857 3377 116 74 des
2019 3374 312 98 heiligsten
2375 3375 302 95 Wesens

982 3487 92 58 an
1098 3466 370 97 demselben,
1510 3472 206 95 gewiß
1740 3474 92 93 ist.
1914 3469 136 100 Ja,
2078 3472 80 82 ob
2180 3475 188 100 gleich
2394 3483 108 76 der
2523 3479 161 95 Vok

1366 3575 138 82 und
1548 3570 318 104 endlichen
1904 3575 428 102 Vergeltung
2384 3575 156 97 noch
2586 3580 98 74 ein
