2744 4401
1727 449 92 72 £9

65 621 180 84 Wir
301 617 410 92 versäumten
767 621 96 76 die
907 621 492 96 Gelegenheiten
1443 633 134 68 uns
1619 623 204 98 durch

65 721 264 98 dasselbe
365 715 408 92 unterweisen
817 737 74 74 zu
935 719 238 98 lassen;
1217 725 122 74 wir
1379 719 290 94 bewiesen
1705 719 130 92 auf

65 823 268 94 manche
375 825 204 74 andre
623 817 154 94 Art,
815 821 122 76 wie
977 823 210 90 wenig
1233 823 122 76 wir
1397 831 136 70 uns
1573 829 254 72 daraus

65 921 318 94 machten.
465 917 242 92 Dieser
733 919 318 94 Leichsinn
1099 919 170 96 hatte
1311 927 120 74 den
1473 921 358 96 sichtbaren

67 1021 278 94 Einfluß
413 1015 128 96 auf
595 1017 214 92 unsere
869 1017 480 98 Gesinnungen
1405 1025 142 74 und
1601 1021 232 92 unfern

73 1119 336 96 Wandel,
445 1119 128 94 daß
615 1117 136 90 sehr
791 1119 152 78 viele
989 1141 188 58 unter
1223 1129 138 68 uns
1407 1139 164 74 ganz
1611 1121 188 96 gleich-

69 1219 206 98 gültig
341 1241 192 74 gegen
605 1215 306 98 Religion
977 1223 140 74 und
1187 1215 282 96 Tugend
1539 1227 294 74 wurden.

67 1319 178 84 Nun
305 1319 116 92 ließ
479 1329 70 68 es
601 1329 134 68 uns
777 1317 182 84 Gott
1017 1317 408 96 empfinden,
1489 1331 154 66 was
1695 1331 138 66 aus

67 1419 246 98 solchen
345 1419 480 94 Gesinnungen
865 1413 188 100 folgt,
1095 1441 140 54 nun
1281 1419 266 94 mußten
1591 1421 124 78 wir
1757 1429 72 68 es

67 1517 250 98 fühlen,
377 1529 148 70 was
569 1517 352 96 Menschen
967 1519 162 86 ohne
1157 1515 496 98 Christenthum
1695 1523 142 76 und

67 1619 466 100 Frömmigkeit
577 1617 112 94 für
707 1615 290 96 Unglück
1037 1619 64 76 in
1153 1619 200 76 einem
1379 1615 208 84 Lande
1629 1613 210 98 stiften

65 1723 282 86 können,
425 1725 130 72 das
605 1733 188 64 unter
847 1717 132 96 ihre
1039 1713 288 86 Gewalt
1381 1719 306 94 gerahten
1743 1719 92 94 ist.

71 1819 186 92 Gort
313 1817 290 98 übergab
671 1829 138 66 uns
867 1817 192 90 ihnen
1121 1813 132 96 auf
1311 1819 128 74 eine
1495 1813 342 100 Zeirlang,

67 1921 210 80 damit
331 1921 122 76 wir
523 1921 92 76 die
661 1915 532 98 Abscheulichkeit
1249 1919 116 74 des
1405 1917 436 92 Unglaubens

71 2025 138 74 und
237 2023 108 76 der
369 2015 534 100 Lasterhaftigkeit
943 2037 88 58 an
1073 2017 180 92 ihren
1281 2013 386 96 Beyspielen
1697 2021 140 72 und

73 2117 160 98 noch
277 2117 180 88 mehr
497 2139 90 56 an
631 2119 180 92 ihren
847 2113 580 96 Verwüstungen,
1475 2117 94 76 die
1603 2115 78 94 sie
1717 2133 96 60 un-

79 2233 92 66 ter
239 2229 138 68 uns
431 2215 436 94 anrichreren,
931 2211 294 96 möchten
1265 2211 300 80 erkennen
1607 2219 230 74 lernen.

79 2317 176 84 Viel
301 2339 74 72 zu
415 2313 134 98 sehr
587 2315 218 80 liebten
845 2315 122 76 wir
1007 2313 92 80 die
1125 2311 302 98 Freuden
1473 2319 106 74 der
1611 2311 228 98 Welt,

67 2417 72 92 so
187 2415 134 98 sehr
379 2415 126 92 daß
561 2415 120 80 wir
725 2411 124 98 fast
893 2433 118 74 gar
1057 2411 208 78 keinen
1309 2411 396 98 Geschmack
1747 2435 92 56 an

79 2525 108 74 der
227 2515 384 100 geistlichen,
669 2535 86 58 an
801 2519 108 74 der
953 2509 380 100 häuslichen
1387 2511 296 100 Freude,
1747 2535 92 58 an

79 2625 142 74 dem
277 2611 424 100 Vergnügen
755 2609 280 96 fanden,
1095 2609 274 96 welches
1429 2613 94 76 die
1583 2609 258 102 nächste

79 2719 202 96 Folge
321 2721 162 76 edler
525 2721 138 72 und
703 2707 372 102 christlicher
1123 2707 258 86 Werke
1423 2713 88 90 ist.
1657 2713 184 82 Gott

83 2817 114 88 ließ
241 2827 70 68 es
351 2835 122 74 zu,
513 2815 130 88 daß
685 2823 122 70 wir
853 2817 66 74 in
959 2815 198 76 einem
1195 2811 224 80 Meere
1455 2829 134 60 von
1619 2809 190 86 Belu-

83 2917 334 94 stigungen
481 2911 542 98 umhergetrieben
1087 2915 312 90 wurden,
1473 2915 138 76 und
1677 2913 164 100 doch

83 3015 164 80 keine
301 3013 244 94 Ruhe,
601 3013 162 78 keine
821 3013 222 88 wahre
1103 3009 256 98 Freude
1425 3009 414 94 empfunden.

83 3113 346 98 Unzählige
493 3111 490 96 Gelegenheiten
1037 3131 74 72 zu
1173 3109 446 96 Ergötzungen
1659 3131 150 60 wur-

85 3221 118 74 den
261 3223 134 68 uns
445 3211 436 96 dargeboten,
947 3207 184 96 unsre
1181 3209 238 82 Stadt
1479 3225 144 64 war
1665 3213 174 96 nicht

87 3313 178 108 mehr
307 3315 124 76 eine
475 3309 394 96 Wohnung
911 3317 116 74 des
1069 3307 252 100 Fleißes
1363 3315 140 74 und
1549 3317 108 72 der
1694 3310 113 85 Ge-

83 3406 398 101 fcaffttgkett
579 3407 246 82 überall
885 3415 136 72 und
1063 3427 74 74 zu
1183 3415 160 72 allen
1391 3405 218 100 Zeiten
1659 3429 148 60 wur-

91 3517 112 76 den
245 3515 92 80 die
369 3507 654 98 Vorübergehenden
1069 3509 200 98 durch
1309 3515 200 88 alles,
1547 3519 156 68 was
1741 3509 94 78 die

1605 3603 232 86 Welt-
