2933 4522
86 497 80 104 ste.
284 486 336 106 Hyklere,
682 488 412 98 forbandede
1130 488 292 102 Hyklere
1464 489 98 80 vil
1586 482 360 106 uafladelig

86 610 331 103 foresnakke
466 615 187 92 dem,
720 630 73 60 ar
834 614 79 78 de
956 631 101 60 ere
1092 605 553 103 Over-Herrer,
1710 601 137 95 som
1888 600 51 90 ej

87 737 96 96 har
209 746 68 62 ut
303 748 164 78 gøre
497 748 216 75 nogen
741 724 376 102 Rægnffab
1139 725 104 94 før
1269 730 192 74 deres
1489 720 452 101 Handlinger.

81 849 140 87 Det
253 866 64 58 er
345 844 225 99 sandt,
637 845 194 95 ingen
875 868 68 56 er
975 842 354 98 berættiget
1357 839 224 96 derfor
1611 859 70 60 ar
1711 835 226 95 fordre

84 962 342 98 Rægnffab
462 957 78 102 af
562 965 192 76 dem;
814 982 148 60 men
998 965 76 76 de
1106 981 100 58 ere
1232 960 266 96 pligtige
1528 973 70 62 at
1628 974 162 79 gøre
1830 954 112 78 det

80 1081 80 98 for
198 1084 88 94 sig
330 1076 158 96 selv.
596 1075 138 87 De
780 1098 102 62 ere
926 1078 262 99 Herrer
1236 1094 158 62 over
1438 1080 194 75 deres
1678 1072 230 80 Under-

78 1199 245 97 samer;
387 1216 152 59 men
584 1201 79 76 de
711 1198 92 78 vil
844 1196 191 79 ikkun
1081 1214 170 61 være
1288 1190 111 96 saa
1433 1187 156 96 efter
1616 1185 327 97 Navner,

83 1337 84 58 om
229 1318 76 78 de
361 1311 130 81 ikke
545 1311 296 100 besidder
881 1318 80 76 de
1011 1317 148 74 dem
1207 1309 396 99 anstændige
1641 1301 290 101 Dyder.

79 1432 203 94 Alting
331 1450 67 60 er
429 1435 151 74 dem
625 1433 259 95 tilladt,
949 1449 153 60 men
1153 1431 211 78 denne
1409 1425 253 100 Frihed
1715 1440 69 60 er
1849 1440 83 60 en

78 1549 216 97 Klippe
322 1546 102 96 fsr
454 1545 340 96 Magten,
858 1566 88 75 og
978 1545 128 80 ikke
1156 1561 60 64 et
1254 1542 306 102 Fortrin,
1630 1539 302 98 hvorved

78 1673 87 74 det
206 1668 209 93 saaer
460 1687 113 56 een
622 1661 117 96 frir
790 1660 107 98 for
948 1675 73 66 at
1068 1681 197 78 gøre,
1328 1660 181 98 hvad
1538 1659 209 78 mand
1812 1654 115 80 vil.

75 1779 110 87 De
223 1778 174 84 kand
441 1779 384 98 tilsidesætte
871 1784 126 74 den
1025 1777 154 86 Om
1207 1798 118 76 org
1369 1774 104 96 for
1521 1773 258 98 Riget,
1841 1788 88 76 og

73 1901 126 80 lidet
229 1898 294 98 bekymre
557 1901 94 94 sig
691 1918 106 58 om
831 1900 142 91 det;
1033 1917 148 58 men
1215 1900 74 74 de
1319 1894 94 78 vil
1455 1915 108 72 og,
1609 1889 136 94 som
1775 1886 154 98 hine

72 2019 118 78 lade
214 2012 324 99 Konger,
606 2019 116 76 der
750 2014 20 78 i
798 2013 348 101 Historien
1196 2011 122 95 har
1360 2008 110 96 saa
1502 2009 172 82 liden
1707 2008 179 78 Me-

69 2133 135 77 intet
70 2135 134 75 imet
234 2132 220 80 videre
488 2131 226 95 bringe
750 2128 264 97 derfra,
1078 2133 120 78 end
1238 2132 108 76 det
1376 2128 200 80 blotte
1598 2121 226 86 Navn
1854 2112 84 100 af

66 2245 257 99 Konge,
374 2242 412 96 saasnart-de
710 2250 75 76 de
814 2246 127 79 ikke
972 2243 321 96 forvalter
1331 2264 78 60 en
1436 2242 289 95 Konges
1756 2234 139 88 Em-

65 2363 170 97 bede,
291 2358 130 86 ikke
449 2363 296 96 besørger
775 2362 224 96 hands
1049 2357 148 102 høje
1239 2382 82 76 og
1365 2359 246 96 vigtige
1631 2357 268 100 Fortæt-

63 2483 221 93 ninger.
401 2474 165 89 Det
599 2499 67 62 er
697 2484 105 76 vel
827 2478 207 93 altfaa
1057 2479 127 80 ikke
1217 2474 385 97 fornødent,
1633 2491 73 60 at
1727 2471 165 81 Kon-

62 2613 88 78 ger
172 2598 234 94 styrter
436 2597 90 92 sig
564 2597 22 78 i
618 2617 76 59 en
728 2594 330 97 Mængde
1082 2591 400 99 afunøttige
1514 2589 290 96 Sorger
1836 2606 90 78 og

62 2706 609 105 Vidtløftigheder;
736 2710 138 96 som
906 2716 117 91 de,
1072 2719 115 72 der
1218 2730 175 62 troer
1422 2714 91 93 sig
1544 2705 380 96 forbundne

61 2829 54 82 til
153 2846 70 62 at
263 2828 90 94 see
399 2837 144 74 aldr
585 2834 150 75 med
781 2834 194 76 deres
1003 2825 250 103 Øyne,
1325 2850 82 74 og
1453 2822 128 97 føle
1627 2831 108 74 det
1765 2824 156 80 med

59 2949 162 76 deres
251 2944 340 102 Hænder:
651 2947 212 81 Som
907 2952 102 89 de,
1043 2951 116 74 der
1185 2942 130 96 ofte
1347 2950 128 75 ved
1509 2949 78 76 de
1619 2938 302 99 vigtigste

60 3059 454 102 Forretninger
540 3085 100 58 ere
672 3063 480 98 uemfindtlige,
1218 3082 150 60 men
1398 3063 302 79 derimod
1736 3060 188 76 lader

58 3180 354 98 deringeste
444 3179 182 98 Ting
666 3182 296 94 opvække
1008 3185 190 76 deres
1232 3176 188 100 Iver
1448 3197 82 76 og
1562 3168 332 103 Opmærk-

58 3289 255 105 somhed.
442 3295 177 88 Der
644 3297 219 95 sørger
906 3294 137 95 som
1088 3319 77 56 en
1202 3296 227 94 privat
1454 3289 313 104 Person;
1836 3304 89 78 og

55 3407 100 83 ikke
183 3410 132 96 som
343 3436 78 58 en
439 3413 266 103 Mand,
741 3420 114 74 der
883 3416 216 94 staaer
1115 3413 18 78 i
1167 3408 328 100 offentlige
1515 3411 222 80 ZEres
1755 3402 134 88 Em-

53 3521 191 107 beder,
365 3528 415 105 Imidlertid
807 3549 179 83 smaa
1033 3533 81 80 de
1155 3533 133 95 dog
1331 3526 129 86 ikke
1489 3522 260 103 sort-de
1771 3518 122 110 Re-

153 3668 9 12 «·
980 3663 38 80 Z
1598 3636 326 105 gærings-
