2720 4449
1721 449 92 69 31

63 623 226 96 unfern
333 621 358 92 Gesalbten
733 621 234 98 lieben,
1033 627 122 74 wie
1195 625 198 94 willig
1433 621 198 90 seinen
1671 621 120 86 Be-

59 725 204 102 fehlen
303 723 392 96 gehorchen!
799 719 144 96 Ich
1001 723 206 78 danke
1251 721 220 96 Gore,
1537 723 126 92 daß
1723 723 100 96 ich

57 825 156 94 euch
257 819 160 82 über
461 843 150 60 eure
653 819 482 94 Gesinnungen
1191 845 194 70 gegen
1441 823 112 94 ihn
1609 821 214 98 nichts

59 921 442 96 vorzuwerfen
541 919 180 92 habe.
823 915 146 100 Ihr
1011 919 158 96 habt
1195 921 208 78 keinen
1431 921 392 94 Augenblick

63 1019 392 100 aufgehört,
499 1023 96 80 die
633 1019 450 94 ehrerbietigste
1131 1023 260 90 treueste
1419 1021 170 82 Liebe
1629 1041 198 74 gegen

63 1127 114 92 ihn
215 1143 76 74 zu
337 1121 192 98 hegen
569 1127 138 72 und
753 1137 74 76 zu
869 1117 318 92 beweisen.
1341 1119 154 84 Die
1535 1119 292 96 dänische

61 1221 266 82 Nation
369 1221 114 96 hat
521 1223 224 76 mitten
785 1219 66 78 in
899 1215 198 94 diesen
1139 1217 504 84 kummervollen
1687 1227 142 76 und

63 1321 368 96 unruhigen
469 1319 266 96 Jahren
785 1317 180 96 ihren
1005 1323 168 74 alten
1219 1317 246 92 Ruhm
1513 1319 316 96 behaupt,

61 1423 136 92 daß
255 1423 82 92 sie
397 1423 122 92 sich
585 1417 200 92 durch
847 1415 132 82 kein
1037 1417 200 84 Volk
1275 1417 132 98 auf
1455 1415 226 86 Erden
1739 1441 92 56 an

65 1521 176 82 Liebe
281 1525 136 76 und
459 1517 374 98 Gehorsam
875 1537 194 76 gegen
1113 1517 134 96 ihre
1271 1515 438 100 Beherrscher
1751 1517 46 79 ii-

64 1616 327 99 bertrseffen
435 1617 160 98 lasse.
677 1615 186 90 Das
909 1613 230 84 würde
1183 1619 128 96 sich
1353 1637 120 60 vor
1517 1625 120 74 den
1681 1617 114 84 Au-

67 1743 118 72 gen
225 1725 152 74 aller
433 1717 206 84 Welt
687 1723 224 92 gezeigt
969 1717 252 96 haben,
1285 1737 190 58 wenn
1517 1721 96 78 die
1653 1735 144 64 treu-

67 1821 162 90 losen
287 1815 360 100 Anschläge
709 1815 188 96 seiner
953 1815 236 100 Feinde
1243 1837 150 72 zum
1457 1815 374 98 Ausbruch

67 1919 370 96 gekommen
475 1917 246 80 wären.
875 1915 134 84 So
1065 1917 192 96 wahr
1297 1921 110 76 der
1449 1917 184 98 Herr
1675 1917 156 96 lebt,

69 2023 82 96 sie
189 2017 276 82 würden
507 2017 190 96 ihnen
741 2023 178 74 dann
961 2015 62 94 so
1067 2019 210 94 wenig
1315 2021 310 90 gelungen
1659 2017 174 94 seyn,

69 2125 108 74 als
219 2121 80 90 sie
341 2119 190 96 ihnen
575 2119 94 92 itzt
713 2123 314 88 gelungen
1069 2119 184 90 sind,
1291 2123 86 72 da
1419 2115 180 84 Gott
1639 2117 82 94 sie
1759 2119 74 78 in

71 2225 110 72 der
241 2217 274 82 Geburt
577 2215 230 88 erstickt
869 2215 150 96 hat!
1123 2213 494 98 Kopenhagens
1671 2213 132 84 Ein-

73 2315 268 96 wohner
373 2313 282 80 würden
695 2325 70 68 es
809 2311 294 94 bewiesen
1145 2313 230 96 haben,
1419 2313 130 98 daß
1579 2319 80 90 sie
1697 2313 102 86 Ar-

75 2437 102 58 me
203 2413 218 96 hätten
451 2411 112 96 für
589 2413 176 90 ihre-n
785 2411 226 96 König
1039 2433 76 70 zu
1147 2415 268 94 streiten,
1443 2419 138 78 und
1611 2411 222 100 Blut,

73 2513 116 96 für
233 2515 112 94 ihn
387 2525 68 68 es
497 2531 74 74 zu
621 2513 370 96 vergießen!
1059 2515 196 90 Unsre
1295 2511 378 98 Besatzung
1715 2533 118 74 zur

77 2615 154 82 See
271 2619 136 74 und
449 2633 76 72 zu
571 2613 210 84 Lande
833 2609 226 84 würde
1103 2611 204 98 gewiß
1357 2615 134 90 ihre
1533 2611 298 98 Waffen

77 2735 192 76 gegen
311 2715 96 78 die
451 2709 380 100 Verräther
875 2713 250 96 gekehrt
1167 2713 250 90 haben!
1519 2715 150 80 Und
1711 2735 90 58 un-

79 2815 88 90 ser
203 2811 368 92 Gehorsam
615 2833 192 74 gegen
851 2811 232 94 unfern
1115 2811 370 98 Christian,
1541 2815 120 76 wie
1709 2833 94 58 un-

81 2911 412 94 wandelbar,
557 2915 116 76 wie
729 2913 196 94 willig
979 2913 74 92 ist
1115 2933 64 58 er
1237 2915 226 76 immer
1517 2911 314 94 gewesen!

81 3011 184 84 Das
321 2991 242 116 müssen
629 3009 170 94 selbst
855 3015 96 78 die
1009 3009 390 96 Treulosen,
1477 3017 94 74 die
1631 3011 200 92 seinen

81 3109 322 96 Nahmen
471 3109 484 98 gemisbraucht
1033 3113 206 96 haben
1313 3111 124 92 sein
1499 3109 198 84 Volk
1751 3131 78 74 zu

85 3205 484 100 unterdrücken,
611 3213 126 78 das
763 3211 162 90 muß
967 3215 108 76 der
1107 3213 150 92 erste
1299 3217 136 74 und
1471 3231 328 76 verwegen-

85 3309 84 94 ste
211 3325 184 62 unter
433 3309 228 92 ihnen,
721 3313 106 72 der
885 3309 124 96 sich
1069 3307 124 100 fast
1249 3307 128 96 auf
1425 3315 116 76 den
1581 3309 246 90 Stuhl

91 3411 112 80 des
241 3405 270 100 Königs
555 3405 318 100 gedrängt
935 3409 218 100 hatte,
1221 3417 138 78 und
1423 3411 162 100 noch
1657 3409 174 94 nicht

1585 3507 246 98 Macht
