2801 4362
899 478 93 50 LO

911 645 380 100 ängstlichen
1333 641 262 100 Fragen
1655 638 272 80 konnten
1981 641 122 74 wir
2165 643 136 74 uns
2363 631 166 106 nicht
2577 632 70 78 be-

911 763 408 66 antworten:
1399 738 258 84 Wann
1711 740 168 78 wird
1925 738 252 81 Gones
2233 729 216 104 Hülfe
2503 733 142 76 kom-

913 867 146 64 men
1081 851 34 72 ?
1223 839 176 84 Wie
1453 848 216 84 lange.
1691 836 182 94 sollen
1937 841 124 72 wir
2119 835 158 92 noch
2321 841 130 70 das
2493 828 178 99 Joch

907 963 269 74 tragen,
1241 941 129 78 das
1423 948 135 68 uns
1615 938 95 80 die
1769 934 300 91 Bosheit
2127 931 321 96 aufgelegt
2505 932 166 93 hat?

914 1041 190 84 Wer
1140 1041 168 78 wird
1346 1046 136 69 uns
1526 1038 316 78 erretten?
1950 1031 278 98 Wessen
2276 1029 172 84 Arm
2504 1030 168 78 wird

912 1139 186 86 Gott
1138 1145 164 86 dazu
1344 1132 404 98 bewaffnen?

1050 1335 254 86 Gottes
1324 1333 226 93 Wege
1578 1332 142 92 sind
1752 1326 92 96 oft
1878 1336 118 74 den
2024 1327 348 100 Menschen
2414 1327 234 80 verbor-

912 1453 142 82 gen,
1094 1435 154 80 aber
1292 1435 78 92 sie
1416 1430 236 98 führen
1694 1428 154 92 doch
1886 1434 228 73 immer
2156 1429 206 94 gewiß
2412 1447 74 72 zu
2532 1433 140 73 dem

912 1537 191 96 Ziele,
1128 1533 267 90 welches
1426 1552 63 56 er
1518 1530 119 98 sich
1664 1528 333 94 vorgesetzt
2020 1529 133 92 hat.
2256 1527 151 86 Die
2428 1527 251 91 Mittel,

913 1639 102 76 die
1057 1655 64 58 er
1159 1629 250 95 wählt,
1451 1630 140 90 sind
1633 1648 128 60 nur
1803 1626 180 88 selten
2023 1627 364 94 diejenigen,
2431 1631 98 76 die
2573 1630 106 74 der

915 1729 270 118 Mensch
1227 1727 114 96 für
1387 1746 118 76 gut
1547 1726 176 94 hält,
1769 1732 164 74 denn
1973 1726 60 91 so
2075 1729 120 74 viel
2243 1731 108 74 der
2381 1725 300 98 Himmel

919 1833 198 96 höher
1159 1833 108 90 ist,
1311 1833 106 72 als
1463 1828 94 76 die
1601 1824 216 94 Erde,
1873 1822 62 94 so
1977 1827 122 76 viel
2143 1827 142 84 sind
2327 1825 164 94 auch
2533 1823 148 94 seine

919 1929 366 84 Gedanken
1329 1924 220 99 höher,
1589 1930 110 72 als
1747 1930 110 78 der
1897 1921 346 96 Menschen
2281 1923 398 82 Gedanken:

917 2029 154 80 aber
1129 2025 152 92 diese
1323 2025 226 79 Mittel
1607 2030 108 72 der
1753 2022 338 94 göttlichen
2135 2021 350 94 Weisheit
2541 2025 138 91 sind

913 2125 167 116 auch
1117 2129 227 76 immer
1383 2124 99 78 die
1535 2122 247 94 besten!
1885 2120 147 82 Mit
2083 2121 263 96 welcher
2403 2119 283 100 Freude,

916 2229 202 76 meine
1156 2219 332 97 Brüder,
1566 2222 210 92 haben
1818 2222 124 78 wir
1984 2226 128 73 das
2154 2239 90 58 an
2284 2225 146 74 dem
2472 2219 212 95 Tage,

920 2331 90 74 da
1048 2333 136 68 uns
1224 2316 288 101 geholfen
1554 2326 230 86 ward,
1824 2322 194 92 wahr
2062 2317 358 94 befunden!
2504 2317 178 85 Wir

908 2421 232 94 hatten
1182 2417 112 96 für
1340 2419 210 78 keinen
1592 2414 554 99 Rechtschaffenen
2194 2421 174 78 einen
2398 2415 282 100 Zugang

908 2533 156 94 Mm
1106 2517 268 98 Throne
1430 2512 164 100 offen
1632 2516 250 96 gesehen
1906 2548 16 48 :
1974 2516 178 81 Aber
2196 2517 182 84 Go«
2420 2519 112 94 sah
2574 2516 106 92 ihn

920 2619 116 96 für
1064 2621 280 94 mehrere
1372 2608 468 104 offenWir
1884 2618 252 77 blickten
2180 2617 66 78 in
2290 2619 130 78 eine
2462 2616 220 81 dunkle

920 2717 233 94 Nacht
1192 2719 245 92 hinein,
1492 2712 123 80 wir
1658 2710 193 92 sahen
1892 2732 175 74 zwar
2108 2717 311 110 manchen
2460 2714 195 85 Redli-

927 2819 186 96 chen,
1169 2821 142 74 dem
1353 2825 72 68 es
1465 2810 164 96 nicht
1677 2834 90 58 an
1811 2810 200 90 Trieb
2055 2821 138 74 und
2235 2813 484 102 Entschlossen-,

921 2919 126 90 heit
1085 2913 190 96 fehlte
1321 2911 120 92 sein
1485 2908 394 84 Vaterland
1925 2932 74 72 zu
2045 2913 272 100 erlösen;
2361 2915 156 92 doch
2563 2920 92 74 nie-

923 3021 206 72 mand
1171 3017 106 74 als
1321 3011 180 80 Gott
1541 3028 142 58 war
1725 3020 136 70 uns
1903 3010 296 97 bekannt,
2243 3019 146 76 dem
2427 3019 122 76 wir
2591 3016 88 76 die

923 3111 242 96 Macht
1219 3125 306 78 zutrauen
1587 3106 310 100 konnten,
1959 3111 94 78 die
2109 3113 310 96 derjenige
2479 3115 200 96 haben

923 3209 258 94 mußte,
1243 3213 110 74 der
1409 3202 184 94 unser
1653 3204 288 86 Erretter
1999 3207 140 96 seyn
2197 3211 200 88 sollte:
2505 3213 178 83 Gott

925 3309 155 78 aber
1117 3305 231 80 kannte
1389 3306 97 78 die
1527 3308 159 92 alle,
1729 3306 99 80 die
1867 3328 67 60 er
1975 3315 109 74 als
2131 3307 413 102 Werkzeuge
2587 3308 69 94 sei-

928 3427 112 58 ner
1078 3399 218 104 Hand
1340 3398 318 102 brauchen
1700 3410 250 92 wollte,
2014 3407 254 94 unserm
2312 3411 214 84 Elend
2588 3414 92 74 ein

920 3501 196 90 Ende
1154 3523 76 76 zu
1274 3499 276 99 machen.
1682 3500 128 100 Er,
1848 3524 64 64 er
1952 3505 128 96 gab
2126 3509 220 98 Mmh
2384 3519 132 76 den
2553 3511 102 81 un
