2805 4451
926 422 95 58 go

927 601 192 92 styrte
1175 599 144 74 dem
1363 589 18 78 i
1429 586 287 105 Graven
1813 595 174 74 lader
2029 589 260 98 Herren
2337 585 170 96 falde
2547 609 76 58 en

925 699 134 92 dyb
1087 693 252 88 Søvn,
1383 687 112 92 faa
1537 687 130 90 han
1709 703 68 78 et)
1823 691 184 90 hører
2053 697 72 72 de
2157 689 462 84 Bevæbnedes

923 795 230 90 Larm,
1211 797 108 72 der
1377 789 140 76 ville
1571 787 174 94 gribe
1807 791 190 90 ham,
2052 787 246 95 saaat
2229 797 70 68 at
2365 789 130 90 han
2549 805 70 70 ey

923 907 330 78 vaagner,
1311 883 226 96 førend
1593 891 102 74 der
1743 907 64 56 er
1851 883 102 94 for
1999 889 148 88 silde
2199 905 70 58 ar
2315 887 258 90 undflyr
2605 891 16 70 1

921 989 132 84 Lad
1099 1007 90 58 nu
1235 1005 204 76 nogen
1479 983 316 92 endogsaa
1835 987 20 76 i
1899 989 120 76 den
2065 987 218 88 største
2321 983 300 92 Elendig«

925 1089 124 90 hed
1107 1083 296 96 fortvivle
1444 1085 130 74 om
1615 1081 304 100 Herrens
1963 1081 244 98 Hielp!
2301 1081 170 98 Hvo
2513 1089 106 72 der

923 1187 134 80 kun
1101 1205 64 56 er
1223 1181 76 94 af
1331 1197 56 64 et
1425 1198 171 73 reent
1637 1181 270 98 Hierte,
1979 1183 130 92 hvo
2153 1181 132 92 som
2331 1183 124 78 kun
2497 1181 120 94 har

931 1287 98 96 sin
1071 1281 556 94 Samvittigheds
1671 1279 494 96 Vidnesbyrd,
2229 1297 70 62 at
2357 1285 128 84 han
2545 1299 70 74 ey

924 1404 67 65 er
1025 1383 292 82 kommen
1351 1381 20 76 i
1407 1385 72 74 de
1497 1381 386 94 Ugudeliges
1901 1379 240 96 Raad,
2181 1379 124 80 ikke
2343 1387 274 72 vandret

929 1503 132 74 paa
1105 1479 346 96 Syndens
1493 1473 210 100 Vey,
1767 1483 122 74 den
1931 1477 126 80 kan
2103 1497 166 60 være
2309 1483 106 74 vis
2459 1501 156 72 paa,

921 1597 74 66 at
1031 1579 176 86 Gud
1249 1581 86 76 vil
1379 1573 170 98 frelse
1591 1581 154 92 ham
1785 1577 20 76 i
1843 1573 342 100 Trængsel.
2281 1577 172 96 Han
2497 1577 122 94 stal

923 1677 228 98 erfare,
1179 1693 72 64 at
1267 1675 258 98 Herren
1561 1675 420 86 erDommer
2009 1695 152 60 over
2179 1677 438 92 Mennestene,

921 1783 142 80 han
1123 1779 122 92 stal
1301 1773 84 94 see
1423 1779 142 76 med
1611 1775 130 94 sine
1779 1773 248 98 Øyne,
2105 1777 338 86 hvorledes
2487 1777 134 96 han

923 1877 328 94 befordrer
1311 1879 74 74 de
1443 1871 434 98 Retfærdiges
1919 1875 218 94 Sag,
2201 1895 82 74 og
2339 1877 146 92 giør
2545 1895 76 56 en

927 1975 190 88 Ende
1177 1993 132 74 paa
1355 1973 126 92 sine
1525 1969 314 100 Fienders
1881 1971 360 98 Ondstab!
2333 1973 288 98 Hvilken

923 2095 80 60 en
1043 2067 388 104 Fornøyelse
1485 2091 64 58 er
1595 2077 100 76 der
1737 2091 94 60 nu
1871 2069 106 96 for
2033 2079 142 74 dem
2231 2071 206 80 iblant
2497 2083 128 82 os,

921 2173 174 80 mine
1135 2169 326 94 Brødre,
1521 2167 134 92 som
1711 2169 124 92 har
1875 2187 166 64 troet
2079 2179 94 72 alt
2217 2175 200 88 dette,
2485 2169 138 92 som

925 2273 124 94 har
1083 2287 208 64 venter
1321 2273 164 74 dette
1499 2267 246 92 Udfald
1781 2287 134 72 paa
1951 2273 76 74 de
2045 2265 226 100 Veye,
2307 2274 312 88 igjennem

931 2369 200 94 hvilke
1169 2367 180 84 Gud
1395 2367 122 98 har
1559 2363 136 94 ført
1739 2379 104 80 os,
1889 2369 340 92 hvorledes
2267 2389 190 58 mane
2495 2367 124 80 ikke

925 2475 186 76 deres
1153 2465 176 88 Troe
1383 2483 132 74 paa
1557 2463 220 84 Guds
1819 2463 256 100 Forsyn
2117 2467 350 94 bestyrkes,
2535 2475 82 72 da

925 2575 82 72 de
1043 2585 92 60 nu
1169 2559 262 98 erfarer,
1473 2565 166 94 hvor
1679 2563 272 96 herligen
1971 2565 174 82 Gud
2187 2567 118 94 har
2341 2563 242 92 tilfreds-

925 2669 182 92 stillet
1147 2669 180 76 deres
1355 2659 252 96 Ønsker
1651 2683 82 74 og
1763 2663 478 96 Forventning,
2285 2687 80 72 og
2403 2673 212 72 reddet

926 2767 100 97 fin
1053 2765 196 90 ZEre,
1283 2759 328 96 Religion,
1645 2759 286 98 Kongen
1971 2783 78 72 og
2077 2763 536 98 Fædrenelandet.

1155 2861 378 98 Hvorledes
1595 2859 122 94 stal
1781 2861 64 78 vi
1907 2881 92 58 nu
2063 2869 304 90 modtage
2425 2871 192 76 denne

929 2963 226 82 Guds
1209 2957 436 94 Velgieruing
1701 2961 80 90 af
1833 2961 210 94 ham?
2135 2963 170 80 Med
2363 2981 56 64 et
2477 2979 142 64 rørt

929 3059 442 90 taknemmelig
1411 3055 266 98 Hierte,
1733 3063 142 74 eller
1919 3067 142 72 med
2105 3067 104 74 det
2251 3067 362 92 ligegyldige

929 3173 87 77 og
1071 3159 178 78 kolde
1301 3153 390 96 Sindelag,
1747 3163 148 80 med
1957 3157 226 94 hvilket
2237 3169 68 72 vi
2359 3169 256 74 allerede

931 3257 166 94 have
1135 3267 374 66 annammet
1553 3251 110 94 saa
1697 3271 202 78 meget
1935 3257 154 82 Got
2129 3255 82 98 af
2243 3261 178 94 ham,
2453 3267 162 76 uden

931 3369 74 64 at
1057 3351 84 90 see
1195 3373 82 74 op
1333 3353 70 76 til
1455 3355 118 76 den
1625 3357 190 78 milde
1855 3355 302 100 Haand,
2213 3359 134 92 som
2391 3359 224 90 udøser

931 3453 100 92 sin
1047 3447 400 98 Velsignelse
1481 3469 148 60 over
1665 3457 134 74 os?
1843 3457 252 94 Vider,
2133 3461 166 76 mine
2315 3459 300 94 Brødre,

929 3547 180 86 Gud
1152 3565 224 72 vene
1407 3567 122 64 vor
1569 3547 394 106 Taksigelse,
2029 3555 134 96 han
2201 3555 252 96 fordrer
2497 3561 118 78 den
