2801 4450
471 115 25 36 /
516 137 5 17 ;

160 558 144 74 med
356 548 388 98 Blindhed,
806 556 338 85 hvorledes
1202 564 180 89 deres
1442 554 168 97 Vey
1668 557 186 101 Dag

158 649 107 96 fra
310 650 183 97 Dag
557 651 138 78 blev
752 651 283 82 mørkere
1082 652 103 96 for
1230 663 185 79 dem!
1500 658 171 82 Men
1712 661 141 97 disse

161 748 394 98 angestfulde
593 750 478 104 Spot-smagte
1115 754 206 79 kunde
1379 758 66 76 vi
1485 778 72 72 ey
1597 756 254 93 besvare

165 863 123 68 os:
343 848 207 82 Naar
593 849 119 95 stal
755 848 219 85 Guds
1019 848 203 98 Hjelp
1265 853 303 81 komme?
1645 853 207 100 Hvor

156 955 200 91 længe
398 948 122 97 stal
558 951 66 74 vi
666 956 214 74 endnu
924 949 160 81 bære
1126 954 102 77 dec
1252 949 176 98 Aag,
1474 954 134 90 som
1647 955 170 85 Ond-

153 1048 161 97 skab;
366 1046 119 88 har
544 1052 273 89 paalagt
860 1051 135 76 os?
1090 1046 348 105 Hvo-skal
1316 1049 123 94 ffal
1496 1050 169 97 frelse
1707 1062 146 75 os?

153 1143 200 100 Hvis
395 1142 170 85 Arm
607 1150 88 76 vil
739 1144 176 86 Gud
957 1148 180 78 dertil
1177 1147 356 83 bevæbne?

327 1246 219 82 Guds
565 1243 201 99 Veye
798 1266 64 59 er
890 1241 124 94 ofte
1051 1246 205 92 ffiulte
1285 1245 101 92 for
1405 1247 447 103 Menneskene,

156 1363 152 63 men
348 1352 74 72 de
460 1341 138 96 føre
642 1350 126 88 dog
808 1345 156 80 altid
1004 1346 118 86 vist
1170 1348 68 77 til
1278 1351 102 74 det
1422 1348 246 97 Maal,
1712 1351 140 92 som

156 1439 135 102 han
336 1444 117 94 har
500 1439 229 96 foresat
774 1444 111 95 sig.
1024 1440 131 88 De
1200 1442 289 100 Midler,
1536 1444 131 92 som
1714 1453 139 94 harr

151 1554 276 86 vælger,
487 1561 94 60 ere
625 1541 172 81 kuns
839 1543 222 94 sielden
1103 1548 118 91 de,
1293 1541 134 96 som
1469 1544 378 101 Mennesket

153 1643 221 92 holder
415 1638 103 97 for
562 1648 202 88 gode;
832 1643 92 86 thi
967 1639 111 94 saa
1116 1660 204 77 meget
1359 1635 375 107 Himmelen
1780 1668 70 62 er

152 1743 232 91 høyere
436 1745 118 76 end
608 1737 302 99 Jorden,
970 1739 112 92 saa
1142 1757 204 78 meget
1398 1764 68 60 er
1526 1764 80 75 og
1668 1745 184 98 hans

151 1839 258 88 Tanker
483 1839 226 94 høyere
785 1845 120 73 end
986 1835 463 98 Menneskenes
1530 1840 319 91 Tanker:

153 1959 146 59 men
359 1936 140 97 disse
557 1937 218 85 Guds
845 1935 382 86 Viisdoms
1289 1939 254 82 Midler
1605 1963 96 58 ere
1761 1963 89 77 og

148 2038 186 95 stedse
388 2042 72 75 de
516 2037 198 97 beste!
812 2036 170 83 Med
1044 2038 246 94 hvilken
1334 2037 276 98 Glæde,
1674 2041 174 81 mine

158 2135 315 96 Brødre,
518 2137 162 94 have
720 2136 70 78 vi
828 2155 134 76 paa
1006 2139 122 75 den
1164 2134 227 99 Dag,
1436 2144 88 74 da
1560 2139 70 78 vi
1670 2139 174 81 bleve

155 2235 302 94 hiulpne,
537 2229 300 97 befundet
889 2239 102 74 det
1043 2248 74 66 at
1171 2252 166 61 være
1393 2233 228 95 sandt!
1722 2236 124 103 Vi

159 2333 212 84 havde
423 2351 71 76 ey
559 2333 110 88 feet
731 2330 362 99 Adgangen
1149 2334 68 77 til
1259 2331 314 96 Thronen
1631 2337 217 83 aaberr

156 2429 104 98 for
318 2451 204 76 nogen
576 2428 420 101 Retskaffen:
1084 2450 144 60 men
1282 2431 178 83 Gud
1520 2432 142 94 saae
1716 2441 128 77 den

148 2529 211 81 aaben
416 2528 101 95 for
576 2533 227 92 fleece!
902 2527 119 86 Vi
1062 2530 237 94 kastede
1340 2529 285 97 Øynene
1668 2537 111 80 ind
1818 2538 29 80 i

147 2651 76 58 en
265 2626 184 82 mørk
471 2623 176 101 Nat,
691 2632 66 76 vi
795 2628 144 95 saae
981 2636 96 74 vel
1117 2649 280 74 mangen
1437 2652 76 58 en
1537 2632 308 98 Redelig,

147 2727 133 96 som
323 2734 99 72 det
483 2747 69 76 ey
599 2735 363 89 mangelede
1007 2748 133 74 paa
1179 2724 213 99 Drift
1433 2750 81 76 og
1555 2730 255 89 Behier-

148 2827 212 92 tighed
414 2841 72 64 at
544 2823 170 98 frelse
764 2830 78 90 sit
888 2827 510 100 Fædreneland;
1462 2848 148 60 men
1652 2833 194 92 ingen

150 2929 171 76 uden
348 2924 185 81 Gud
578 2943 121 61 var
740 2936 81 71 os
868 2927 315 93 bekiendt,
1232 2927 245 88 hvilken
1520 2930 67 76 vi
1632 2927 209 83 kunde

147 3023 210 83 riltroe
395 3028 118 73 den
555 3023 246 95 Magt,
843 3025 134 92 som
1017 3032 124 74 den
1181 3041 244 65 maatte
1467 3028 208 92 have,
1719 3031 114 79 der

147 3121 205 96 ffulde
393 3138 163 63 være
599 3139 121 61 vor
761 3121 349 98 Befriere:
1185 3144 143 61 men
1375 3123 175 83 Gud
1595 3123 239 84 kiendre

148 3225 124 76 alle
330 3224 196 89 dem,
584 3219 132 96 han
772 3228 164 75 vilde
976 3223 196 95 bruge
1214 3223 134 86 som
1388 3227 98 89 sin
1524 3222 310 101 Haands

150 3317 399 95 Reedskaber
606 3317 103 97 for
772 3339 71 62 at
902 3325 173 92 giøre
1136 3342 73 59 en
1264 3323 187 84 Ende
1508 3344 131 74 paa
1712 3343 121 60 vor

149 3415 416 96 Elendighed.
667 3416 174 100 Han
883 3439 132 76 gav
1059 3426 72 76 de
1169 3422 418 96 Undertrykle
1623 3421 212 97 Mod,

153 3515 133 90 han
331 3534 129 78 gav
501 3521 73 80 de
613 3515 257 102 Svage
911 3517 261 97 Styrke
1197 3520 15 79 !
1287 3519 215 100 Hans
1543 3518 291 87 NaadeS

934 3615 90 91 B
1684 3615 150 86 De-
