2953 4564
1773 417 79 64 33

164 604 98 70 les
286 589 144 100 disse
445 585 363 111 for-fordres
828 592 172 94 evige
1044 583 370 103 Salighed,
1470 607 80 78 øg
1604 586 174 98 hvad
1808 589 120 94 har

161 712 238 85 kunder
427 709 370 99 foraarsage
841 709 792 98 kiærligeForældremere
1663 708 228 98 Hierre-

157 834 143 95 sorg
339 855 79 74 og
451 827 453 95 Bedrøvelse?
955 828 135 85 De
1137 827 123 96 har
1313 830 267 79 berøver
1635 848 283 75 mangen

160 976 80 60 en
280 955 192 95 dydig
522 951 272 96 Abigael
828 952 92 92 sin
948 947 226 97 forhen
1236 948 268 94 elssende
1572 946 234 83 Mand
1848 967 82 76 og

161 1072 240 100 forført
457 1093 284 72 mangen
791 1091 76 57 en
901 1069 196 97 dydig
1131 1069 338 97 Hustrue,
1525 1075 256 73 desvær
1819 1067 110 94 her

165 1216 99 60 ere
281 1189 341 98 Exempler
657 1213 79 72 og
753 1195 93 74 alt
863 1186 103 96 for
981 1209 273 74 mange,
1307 1188 21 78 i
1367 1203 61 62 er
1453 1185 291 95 Øyeblik
1771 1185 167 82 blive

164 1320 78 74 de
288 1313 310 79 berøvede
632 1331 78 74 og
750 1309 358 81 bedrøvede
1132 1328 132 73 paa
1284 1326 74 60 en
1378 1303 218 97 syndig
1630 1304 306 99 Maade,

166 1434 131 96 hvo
320 1431 121 92 seer
484 1430 127 80 ikke
642 1419 545 103 Giengieldelsens
1232 1424 183 95 Rer,
1480 1423 267 98 Herren
1795 1425 146 96 give

165 1570 73 64 ar
327 1559 200 74 denne
597 1554 184 75 deres
875 1544 400 92 Bedrøvelse
1330 1558 283 84 maatte
1681 1541 228 96 opvæk-

168 1674 72 78 ke
272 1671 124 98 hos
436 1677 142 73 dem
616 1674 136 71 den
794 1682 180 62 rette
1004 1665 448 92 Bedrøvelse
1490 1663 180 93 efter
1706 1662 228 99 Gud,

164 1794 196 94 som-;
378 1783 186 109 giør
602 1785 483 92 Omvendelse
1132 1785 91 78 ril
1284 1783 439 102 Salighed,
1752 1776 183 99 som

171 1935 178 61 man
373 1910 150 81 ikke
545 1908 428 97 fortryder;
1029 1931 42 46 2
1099 1903 156 84 Cor.
1287 1924 48 70 7
1363 1924 62 57 v.
1495 1929 110 55 io.
1661 1902 276 97 Ligesom

170 2034 98 97 jeg
302 2055 74 74 og
408 2032 86 78 vil
534 2027 206 95 haabe
778 2040 74 64 ar
878 2026 190 94 ingen
1114 2025 86 78 vil
1234 2044 106 74 eye
1370 2044 80 75 og
1490 2020 268 96 beholde
1822 2029 110 74 det

168 2157 239 79 røvede
444 2151 257 92 Gods,
756 2165 149 59 men
950 2144 121 94 har
1124 2149 71 74 de
1228 2144 21 76 i
1284 2164 75 58 en
1406 2141 331 97 ubesindig
1778 2141 129 100 Ha-

169 2277 234 97 stighed
443 2286 186 62 euren
685 2281 174 78 rager
915 2268 144 74 eller
1111 2260 248 81 rilkiobr
1407 2261 90 94 sig
1543 2265 148 93 der,
1747 2277 76 64 ar
1857 2267 78 76 de

170 2400 90 78 da
294 2395 166 94 strax
538 2386 186 96 stiller
796 2385 90 93 sig
946 2387 228 77 derved
1210 2402 76 74 og
1354 2380 218 93 hellere
1618 2380 156 82 lider
1828 2385 108 76 det

174 2516 251 80 mindre
456 2506 153 88 Tab
628 2509 117 74 end
766 2503 19 76 i
828 2500 211 90 Tiden
1072 2503 117 94 vist
1208 2506 103 74 der
1338 2502 239 93 større,
1630 2504 91 78 da
1752 2500 181 83 Gud

173 2636 88 78 vil
301 2653 78 74 og
443 2627 128 79 kan
629 2629 118 74 ved
779 2622 260 96 redelige
1113 2619 266 100 Fordele
1423 2621 276 93 velsigne
1745 2624 190 91 dem,

170 2757 178 79 imod
382 2765 72 64 ar
493 2752 75 74 de
623 2742 133 95 som
805 2743 125 91 har
1006 2756 174 79 rager
1236 2760 80 74 og
1366 2737 252 80 rilkiobr
1653 2738 93 94 sig
1785 2745 149 88 der,

172 2882 79 76 de
292 2875 117 92 har
450 2868 21 78 i
508 2862 143 98 Eye
702 2883 81 76 og
846 2858 103 98 for
1004 2866 184 77 deres
1230 2858 241 98 Penge
1526 2857 122 94 har
1680 2855 257 82 rilkiøbt

173 2998 90 96 sig
295 2997 140 90 der,
487 2984 134 94 som
653 2985 86 78 vil
779 2983 162 79 blive
989 2988 144 73 dem
1179 2980 68 78 ril
1303 2972 490 104 Forbandelse,
1841 2975 94 92 thi

175 3109 277 85 betænk:
505 3108 183 92 nogle
719 3102 323 96 Ussyldige
1075 3099 129 81 kan
1243 3120 81 74 og
1353 3098 21 78 i
1411 3101 125 76 den
1577 3094 187 98 Hast
1805 3099 129 78 ved

174 3232 268 86 Narren
480 3244 168 62 være
680 3223 220 81 blevne
932 3224 357 92 berøvede,
1342 3215 132 96 mig
1504 3235 66 60 er
1614 3210 288 98 forekom-

177 3367 126 65 mer
329 3349 280 94 saadant
643 3359 58 66 er
731 3336 920 100 MedynksværdigExempet.
1705 3326 228 91 Erdet

179 3492 93 62 nu
315 3467 327 94 saadanne
720 3452 314 123 uskyldige
1083 3458 237 101 Folkes
1393 3455 257 97 Gods,
1705 3458 77 75 de
1809 3453 123 96 har

178 3588 212 100 faaer,
444 3606 64 62 er
542 3590 102 80 der
674 3581 68 98 jo
788 3580 338 84 aabenbar
1164 3579 228 103 Synd
1446 3591 74 68 ar
1566 3594 108 74 eye
1714 3594 82 73 og
1834 3573 76 78 be-

1029 3697 66 92 C
1651 3696 182 88 holde
