2953 4564
171 553 302 100 Herrens
501 551 222 100 Huus
743 559 122 74 ved
895 569 60 64 et
979 553 504 98 Syge-Huus,
1517 567 70 66 at
1619 559 70 76 de
1727 551 192 86 Elen»

169 675 136 94 dige
331 673 124 80 ikke
471 681 202 70 allene
699 673 212 80 kunde
951 673 132 90 som
1119 675 158 92 hiin:
1333 675 196 100 ligge
1547 679 136 72 ved
1707 673 184 82 Tem-

171 799 212 94 plens
409 797 208 84 D^r:
671 811 148 60 men
871 791 234 78 kunde
1155 793 286 78 komme
1493 795 26 76 i
1567 793 356 100 Templen

159 933 82 60 ar
279 919 140 72 lære
463 911 310 100 Herrens
819 911 160 84 Ord
997 963 22 44 ,
1085 909 154 83 Act-.
1281 937 60 68 g.
1391 933 62 60 v.
1505 939 64 54 2.
1643 935 80 74 og
1763 915 164 78 blive

175 1033 382 92 overbeviste
597 1055 80 74 og
725 1035 274 92 trøstede
1037 1037 142 74 med
1219 1051 80 58 ar
1345 1037 122 76 der
1531 1055 72 54 er
1643 1031 286 96 -Herren

173 1153 152 92 som
387 1155 224 100 læger
679 1157 232 72 dem:,
945 1179 40 48 2
1033 1149 194 94 Mose
1283 1149 220 98 Bogs
1567 1177 106 68 15.
1703 1171 64 62 v.
1817 1161 110 72 26.

171 1269 226 86 Dette
439 1271 308 98 Herrens
781 1275 224 98 Huns
1039 1291 64 60 er
1133 1271 126 80 ikke
1307 1275 202 76 allene
1563 1273 182 96 lukt,
1797 1271 136 94 som

173 1389 546 100 Pleye-Huusec
761 1393 102 94 for
913 1393 332 82 Stadens
1299 1387 226 102 fattige
1583 1391 348 98 Borgere,

175 1531 148 58 men
381 1511 318 96 ssræksom
749 1515 334 92 misbrugt
1129 1513 66 78 til
1253 1517 140 92 det,
1447 1511 142 94 som
1651 1511 100 98 jeg
1805 1513 130 80 ikke

171 1625 106 98 fra
313 1637 162 74 dette
507 1637 214 94 hellige
751 1633 198 84 Sted
981 1635 84 76 vil
1101 1645 226 66 nævne
1349 1683 22 46 ,
1417 1631 208 94 ffulde
1661 1655 158 60 man
1839 1631 68 98 fo-

173 1749 214 96 restille
427 1753 88 96 sig
549 1769 72 64 at
663 1759 106 74 der
795 1753 208 86 kunde
1041 1771 168 62 være
1257 1751 498 100 Undersaatter,
1825 1761 108 76 der

177 1875 184 76 turde
405 1873 140 96 give
567 1867 367 105 Anslag-til
853 1875 68 78 til
963 1873 326 94 saadanne
1333 1871 174 100 Ting
1549 1883 148 74 eller
1741 1873 166 96 udfø-

177 2009 64 58 re
279 1989 322 94 saadanne
646 1993 878 103 srceksommeGjerningen
1107 1995 418 96 Gierninger.
1643 1993 290 84 Vender

177 2109 62 80 vi
269 2129 150 62 vore
451 2111 266 90 Tanker
771 2115 260 96 Vesten
1059 2115 20 78 i
1123 2115 332 96 Staden,
1509 2115 176 96 hvad
1703 2121 230 76 moder

177 2239 80 70 os
299 2231 124 78 ikke
451 2241 72 74 de
557 2235 396 94 bedrøvelige
983 2233 214 96 Spor
1223 2231 76 96 af
1313 2241 182 76 deres
1539 2235 370 96 Undertryk-

175 2349 176 98 kelse,
407 2359 118 76 den
555 2375 196 74 rare,
807 2361 120 74 den
981 2355 160 96 ævig
1189 2357 396 96 æreværdige
1619 2353 314 102 Stiftelse

175 2473 78 94 af
275 2483 120 74 den
426 2478 404 105 Hest-salige
861 2483 238 100 Bong
1135 2475 396 106 Frtderich
1553 2481 140 86 den
1721 2477 180 108 Zier-

175 2605 90 86 de
285 2659 26 56 ,
365 2619 110 74 der
513 2611 80 98 af
611 2613 218 100 Hans
867 2619 158 94 store
1079 2613 510 96 Efterkommere
1639 2637 126 62 var
1809 2621 94 82 ble-

175 2755 124 62 ven
341 2741 336 100 velsignet,
753 2747 144 74 med
955 2743 110 90 fan
1141 2763 238 76 mange
1437 2743 150 96 salig
1655 2743 280 98 afdødes

177 2879 80 76 og
313 2865 214 74 endnu
609 2867 300 76 levendes
971 2861 240 84 Gaver
1283 2883 124 60 var
1483 2863 276 98 beriget,
1853 2887 84 76 og

177 2969 146 92 med
413 2979 108 90 saa
589 3001 234 76 mange
921 2981 512 98 Forbandelsers
1513 2983 428 98 Forkyndelse

179 3097 224 98 hegnet
459 3121 78 76 og
613 3099 104 98 fra
789 3099 198 86 Vold
1089 3127 80 74 og
1261 3103 520 96 Undertrykkelse
1835 3107 72 78 be-

177 3233 220 84 varet,
469 3227 102 74 det
631 3225 342 94 velsignede
1077 3221 632 102 Vaysen-Huus,
1767 3227 172 96 hvor

177 3345 118 76 den
321 3341 164 96 hoye
507 3339 340 100 Stiftere,
899 3339 134 94 som
1061 3349 118 74 den
1218 3343 316 96 kjærligse
1551 3343 224 100 Foster
1803 3347 106 100 Fa-

175 3463 108 76 der
307 3463 160 80 vilde
485 3479 70 64 at
575 3467 72 76 de
661 3459 274 98 forladte
969 3461 216 100 Fader
1215 3485 76 74 og
1311 3463 374 96 Moderløse
1717 3467 224 86 Børn

175 3579 200 96 ffulde
399 3583 176 98 finde
615 3583 184 98 Føde
833 3605 78 76 og
930 3581 531 115 Underholdning
1481 3583 100 98 for
1607 3585 334 104 Siælene,

959 3705 88 84 B
1105 3727 34 68 5
1719 3707 112 94 saa
