2828 4468
1082 412 88 46 20

990 560 125 74 Har
1152 545 481 105 Forbandelsen
1664 564 135 64 nær
1815 600 22 46 ,
1890 552 105 93 M
2030 549 197 96 vidste
2254 545 101 97 jeg
2388 550 87 80 da
2534 546 219 98 ligesaa

991 676 202 90 lidet,
1289 667 134 92 som
1473 675 112 90 de,
1641 666 76 98 af
1745 674 100 76 det
1877 666 134 94 som
2041 667 120 94 ffee
2205 667 240 95 ffulde,
2498 651 254 122 men-see
2671 666 82 93 see

991 794 168 96 hvor
1193 786 314 97 Herrens
1543 787 156 83 Ord
1731 792 120 76 ved
1883 790 128 90 sine
2051 785 310 88 Tieneres
2413 784 178 100 Røst
2629 784 96 98 for-

991 912 253 94 kyndes
1277 927 83 74 og
1389 903 337 98 opfyldes-
1783 928 79 74 og
1917 910 169 74 lovet
2133 923 167 60 være
2357 904 265 98 Herren
2649 910 103 78 der

990 1030 128 94 har
1154 1021 334 101 stadfæstet
1520 1027 78 92 sit
1646 1024 204 84 Ords
1882 1023 396 98 Sandhed,
2336 1022 74 80 til
2442 1022 78 96 sit
2554 1022 176 97 hellig-

990 1150 88 92 ste
1098 1146 262 82 Navns
1376 1146 172 78 Ære
1640 1144 72 78 til
1732 1140 414 84 Vantroens
2164 1139 588 100 Overbeviisning,

990 1268 73 78 til
1080 1262 427 98 Spotternes
1534 1257 539 97 Beffiæmmelse,
2108 1281 79 72 og
2222 1261 71 78 ril
2310 1259 175 95 hans
2502 1260 251 82 Borns

991 1382 222 90 Froes
1267 1376 446 99 Bestyrkelse,
1771 1398 80 74 og
1899 1382 164 72 alles
2097 1387 196 68 vores
2325 1377 274 97 Glæde,
2651 1376 104 94 saa

991 1502 66 80 vi
1093 1504 120 90 har
1263 1495 178 96 faaet
1481 1493 222 90 Troen
1735 1496 22 76 i
1803 1494 416 97 Hænderne,
2275 1511 74 64 ar
2383 1494 266 98 Herren
2693 1513 62 58 er

992 1641 87 57 en
1119 1617 507 97 fuldkommen
1659 1612 363 99 -Hevnere,
2073 1619 105 78 det
2231 1613 343 99 Apostelen
2613 1617 143 78 med

990 1740 312 102 Herrens
1342 1731 394 95 Sandheds
1770 1730 202 86 Ords
2016 1733 456 97 Vidnesbyrd
2514 1730 214 96 stadfæ-

992 1864 154 96 ster,
1198 1858 284 95 sigende:
1534 1853 168 79 Der
1744 1850 238 96 staser
2032 1851 312 98 strever,
2416 1848 340 100 Apostelen

988 1967 215 110 altsaa
1226 1974 255 93 hermed
1512 1969 86 80 vil
1648 1970 127 94 sige
1792 1996 17 54 :
1864 1991 169 61 naar
2084 1977 105 76 det
2236 1989 65 62 er
2350 1970 233 94 ffrevet
2636 1975 123 78 ved

989 2096 224 86 Guds
1251 2091 250 84 Aands
1525 2086 250 98 Drift,
1843 2112 80 74 og
1949 2095 120 76 ved
2123 2089 308 96 Herrens
2479 2086 254 84 Sende-

1005 2216 138 84 bud
1177 2208 384 98 forkyndet,
1614 2203 110 96 faa
1757 2226 64 60 er
1847 2204 420 99 Opfyldelsen
2301 2204 188 97 deraf

979 2334 146 92 fom
1167 2336 122 78 den
1319 2331 268 78 allerede
1621 2346 126 62 var
1793 2326 193 98 ffeet,
2041 2333 76 76 de
2163 2325 302 88 Troende
2501 2326 126 94 har
2671 2329 62 74 al-

996 2454 96 82 tid
1128 2463 198 69 været
1358 2443 340 100 forsikrede
1732 2446 278 97 herpaa,
2068 2467 78 74 og
2176 2451 74 76 de
2286 2445 136 94 som
2448 2444 128 80 ikke
2602 2446 154 80 vilde

1000 2590 146 64 troe
1176 2576 104 76 det
1306 2565 154 100 for,
1520 2573 76 76 de
1624 2584 192 62 maae
1844 2582 134 64 troe
2012 2571 104 76 det
2150 2585 92 60 nu
2272 2587 78 75 og
2384 2566 372 93 overbeviste

990 2698 148 76 med
1204 2688 340 97 Apostelen
1608 2686 276 94 tilftaae:
1936 2685 122 80 Vi
2108 2683 248 78 kiende
2416 2690 138 72 den
2610 2686 142 92 som

991 2814 236 92 haver
1255 2809 212 100 sagt:
1523 2804 160 102 mig
1727 2804 220 94 Hörer
1987 2801 314 96 -Hevnen
2331 2804 140 98 ril,
2521 2806 114 98 jeg
2651 2797 102 83 vi!

1003 2932 242 78 betale
1303 2927 184 102 siger
1533 2923 318 95 -Herren:
1909 2923 214 98 Hebr.
2165 2949 108 56 10.
2303 2943 64 61 v.
2403 2948 110 70 zo.
2533 2910 222 106 Naar-

1003 3040 349 116 Aposelen
1007 3048 346 102 Apostelen
1417 3053 182 74 ellers
1629 3048 198 96 siger:
1883 3044 166 82 Der
2069 3043 236 96 staser
2333 3041 308 97 strever,
2673 3044 80 77 da

996 3170 122 90 har
1158 3168 130 96 han
1319 3165 255 110 dermed
1608 3162 286 100 Hensigt
1934 3164 70 80 til
2038 3161 242 96 Moses
2334 3182 80 74 og
2456 3160 268 100 Prophe-

988 3298 226 72 rernes
1240 3283 494 97 Vidnesbyrd,
1790 3286 122 78 ved
1954 3281 202 96 hvilke
2194 3281 270 100 Herren
2510 3280 118 98 har
2662 3294 60 66 ta-

990 3412 84 76 ler
1106 3406 70 80 til
1220 3402 356 99 Fædrene,
1634 3408 102 76 det
1774 3400 136 96 som
1950 3422 80 75 og
2074 3421 194 62 maae
2308 3412 230 86 agtes,
2584 3405 168 75 troes

989 3546 84 82 og
1105 3522 328 104 efterleves
1495 3519 78 104 af
1597 3530 118 90 os,
1767 3526 104 80 det
1925 3539 124 68 var
2095 3525 90 80 da
2228 3517 127 88 ikke
2401 3524 202 76 allene
2637 3519 112 79 ved

2419 3634 240 96 Mosen
