2821 4458
1043 410 81 60 32

19 2869 37 74 li
74 2910 14 32 r
109 2868 27 74 f

26 2925 26 48 i
72 2940 16 40 r
106 2924 22 48 I

19 3813 75 55 'S

954 560 66 80 vi
1056 557 244 94 tilstaae
1342 561 126 79 at,
1524 540 134 94 som
1698 538 308 100 Herrens
2042 538 262 99 Haand
2352 554 138 63 var-
2526 535 20 80 i
2594 541 116 77 den

953 673 331 91 Gierning
1299 674 106 74 der
1423 663 226 95 ffeedte
1671 656 484 98 omMorgenen
2173 656 346 96 ogDagen
2535 657 152 94 igien-

958 816 187 71 nem,
1164 787 112 94 saa
1294 803 122 60 var
1446 781 306 101 Herrens
1779 776 248 99 Her-as
2052 777 266 98 Haand
2344 777 16 76 i
2380 781 118 75 den
2522 775 164 86 Gier-

961 916 155 89 ning
1135 917 108 74 dér
1271 904 226 96 ffeedte
1515 922 108 57 om
1643 896 319 98 Aftenen,
2021 919 78 72 og
2119 895 264 81 Natten
2397 949 25 41 ,
2459 892 70 96 ja
2551 914 160 63 naar

964 1028 68 86 vi
1066 1032 206 95 ffulde
1298 1041 136 65 troe
1468 1020 258 97 Rygtet
1762 1040 81 73 og
1872 1023 74 76 de
1966 1013 422 99 ffræksomme
2404 1014 282 98 Formod-

965 1154 224 93 ninger
1205 1166 140 78 ,om
1363 1140 396 95 Ondffaben
1783 1140 208 87 havde
2007 1134 174 98 faaet
2197 1132 322 99 fukdfordt
2543 1139 172 76 deres

964 1269 519 105 Forehavende,
1538 1266 84 78 da
1662 1259 206 95 ffulde
1934 1262 78 78 de
2050 1258 260 96 redelige
2368 1255 344 100 Borgeres

967 1389 243 105 Huuse
1237 1401 196 69 været
1471 1387 290 77 overladt
1791 1381 70 81 til
1885 1375 244 96 saadan
2165 1399 76 59 en
2267 1372 354 98 Medfardt
2653 1368 75 100 af

968 1523 79 75 de
1084 1512 274 94 Onde,'
1410 1505 111 96 saa
1550 1504 121 93 seer
1698 1504 65 80 vi
1796 1504 164 91 hvor
2002 1504 120 74 den
2168 1494 350 100 retfærdige
2550 1493 169 105 Guy

973 1642 179 79 lader
1195 1637 87 71 de
1347 1631 233 74 ondes
1638 1610 286 119 tee
1951 1618 293 78 komme
2293 1619 223 102 ftgien
2555 1596 166 121 pa

972 1761 211 75 deres
1222 1752 273 96 -Hoved
1530 1768 103 81 og
1660 1751 207 69 deres
1894 1739 635 104 Fortrædelighed
2560 1740 166 75 ned«

971 1881 161 95 fare
1173 1898 151 77 paa
1363 1877 207 70 deres
1601 1865 269 94 Hoved
1901 1861 199 99 Isse;
2149 1859 263 97 Psalm.
2463 1877 125 73 ?v.
2619 1878 123 70 17..

974 2018 75 64 at
1068 2006 101 74 det
1182 2047 25 44 ,
1238 2000 73 76 de
1330 1988 339 95 Reedelige
1688 1981 343 95 tiltænkte,
2060 1979 205 84 Onde
2278 1978 165 95 faldt
2454 1999 137 75 paa
2608 1983 123 75 den

971 2114 415 104 Hoeragtige
1445 2109 285 92 Slægt,
1805 2125 81 72 og
1921 2101 133 91 som
2085 2107 103 76 det
2233 2122 65 59 er
2361 2099 127 81 ikke
2535 2093 197 110 første

966 2239 265 94 Gang,
1284 2248 73 65 at
1382 2226 359 103 Forsynets
1766 2219 365 99 Bestyrelse
2166 2220 247 81 tillader
2444 2226 121 76 den
2592 2236 145 60 eene

979 2364 165 76 onde
1183 2373 73 64 at
1297 2358 187 92 plage
1537 2354 121 76 den
1703 2348 251 88 anden,
2029 2340 109 93 saa
2177 2360 125 60 var
2353 2339 107 94 her
2525 2337 181 84 Gien-

980 2475 359 101 gieldelsens
1358 2471 167 93 Ret,
1546 2466 135 92 som
1698 2463 391 97 Propheten
2108 2459 321 85 Samuel
2442 2456 103 98 fra
2564 2455 143 105 Her-

981 2620 117 60 ren
1131 2601 159 92 siger
1327 2593 73 80 til
1433 2595 119 75 den
1585 2585 371 96 Vellystige
1987 2602 85 75 og
2113 2579 395 97 forhærdede
2533 2577 175 86 Ama-

984 2720 331 82 lekiternes
1344 2712 243 94 Konge
1622 2707 219 93 Agad.
1892 2701 339 103 Ligesom
2258 2708 105 73 du
2382 2701 143 95 har
2546 2701 163 85 berø-

987 2856 127 64 vet
1129 2843 225 74 andre
1365 2835 123 92 saa
1505 2828 145 98 stal
1665 2833 105 71 du
1787 2825 201 102 iglen
2003 2824 339 97 berøves,
2373 2849 33 48 1
2429 2818 261 86 Sam.i
2707 2842 31 68 5

990 2983 65 59 v.
1090 2986 37 71 z
1142 2985 59 70 z.
1252 2954 183 84 Saa
1470 2970 63 60 er
1574 2956 109 75 det
1714 2948 151 96 ffeet
1900 2944 183 100 disse,
2138 2960 73 66 at
2256 2941 251 100 ligesom
2538 2945 75 78 de
2632 2939 111 91 har

991 3083 267 79 berøvet
1291 3098 79 73 og
1403 3073 309 83 bedrøvet
1731 3074 229 88 andre,
1979 3062 112 95 faa
2111 3085 99 61 ere
2231 3070 75 78 de
2329 3065 307 80 berøvede
2659 3078 79 76 og

984 3200 365 82 bedrøvede
1360 3193 183 97 igien,
1580 3196 73 75 de
1682 3193 121 91 har
1824 3190 267 81 berøvet
2110 3207 239 76 mange
2372 3183 199 83 brave
2586 3179 131 97 For-

993 3326 191 78 ældre
1219 3323 183 77 deres
1431 3311 219 83 Børn
1677 3316 121 78 ved
1817 3318 185 77 deres
2021 3305 429 104 Forførelser,
2495 3304 249 79 berøvet

992 3447 151 77 dem
1184 3441 233 80 derved
1466 3434 129 82 ikke
1622 3441 203 75 allene
1868 3439 187 78 deres
2082 3429 215 86 Gods
2316 3447 81 76 og
2428 3422 317 100 Formue,

998 3582 150 65 men
1170 3583 78 75 og
1267 3564 183 82 deres
1467 3556 239 99 timelig
1725 3552 431 102 Lyksalighed,
2171 3549 71 101 ja
2263 3567 81 82 og
2367 3545 127 84 kan
2511 3539 213 98 befryg-

2558 3673 105 73 tes
