2914 4559
1017 393 96 68 24

1017 565 156 94 diese
1201 559 492 104 Heimsuchung
1737 563 114 76 des
1889 557 262 98 Bösen,
2197 559 276 102 mächtig
2523 561 176 96 beför-

1015 675 146 72 dert
1199 665 298 76 werden!
1549 655 184 88 Das
1777 659 166 80 wird
1983 659 344 98 geschehen,
2363 683 190 60 wenn
2599 669 126 76 wir

1017 785 142 58 nun
1219 755 402 96 einmüthig,
1679 769 126 68 das
1845 757 184 92 Böse
2085 761 170 94 selbst
2273 813 24 42 ,
2357 765 116 76 mit
2533 769 190 74 allem

1017 869 150 72 dem
1191 857 288 96 Abscheu
1517 857 296 82 erkennen
1849 863 240 92 lernen,
2133 867 116 72 den
2285 873 72 68 es
2397 865 332 96 verdient;

1015 981 194 58 wenn
1267 961 126 78 wir
1447 969 70 68 es
1577 979 140 58 nun
1763 959 236 92 endlich
2051 971 138 68 aus
2235 969 106 70 der
2387 959 340 98 gröffesten

1015 1063 142 74 und
1203 1057 402 98 sichtbarsten
1635 1055 402 100 Erfahrung
2069 1061 366 92 empfinden
2481 1067 240 90 lernen,

1013 1169 158 68 was
1229 1163 94 74 die
1377 1155 486 100 Ruchlosigkeit
1919 1155 116 92 für
2083 1157 426 90 Verbrechen
2561 1173 132 66 aus-

1015 1259 238 80 breiten
1273 1307 22 44 ,
1353 1259 118 78 mit
1531 1255 270 94 velchem
1849 1255 300 84 Strome
2199 1277 130 60 von
2373 1259 320 94 Ungerech-

1017 1355 286 98 tigkeiten
1357 1363 138 74 und
1539 1353 494 100 Zerrüttungen
2091 1359 82 94 sie
2219 1377 200 76 ganze
2459 1355 266 84 Völker

1013 1463 144 74 und
1199 1453 244 86 Länder
1495 1453 586 94 überschwemmen
2123 1455 266 80 können.
2521 1453 206 100 Nahe

1013 1577 234 60 waren
1287 1557 124 78 wir
1463 1553 222 94 diesem
1729 1551 440 94 Verderben,
2231 1553 266 94 welches
2539 1555 184 88 schon

1013 1657 194 80 bereit
1247 1675 170 72 war,
1459 1665 138 70 uns
1635 1675 166 76 ganz
1843 1675 74 72 zu
1965 1653 442 94 verschlingen,
2451 1655 272 92 welches

1011 1767 140 68 uns
1199 1755 192 92 bald,
1437 1757 224 78 mitten
1703 1753 88 78 im
1831 1751 338 96 Schooße
2209 1761 114 70 des
2373 1753 348 98 Friedens,

1009 1873 194 62 unter
1243 1859 118 76 den
1379 1853 274 84 Ruinen
1691 1857 110 74 der
1837 1847 466 100 furchtbarsten
2323 1849 398 98 Zerstörung

1011 1953 338 100 begraben
1391 1951 214 98 hätte!
1701 1955 150 78 Und
1895 1971 142 60 nun
2077 1961 130 68 aus
2255 1949 220 94 diesem
2527 1949 168 86 Ver-

1011 2053 236 80 derben
1323 2051 196 98 durch
1609 2051 128 80 eine
1809 2051 62 92 so
1945 2067 430 64 unerwartete
2447 2047 278 98 gnädige

1005 2149 222 102 Hülfe
1283 2147 258 86 Gottes
1617 2149 546 96 herausgerissen,
2259 2153 258 76 wollten
2595 2153 124 74 wir

1009 2249 160 94 noch
1213 2251 166 92 nicht
1425 2249 336 94 begreifen,
1803 2249 128 94 daß
1977 2269 132 56 von
2153 2253 218 88 denen,
2419 2253 94 76 die
2541 2247 182 82 Gott

1009 2349 360 98 verachten,
1417 2369 116 60 um
1577 2347 158 92 nach
1777 2349 182 94 ihren
2007 2345 226 94 Lüsten
2279 2365 74 74 zu
2391 2353 332 88 wandeln,

1013 2455 212 74 weder
1285 2447 396 94 Weisheit,
1763 2445 158 90 noch
1979 2443 506 96 Gerechtigkeit,
2565 2445 154 90 noch

1009 2545 250 98 Segen
1295 2567 74 74 zu
1409 2563 326 64 erwarten
1773 2547 134 92 ist?
1951 2551 260 74 wollten
2251 2547 124 78 wir
2411 2555 134 68 uns
2589 2565 134 58 von

1009 2667 206 60 neuen
1259 2647 66 78 in
1371 2647 94 80 die
1505 2643 252 98 Hände
1799 2651 112 74 des
1951 2643 426 96 Unglaubens
2419 2651 138 72 und
2603 2651 118 70 des

1007 2747 250 94 Lasters
1317 2737 294 100 werfen?
1693 2787 130 14 —
1901 2741 224 94 Nein,
2193 2749 128 72 das
2403 2741 72 92 sei
2557 2745 164 92 ewig

1005 2847 224 90 ferne!
1327 2843 132 82 Nie
1507 2841 200 98 müsse
1751 2847 128 74 das
1927 2841 190 82 Uebel
2191 2859 134 60 von
2365 2853 136 68 uns
2547 2841 176 96 selbst

1007 2949 240 78 wieder
1305 2941 162 82 über
1529 2951 134 70 uns
1711 2937 470 98 hereingerufen
2221 2947 296 88 werden,
2587 2961 134 60 von

1007 3045 202 98 dessen
1247 3043 352 92 drohender
1629 3039 240 92 Macht
1907 3051 136 68 uns
2071 3039 182 84 Gott
2291 3057 244 64 errettet
2575 3041 148 86 hatl

1009 3143 110 86 Es
1185 3143 94 96 sey
1339 3151 136 70 uns
1537 3139 166 92 nicht
1745 3161 250 74 genug,
2061 3141 130 94 daß
2237 3141 134 92 die,
2441 3141 274 92 welche

1007 3241 170 92 böse
1215 3261 288 72 waren,
1527 3259 158 56 von
1721 3261 152 52 uns
1909 3239 566 98 hinausgechan
2515 3237 200 94 sind:

1009 3345 120 76 mir
1169 3339 154 100 noch
1369 3337 302 98 grösstem
1713 3335 206 100 Hasse
1959 3343 234 76 wollen
2231 3339 120 76 wir
2393 3349 132 66 uns
2567 3341 118 76 wie-

1007 3447 114 78 der
1161 3447 130 78 das
1335 3439 174 98 Arge
1553 3435 174 102 selbst
1771 3435 262 102 kehren,
2099 3443 136 78 und
2275 3447 72 72 es
2391 3433 130 100 auf
2553 3441 166 92 ewig

2575 3555 136 64 von
