2810 4416
1787 425 92 76 17

119 603 140 74 und
305 593 442 96 unterhalten,
791 597 128 94 daß
951 595 306 98 Aufruhr
1297 603 140 76 und
1479 595 216 86 Raub
1739 605 138 76 und

121 695 218 82 Mord
377 703 118 72 den
527 695 228 80 kleinen
779 695 324 92 Ueberrest
1139 695 222 96 unsres
1383 695 494 100 Wohlstandes

123 795 196 96 völlig
365 797 390 90 zerstörten?
895 791 196 98 Noch
1135 799 72 86 ist
1249 807 70 68 es
1361 797 162 88 nicht
1565 795 310 100 offenbar,

121 907 156 68 was
297 887 652 96 unsreUnrerdrücker
969 889 172 100 selbst
1159 891 452 96 fürAbsichten
1633 901 244 92 hegten,

121 1001 96 74 die
245 993 290 86 vielleicht
563 995 92 76 die
689 991 468 96 schrecklichsten
1175 989 316 94 Auftritte
1515 993 362 96 verursacht

125 1095 208 86 haben
377 1089 294 82 würden.
797 1087 178 84 Wir
1015 1087 212 98 wissen
1265 1093 178 94 wohl
1461 1143 22 40 ,
1525 1105 152 68 was
1717 1115 160 60 man

121 1195 190 86 ihnen
341 1209 308 76 zmrauen
677 1187 224 80 konnte
929 1197 134 72 und
1091 1207 184 74 wozu
1303 1191 82 92 sie
1413 1189 180 98 fähig
1633 1213 246 60 waren.

123 1289 178 82 Aber
347 1301 154 68 was
545 1293 78 90 sie
663 1287 314 94 eigentlich
1025 1289 388 96 vorhatten,
1455 1295 128 74 das
1629 1293 72 94 ist
1743 1305 138 68 uns

119 1389 400 94 verborgen,
579 1395 124 72 das
763 1387 158 92 weiß
967 1383 180 86 Gott
1201 1387 280 98 und,ihr
1527 1389 350 98 Gewissen.

119 1485 398 96 Empfinden
565 1489 264 86 mußten
875 1467 80 98 sie
1001 1497 68 66 es
1109 1485 276 98 endlich,
1431 1489 132 94 daß
1605 1487 134 98 ihre
1783 1511 72 76 ge-

119 1585 242 96 setzlose,
405 1585 362 96 ungerechte
793 1581 240 100 Macht
1067 1583 272 82 wankte.
1429 1585 208 96 Ohne
1673 1587 180 98 Zwei-

119 1683 82 92 fel
241 1691 258 90 giengen
563 1687 82 96 sie
703 1685 118 78 mit
861 1687 198 76 einem
1103 1683 528 96 gewaltthätigen
1675 1685 174 86 Vor-

121 1783 210 96 haben
383 1805 156 74 um,
605 1781 120 94 sich
783 1779 130 96 auf
963 1787 228 76 immer
1251 1785 66 76 in
1363 1785 380 94 Sicherheit
1799 1805 80 74 zu

121 1863 216 114 setzen,
405 1889 136 74 und
603 1885 132 86 ihre
795 1879 426 100 Herrschaft,
1293 1883 168 90 ihrer
1519 1883 358 96 Meynung

119 1981 208 98 nach,
367 2003 190 74 gegen
599 1981 176 92 jeden
821 1977 230 96 Anfall
1091 2003 74 72 zu
1211 1977 344 100 befestigen.
1691 1979 186 86 Wir

117 2079 188 96 sahen
331 2081 182 92 schon
539 2077 426 96 fürchterliche
995 2079 358 96 Anstalten,
1379 2085 96 76 die
1503 2089 132 70 uns
1663 2081 212 90 nichts

119 2187 244 72 anders
443 2185 106 70 als
631 2159 362 112 vssenbahre
1057 2177 276 82 Gewalt
1413 2177 462 98 ankündigten.

125 2275 320 84 Warum
487 2275 212 90 sollten
739 2273 182 94 unsre
961 2271 284 100 Bürger
1303 2275 370 100 entwaffnet
1711 2299 132 60 wer-

121 2379 170 76 den?
399 2373 276 84 Waren
743 2375 80 94 sie
881 2373 154 92 doch
1093 2395 168 60 treue
1313 2383 138 74 und
1503 2375 372 100 gehorsame

117 2473 444 98 Unterkhanen
605 2471 220 94 unsres
865 2475 296 94 geliebten
1201 2471 316 100 Königs!
1623 2475 248 94 Wozu

117 2571 190 94 solche
345 2569 500 100 Zurüstungen,
903 2579 108 72 als
1069 2593 128 60 nur
1241 2577 96 76 ein
1385 2577 204 96 naher
1631 2575 238 96 Krieg,

117 2677 152 74 oder
305 2675 96 78 ein
435 2669 394 100 besorglicher
853 2669 320 98 Ueberfall
1213 2675 172 78 eines
1423 2671 448 84 anrückenden

117 2769 276 100 Feindes
433 2771 220 96 nöthig
699 2771 268 94 macht?
1075 2769 204 84 War
1317 2771 156 94 doch
1517 2775 188 92 rings
1749 2793 120 58 um

123 2881 134 66 uns
299 2871 106 96 her
443 2869 270 98 Friede!
799 2871 252 94 Gnug,
1093 2873 200 76 meine
1331 2865 328 100 Brüder,
1705 2877 166 74 alles

119 2979 154 68 was
315 2967 334 100 schrecklich
691 2971 112 92 ist,
847 2969 254 96 drohere
1141 2981 136 70 uns
1317 2989 134 58 von
1509 2975 108 74 der
1661 2967 208 84 Seite

119 3065 248 92 unserer
413 3065 276 100 Feinde,
757 3073 94 76 die
905 3071 124 76 wir
1087 3073 68 74 in
1195 3067 252 94 unserm
1491 3067 238 94 Busen
1775 3089 62 62 er-

121 3161 292 96 nährten.
571 3165 248 84 Gelobt
887 3167 98 92 sey
1043 3167 218 96 Gott,
1335 3173 108 76 der
1497 3177 136 70 uns
1699 3167 168 92 nicht

119 3281 144 74 zum
293 3263 244 86 Raube
575 3269 64 74 in
675 3265 130 92 ihre
829 3263 230 100 Zahne
1097 3269 268 92 gegeben
1409 3265 138 100 hat,
1581 3273 110 74 der
1729 3267 138 92 ihre

119 3365 300 92 treulosen
463 3369 136 74 und
643 3363 410 96 blutgierigen
1101 3365 378 100 Absichten,
1541 3371 164 80 denn
1749 3385 86 58 an-

119 3465 138 82 dere
299 3463 242 84 können
585 3473 70 70 es
699 3463 166 96 nicht
901 3463 272 98 gewesen
1213 3463 190 100 seyn,
1461 3483 80 78 zu
1585 3461 256 94 Schan-

943 3551 90 100 B
1743 3565 124 78 den
