2853 4644
181 763 169 93 gens
391 751 221 101 Hoft;
665 759 89 74 da
779 751 131 97 stal
941 769 109 63 om
1083 753 113 76 der
1213 754 275 93 vindes,
1541 752 363 101 Forstand,

188 858 222 83 Villie
434 857 296 93 Magten
752 875 80 71 og
850 848 320 99 Styrken
1202 850 166 82 blive
1386 857 120 74 den
1540 872 182 62 rette.

386 957 179 79 Men
592 954 87 93 see
708 975 93 58 nu
824 948 485 97 Understriften
1326 973 67 56 er
1412 953 191 99 steet,
1655 956 223 77 Mær-

187 1056 308 103 mingm
187 1079 308 82 mmgm
525 1054 234 94 samler
799 1050 156 94 efter
989 1047 132 84 Kl:
1153 1079 68 49 2.
1277 1058 74 74 de
1373 1057 110 74 der
1501 1053 124 93 stal
1647 1054 166 77 blive
1829 1061 78 71 dr

183 1160 353 98 fornemste
575 1158 21 76 i
631 1153 303 100 Fistenes
963 1152 207 95 Rige.
1273 1150 127 97 Og
1437 1159 279 73 naar-de
1641 1160 77 74 de
1742 1153 158 94 efter

188 1269 302 85 overlagt
524 1254 475 95 Betragtning
1044 1261 190 82 lynes
1282 1270 72 60 at
1398 1257 104 74 det
1550 1274 68 58 er
1662 1261 94 72 alt
1802 1258 104 76 vel

187 1361 270 94 udført,
515 1378 82 74 og
629 1365 74 70 de
733 1375 98 56 ere
865 1351 572 98 hafftramben;
1493 1351 152 97 (det
1679 1352 226 81 Navn

187 1468 79 74 de
297 1461 125 78 kan
453 1476 149 76 tage
639 1455 255 96 hvilken
925 1452 197 89 Time
1175 1458 77 74 de
1297 1451 235 97 lyster)
1577 1473 205 75 gaaer
1833 1457 79 77 de

190 1566 70 78 til
290 1583 78 56 en
400 1557 386 94 Samling,
842 1552 134 92 som
1014 1553 224 78 kaldes
1268 1552 556 94 Maequerade.

392 1659 421 95 Zmidlermd
842 1670 203 76 gaaer
1080 1658 191 88 nogle
1304 1657 95 74 ud
1434 1651 137 94 som
1620 1654 293 77 kommer

191 1756 114 100 fra
337 1777 74 60 ar
443 1757 168 97 have
635 1749 216 97 aflagt
885 1758 188 74 deres
1105 1751 508 93 Gratulation,
1669 1775 82 72 og
1771 1773 116 57 mo-

193 1868 115 76 der
354 1885 84 62 2,
491 1854 137 94 som
659 1855 93 78 vil
795 1853 115 77 ind
965 1867 73 64 at
1081 1856 359 91 gratulere.
1555 1848 149 86 Da
1751 1855 165 92 siger

190 1966 80 78 de
288 2009 23 46 ,
366 1957 134 94 som
536 1954 148 80 kom
718 1957 130 74 ud:
906 1958 106 72 det
1044 1949 208 99 Beste
1286 1972 102 67 er,
1442 1967 70 62 at
1530 1954 72 76 de
1624 1950 118 96 har
1802 1953 80 76 be-

193 2065 216 93 gyndt
437 2058 212 91 alting
683 2057 178 92 galt;
917 2070 168 74 gaae
1120 2051 277 79 kun'ind
1435 2071 80 72 og
1563 2062 148 67 roes
1765 2057 146 72 dem

195 2168 127 72 alle
351 2185 41 68 3
411 2165 188 71 deres
631 2151 262 96 udførte
911 2149 216 96 Lykke.
1235 2148 192 85 Efter
1447 2167 70 62 at
1541 2148 164 98 have
1729 2149 188 92 holdt

190 2266 171 73 dette
388 2257 220 83 Raad
644 2271 82 76 og
757 2248 183 100 faaes
972 2251 152 98 disse
1155 2246 259 99 Ønsker
1472 2270 200 75 gaaer
1718 2255 78 76 de
1844 2252 74 78 til

190 2360 547 93 Masqueraden.

393 2451 134 87 Nu
561 2456 186 94 gives
779 2449 534 99 -hafftramben
1349 2471 76 58 en
1467 2447 342 83 Collation
1825 2445 68 93 ef-

191 2576 97 66 ter
315 2555 393 86 Sædvane.
809 2550 277 98 Opium
1117 2550 79 90 af
1241 2552 311 82 Sonden
1583 2550 207 78 virker
1840 2563 76 81 at

190 2657 310 96 horken
528 2660 244 94 flyder.
876 2650 148 88 Da
1062 2672 204 77 gaaer
1314 2647 600 97 Sandskrubben

189 2764 80 76 ril
301 2781 82 72 og
416 2763 181 74 lader
628 2753 137 94 som
804 2752 135 96 han
977 2769 214 62 tørrer
1230 2756 107 74 det
1367 2749 106 98 af,
1541 2770 150 58 men
1736 2747 179 80 kuns

189 2858 216 102 forat
457 2856 407 96 bestiemme,
917 2856 138 92 som
1099 2853 134 92 han
1259 2854 174 79 vilde
1467 2851 164 95 sige,
1705 2847 84 94 see
1855 2864 60 64 et

192 2956 348 101 Spøgelse
574 2980 82 71 og
690 2953 354 96 Galning!

396 3057 281 89 aDmer
696 3054 273 96 derefter
982 3053 127 96 stal
1128 3057 73 75 de
1218 3050 175 80 rekke
1412 3049 157 98 ham
1586 3045 333 84 euSkaal

193 3165 148 75 med
393 3157 266 94 Edder,
725 3155 102 98 for
879 3172 70 64 at
1001 3159 106 76 det
1155 3153 122 95 stal
1329 3152 222 89 ansees
1605 3148 132 90 som
1795 3153 124 72 den

193 3259 149 99 Fist
369 3257 539 99 hafftramben
945 3261 171 78 døde
1149 3259 21 75 i
1201 3249 349 94 Vildelse,
1607 3269 153 59 men
1777 3247 139 98 han

196 3360 126 98 stal
364 3363 126 78 ikke
526 3359 230 81 drikke.

396 3459 69 97 I
496 3466 201 74 denne
728 3457 161 85 Nat
924 3458 275 79 imellem
1236 3458 125 76 den
1403 3481 32 42 i
1454 3475 35 70 z
1538 3470 83 70 og
1660 3469 93 70 14
1788 3445 131 96 stal

195 3564 130 76 den
353 3557 212 97 Evige
611 3560 206 83 Aand
867 3564 148 76 lade
1063 3557 252 78 komme
1343 3557 191 75 dette
1577 3546 180 97 Syn
1809 3543 106 94 for

194 3661 334 95 Brasen,
592 3684 78 73 og
710 3661 132 102 han
860 3660 146 96 saae
1021 3653 367 90 Bøddelen
1404 3669 72 62 at
1507 3651 207 93 bryde
1737 3645 181 86 hans

1686 3746 226 83 Vaa-
