2936 4622
1453 124 206 58 WØER

994 785 84 74 og
1116 779 138 66 troe
1280 778 72 64 at
1384 766 104 77 det
1532 783 68 60 er
1630 763 74 78 til
1732 757 408 101 Exereitiens
2172 758 426 103 Færdighed,
2632 756 72 94 ef-

996 883 98 62 ter
1114 862 348 98 udspredte
1476 863 274 96 Rygte,
1806 878 74 62 at
1900 864 72 76 de
1992 860 126 92 stal
2142 861 126 78 ikke
2292 861 174 96 siden
2488 866 196 76 drøm-

992 983 101 58 me
1128 984 107 58 om
1298 980 71 62 at
1422 962 325 95 bessierme
1794 958 569 100 Hafstrambm,
2448 968 148 76 eller
2642 974 78 66 at

993 1067 198 77 tænke
1223 1076 70 64 at
1327 1064 146 94 siigt
1509 1083 66 56 er
1607 1061 22 76 i
1659 1059 282 84 Gierde.

1191 1160 134 84 De
1353 1164 94 76 vil
1491 1159 250 98 afpasse
1777 1163 146 87 det,
1975 1176 72 62 at
2085 1166 104 77 det
2237 1179 68 60 er
2341 1161 136 91 iust
2525 1156 176 98 Has-

990 1261 413 93 srambena
1435 1257 236 96 6Aar,
1727 1257 114 92 faa
1877 1276 72 64 at
1981 1276 136 78 paa
2183 1265 124 76 den
2351 1257 190 97 Dag
2585 1260 138 94 han

986 1359 90 94 fik
1106 1355 156 101 Hat
1300 1380 174 75 paa,
1530 1359 182 96 skulle
1754 1357 134 99 han
1920 1364 306 93 nedlegge
2248 1365 164 90 den,
2469 1356 135 94 som
2644 1374 76 62 at

988 1455 404 94 detsaaledes
1410 1456 80 95 af
1510 1459 156 96 ham
1686 1455 122 92 selv
1830 1478 126 58 var
1984 1460 282 95 bestemt.
2384 1455 152 87 Vil
2560 1456 156 98 disse

990 1555 616 101 Omstændigheder
1644 1557 128 78 ikke
1810 1556 170 92 falde
2014 1558 78 94 af
2118 1561 92 94 sig
2246 1555 170 98 selv;
2472 1564 88 76 da
2600 1558 88 100 ha-

993 1677 116 58 ver
1142 1663 77 73 de
1260 1656 291 96 befluttet
1581 1675 76 58 en
1702 1638 541 115 forfærdeligere;
2312 1657 93 96 thi
2436 1660 21 76 i
2487 1680 110 58 een
2646 1652 85 98 af

993 1759 78 76 de
1105 1783 38 66 Z
1167 1760 74 76 de
1273 1754 266 82 Nætter
1565 1757 276 78 imellem
1907 1778 210 73 1409
2165 1779 96 70 15
2277 1805 26 46 ,
2369 1777 82 77 og
2501 1780 82 66 15
2637 1776 90 76 og

997 1861 94 66 16
1131 1874 80 76 og
1253 1876 90 68 17
1375 1858 90 78 vil
1507 1861 80 76 de
1627 1859 150 76 med
1807 1852 218 102 Magt
2071 1874 174 63 være
2263 1859 34 86 i.
2311 1861 110 76 det
2455 1856 258 98 høyeste

989 1953 249 82 Sæde.

1194 2050 126 98 Og
1360 2050 98 94 jeg
1502 2047 204 98 hørde
1732 2069 80 59 en
1864 2062 214 70 anden
2132 2053 222 98 Røst,
2440 2050 280 98 derefter

996 2157 236 75 vendte
1260 2152 100 94 jeg
1396 2151 134 94 mig
1566 2147 108 98 for
1710 2167 72 60 at
1814 2148 88 92 see
1938 2160 122 74 den
2092 2150 136 115 som
2256 2159 250 91 talede,
2564 2172 156 60 men

996 2251 99 94 jeg
1132 2249 145 93 saae
1304 2254 219 92 ingen.
1628 2245 145 88 Da
1814 2232 261 116 spurgte
2096 2250 93 97 jeg
2214 2263 161 88 den,
2430 2252 135 94 som
2590 2272 131 62 var

1001 2355 150 77 med
1185 2352 134 94 mig
1337 2358 93 85 og
1447 2348 210 95 havde
1677 2353 142 93 viist
1835 2356 136 94 mig
1993 2350 146 101 disse
2159 2351 222 96 Ting,
2437 2374 110 58 om
2581 2352 138 100 han

1003 2455 172 74 vilde
1209 2446 282 94 forklare
1517 2451 134 92 mig
1687 2447 178 98 hvad
1905 2458 94 72 alt
2035 2462 168 71 dette
2237 2455 148 76 ville
2433 2452 170 80 blive
2643 2454 80 80 ril

997 2562 83 83 og
1117 2549 196 97 hvers
1357 2546 296 84 Embede
1673 2545 75 92 af
1763 2555 74 75 de
1857 2546 268 100 tilsagde
2147 2551 206 100 Fisse:
2421 2571 81 77 og
2537 2554 181 96 hvad

996 2655 72 74 de
1094 2671 34 70 3
1156 2648 264 84 Nætter
1438 2649 146 78 ville
1614 2645 142 96 føre
1782 2656 148 74 med
1964 2654 134 94 sig,
2182 2675 82 74 og
2312 2651 130 92 han
2474 2652 242 98 sagde;

998 2749 124 96 har
1156 2754 90 74 du
1289 2742 310 98 forsaaet
1634 2755 120 74 alle
1806 2756 76 74 de
1930 2750 300 98 bestemte
2286 2749 248 97 Tider,
2604 2758 114 80 der

998 2867 68 58 er
1102 2845 178 100 hvad
1316 2846 120 94 ssee
1480 2845 144 92 stal.

1198 2944 131 88 De
1361 2948 200 93 fieeste
1597 2943 82 96 af
1699 2945 148 99 disse
1878 2948 177 100 Fisse
2091 2949 127 95 skal
2271 2953 170 80 blive
2489 2958 106 76 det
2643 2958 78 76 de

997 3063 126 60 ere.
1225 3042 114 86 En
1357 3042 192 86 Deel
1569 3045 128 94 skal-
1723 3045 168 83 blive
1919 3052 70 78 til
2021 3048 226 87 Døde
2291 3073 82 76 og
2407 3057 130 95 dog
2557 3060 158 74 leve.

997 3145 528 99 Mcermmgen
1606 3144 121 94 skal
1809 3148 168 80 blive
2059 3160 128 71 den.
2254 3150 465 105 aabenbarede

970 3239 454 101 -Gcorpwn.
1527 3241 125 98 Og
1675 3245 601 101 Sandskrubben
2291 3253 124 95 skal
2451 3256 173 78 blive
2640 3258 78 78 til

1004 3359 60 62 et
1132 3341 224 83 Natte
1378 3374 22 36 -
1422 3340 342 101 Spøgelse
1818 3346 134 92 som
2010 3368 78 60 en
2156 3353 256 84 Lodden
2472 3354 218 84 Skov-

1000 3439 258 95 Trold,
1312 3462 148 58 men
1494 3445 274 94 derefter
1820 3452 70 78 til
1936 3476 48 66 s
2004 3448 250 89 Deele.
2376 3453 212 83 Naar
2638 3464 78 72 dr

1004 3549 45 64 6
1068 3541 251 95 Syner
1356 3560 95 58 ere
1488 3543 329 101 opfyldte,
1884 3572 149 58 men
2072 3558 103 77 det
2218 3579 45 64 7
2282 3559 75 76 de
2406 3551 185 101 Syn
2646 3576 73 62 er

1003 3639 242 101 tilbage
1281 3656 72 66 at
1389 3649 386 98 overvinde,
1823 3654 90 80 da
1941 3652 204 86 bliver
2201 3651 162 104 først
2395 3655 322 103 Honnin-
