2904 4446
298 173 57 44 X

423 520 130 84 m
619 506 196 108 „C

675 664 79 51 vJ*.

1303 583 44 27 ...
1372 555 76 40 *V*
1475 584 29 22 ..

1303 601 11 9 .-

1291 602 239 50 vl"c5o"i*!*

1315 640 31 20 **
1374 656 74 41 ..?..
1476 640 29 22 •*

1845 580 50 90 »

209 761 252 91 $«SF3S>

192 1394 456 144 Hvorfor
690 1386 178 146 har
932 1393 356 134 Norge
1328 1389 252 120 intet
1632 1386 214 120 Aca-

846 1547 307 118 démie
1180 1547 53 120 d

193 2049 330 161 ^Sjette
577 2110 62 58 er
699 2106 56 64 et
821 2088 478 95 Spørsmaal,
1367 2087 130 90 forn
1541 2106 70 72 ey
1657 2092 226 76 alleene

457 2188 269 96 enhver,
773 2194 107 76 der
919 2195 151 74 veed
1111 2189 175 96 hvad
1313 2185 269 100 Fordeel
1609 2184 239 84 Viden-

186 2289 204 96 skaber
434 2288 250 96 bringer
724 2304 56 66 et
820 2290 216 95 Land,
1080 2289 118 92 har
1520 2286 68 80 til
1632 2300 72 64 at
1740 2284 112 96 gjø-

182 2409 106 75 re,
346 2410 144 58 men
552 2392 202 92 endog
816 2409 188 58 maae
1056 2387 170 96 falde
1284 2387 230 98 enhver
1554 2386 148 90 ind,
1762 2390 114 74 der

184 2489 126 79 kun
354 2492 144 78 lidet
536 2488 316 96 begynder
894 2503 70 64 at
1002 2487 212 94 kjende
1250 2485 254 84 Landet-
1614 2484 262 94 Norge,

182 2606 58 64 et
290 2588 172 82 Land
524 2586 76 96 af
648 2586 108 94 saa
808 2607 236 74 mange
1088 2585 232 84 Miles
1362 2584 380 94 Omkreds,
1812 2598 60 64 et

182 2687 198 87 Land,
420 2688 130 92 som
590 2688 118 92 har
743 2689 127 94 fire
899 2681 978 104 "Folk-enigeHoved-Staden
1288 2682 590 101 Hoved-Stæder,

190 2785 271 95 foruden
484 2806 227 78 mange
734 2786 297 99 anseelige
1058 2785 451 96 Kjøbstæder;
1550 2780 95 86 Et
1668 2782 205 94 Land,

185 2885 134 93 som
373 2886 306 82 Naturen
737 2888 122 98 hav
917 2887 268 96 begavet
1237 2891 142 74 med
1439 2889 74 73 de
1581 2886 290 94 herligste

185 2987 300 97 Fordeele
521 2988 66 78 til
627 3008 74 58 en
739 2987 292 83 udviidet
1069 2983 318 102 Handel;
1431 2983 204 81 Som
1675 2984 18 76 i
1739 2964 100 110 for-

175 3089 130 93 rige
347 3082 216 92 Bider
609 3086 118 98 har
773 3085 144 98 haft
957 3093 74 76 de
1073 3087 354 94 prægtigste
1485 3078 382 98 Stiftelser;

173 3185 206 83 Som
435 3190 168 76 uden
655 3204 68 62 at
777 3188 166 79 blive
999 3191 350 88 üdarmet,
1437 3183 120 89 har
1631 3182 236 78 kündet

173 3283 146 98 føde
373 3284 486 99 Erke-Biffop,
915 3285 360 96 Bijkoper,
1319 3283 370 100 Prælater,
1737 3280 104 82 Ca-

169 3386 167 80 niker
399 3408 83 74 og
553 3408 225 78 mange
837 3385 297 98 Klostere
1201 3383 175 94 fulde
1441 3380 77 96 af
1573 3380 299 92 Munke,

170 3490 170 78 uden
382 3504 70 68 at
496 3484 290 102 Paven,
850 3487 134 94 som
1040 3491 126 90 dog
1224 3485 234 96 gjærne
1502 3482 166 80 vilde
1710 3480 166 98 have

898 3587 68 84 A
1008 3605 48 74 4
1738 3582 134 88 stue

2870 1106 18 50 f.
