<?xml version="1.0" encoding="utf-8"?>
<alto xmlns="http://www.loc.gov/standards/alto/ns-v3#" xmlns:xs="http://www.w3.org/2001/XMLSchema-instance" xmlns:xlink="http://www.w3.org/1999/xlink">
	<Description>
		<MeasurementUnit>pixel</MeasurementUnit>
		<sourceImageInformation>
			<fileName>130017168291_1_012_001_007.tif</fileName>
		</sourceImageInformation>
		<OCRProcessing ID="OCR1">
			<ocrProcessingStep>
				<processingDateTime>2018-09-13</processingDateTime>
				<processingAgency>Zissor AS</processingAgency>
				<processingStepSettings>Combined OCR</processingStepSettings>
				<processingSoftware>
					<softwareCreator>Zissor AS</softwareCreator>
					<softwareName>ContentOCR-11; ContentOCR-Tesseract</softwareName>
					<softwareVersion>2.0.2; 2.0.0</softwareVersion>
					<applicationDescription>OCR Component for Zissor Content System</applicationDescription>
				</processingSoftware>
			</ocrProcessingStep>
		</OCRProcessing>
	</Description>
	<Styles>
		<TextStyle ID="STYLE1" FONTFAMILY="Times New Roman" FONTSIZE="14" FONTSTYLE=""/>
		<TextStyle ID="STYLE2" FONTFAMILY="Arial" FONTSIZE="12" FONTSTYLE=""/>
		<TextStyle ID="STYLE3" FONTFAMILY="Arial" FONTSIZE="13" FONTSTYLE=""/>
	</Styles>
	<Layout>
		<Page ID="PAGE7" HEIGHT="4451" WIDTH="2919" PHYSICAL_IMG_NR="7" PROCESSING="OCR1" PC="0.8">
			<TopMargin HEIGHT="490" WIDTH="2919" HPOS="0" VPOS="0"/>
			<LeftMargin HEIGHT="3056" WIDTH="86" HPOS="0" VPOS="490"/>
			<RightMargin HEIGHT="3056" WIDTH="1103" HPOS="1816" VPOS="490"/>
			<BottomMargin HEIGHT="903" WIDTH="2919" HPOS="0" VPOS="3548"/>
			<PrintSpace ID="PRINTSPACE1" HEIGHT="3056" WIDTH="1728" HPOS="87" VPOS="491">
				<ComposedBlock xs:type="ComposedBlockType" ID="ARTICLE110765" HEIGHT="3056" WIDTH="1728" HPOS="87" VPOS="491" xlink:type="simple">
					<TextBlock xs:type="TextBlockType" ID="ZONE1148455" HEIGHT="798" WIDTH="1708" HPOS="107" VPOS="491" xlink:type="simple">
						<TextLine ID="LINE1" HEIGHT="104" WIDTH="1694" HPOS="121" VPOS="495">
							<String ID="STRING1" STYLEREFS="STYLE1" HEIGHT="78" WIDTH="142" HPOS="121" VPOS="506" CONTENT="eller" WC="0.83" LANG="nob"/>
							<SP ID="SP1" WIDTH="50" HPOS="263" VPOS="506"/>
							<String ID="STRING2" STYLEREFS="STYLE1" HEIGHT="102" WIDTH="166" HPOS="313" VPOS="496" CONTENT="Flid." WC="0.8" LANG="dan"/>
							<SP ID="SP2" WIDTH="106" HPOS="479" VPOS="496"/>
							<String ID="STRING3" STYLEREFS="STYLE1" HEIGHT="101" WIDTH="488" HPOS="585" VPOS="498" CONTENT="Professorerne" WC="0.67" LANG="dan"/>
							<SP ID="SP3" WIDTH="28" HPOS="1073" VPOS="498"/>
							<String ID="STRING4" STYLEREFS="STYLE1" HEIGHT="78" WIDTH="118" HPOS="1101" VPOS="501" CONTENT="ved" WC="0.65" LANG="nob"/>
							<SP ID="SP4" WIDTH="30" HPOS="1219" VPOS="501"/>
							<String ID="STRING5" STYLEREFS="STYLE1" HEIGHT="93" WIDTH="444" HPOS="1249" VPOS="495" CONTENT="Universiteter" WC="0.71" LANG="nob"/>
							<SP ID="SP5" WIDTH="20" HPOS="1693" VPOS="495"/>
							<String ID="STRING6" STYLEREFS="STYLE1" HEIGHT="60" WIDTH="102" HPOS="1713" VPOS="521" CONTENT="ere" WC="0.54" LANG="nob"/>
						</TextLine>
						<TextLine ID="LINE2" HEIGHT="100" WIDTH="1692" HPOS="117" VPOS="595">
							<String ID="STRING7" STYLEREFS="STYLE1" HEIGHT="94" WIDTH="214" HPOS="117" VPOS="598" CONTENT="derfor" WC="0.51" LANG="nob"/>
							<SP ID="SP6" WIDTH="28" HPOS="331" VPOS="598"/>
							<String ID="STRING8" STYLEREFS="STYLE1" HEIGHT="74" WIDTH="20" HPOS="359" VPOS="600" CONTENT="i" WC="1" LANG="nob"/>
							<SP ID="SP7" WIDTH="30" HPOS="379" VPOS="600"/>
							<String ID="STRING9" STYLEREFS="STYLE1" HEIGHT="100" WIDTH="150" HPOS="409" VPOS="595" CONTENT="visse" WC="0.92" LANG="nob"/>
							<SP ID="SP8" WIDTH="40" HPOS="559" VPOS="595"/>
							<String ID="STRING10" STYLEREFS="STYLE1" HEIGHT="82" WIDTH="298" HPOS="599" VPOS="599" CONTENT="Maader" WC="0.76" LANG="nob"/>
							<SP ID="SP9" WIDTH="54" HPOS="897" VPOS="599"/>
							<String ID="STRING11" STYLEREFS="STYLE1" HEIGHT="60" WIDTH="168" HPOS="951" VPOS="617" CONTENT="meer" WC="0.79" LANG="nob"/>
							<SP ID="SP10" WIDTH="48" HPOS="1119" VPOS="617"/>
							<String ID="STRING12" STYLEREFS="STYLE1" HEIGHT="98" WIDTH="444" HPOS="1167" VPOS="595" CONTENT="Scholarker," WC="0.8" LANG="nob"/>
							<SP ID="SP11" WIDTH="74" HPOS="1611" VPOS="595"/>
							<String ID="STRING13" STYLEREFS="STYLE1" HEIGHT="78" WIDTH="124" HPOS="1685" VPOS="605" CONTENT="end" WC="0.85" LANG="nob"/>
						</TextLine>
						<TextLine ID="LINE3" HEIGHT="102" WIDTH="1693" HPOS="117" VPOS="693">
							<String ID="STRING14" STYLEREFS="STYLE1" HEIGHT="98" WIDTH="447" HPOS="117" VPOS="697" CONTENT="Biskoperne;" WC="0.62" LANG="nob"/>
							<SP ID="SP12" WIDTH="69" HPOS="564" VPOS="697"/>
							<String ID="STRING15" STYLEREFS="STYLE1" HEIGHT="76" WIDTH="77" HPOS="633" VPOS="719" CONTENT="og" WC="0.7" LANG="dan"/>
							<SP ID="SP13" WIDTH="57" HPOS="710" VPOS="719"/>
							<String ID="STRING16" STYLEREFS="STYLE1" HEIGHT="60" WIDTH="169" HPOS="767" VPOS="716" CONTENT="naar" WC="0.89" LANG="nob"/>
							<SP ID="SP14" WIDTH="57" HPOS="936" VPOS="716"/>
							<String ID="STRING17" STYLEREFS="STYLE1" HEIGHT="61" WIDTH="73" HPOS="993" VPOS="714" CONTENT="en" WC="1" LANG="nob"/>
							<SP ID="SP15" WIDTH="61" HPOS="1066" VPOS="714"/>
							<String ID="STRING18" STYLEREFS="STYLE1" HEIGHT="82" WIDTH="247" HPOS="1127" VPOS="693" CONTENT="Rector" WC="0.57" LANG="dan"/>
							<SP ID="SP16" WIDTH="57" HPOS="1374" VPOS="693"/>
							<String ID="STRING19" STYLEREFS="STYLE1" HEIGHT="76" WIDTH="199" HPOS="1431" VPOS="700" CONTENT="allene" WC="0.49" LANG="nob"/>
							<SP ID="SP17" WIDTH="49" HPOS="1630" VPOS="700"/>
							<String ID="STRING20" STYLEREFS="STYLE1" HEIGHT="82" WIDTH="131" HPOS="1679" VPOS="697" CONTENT="kan" WC="0.76" LANG="nob"/>
						</TextLine>
						<TextLine ID="LINE4" HEIGHT="103" WIDTH="1694" HPOS="118" VPOS="790">
							<String ID="STRING21" STYLEREFS="STYLE1" HEIGHT="76" WIDTH="192" HPOS="118" VPOS="816" CONTENT="mage" WC="0.79" LANG="nob"/>
							<SP ID="SP18" WIDTH="17" HPOS="310" VPOS="816"/>
							<String ID="STRING22" STYLEREFS="STYLE2" HEIGHT="75" WIDTH="123" HPOS="327" VPOS="799" CONTENT="—det" WC="0.77" LANG="dan"/>
							<SP ID="SP19" WIDTH="226" HPOS="450" VPOS="799"/>
							<String ID="STRING23" STYLEREFS="STYLE1" HEIGHT="64" WIDTH="70" HPOS="676" VPOS="811" CONTENT="at" WC="0.71" LANG="nob"/>
							<SP ID="SP20" WIDTH="28" HPOS="746" VPOS="811"/>
							<String ID="STRING24" STYLEREFS="STYLE1" HEIGHT="94" WIDTH="172" HPOS="774" VPOS="794" CONTENT="hans" WC="0.71" LANG="nob"/>
							<SP ID="SP21" WIDTH="48" HPOS="946" VPOS="794"/>
							<String ID="STRING25" STYLEREFS="STYLE1" HEIGHT="99" WIDTH="332" HPOS="994" VPOS="790" CONTENT="Discipler" WC="0.72" LANG="nob"/>
							<SP ID="SP22" WIDTH="62" HPOS="1326" VPOS="790"/>
							<String ID="STRING26" STYLEREFS="STYLE1" HEIGHT="100" WIDTH="282" HPOS="1388" VPOS="790" CONTENT="forholde" WC="0.62" LANG="nob"/>
							<SP ID="SP23" WIDTH="44" HPOS="1670" VPOS="790"/>
							<String ID="STRING27" STYLEREFS="STYLE1" HEIGHT="94" WIDTH="98" HPOS="1714" VPOS="799" CONTENT="sig" WC="0.44" LANG="nob"/>
						</TextLine>
						<TextLine ID="LINE5" HEIGHT="100" WIDTH="1686" HPOS="122" VPOS="889">
							<String ID="STRING28" STYLEREFS="STYLE1" HEIGHT="97" WIDTH="444" HPOS="122" VPOS="891" CONTENT="upaaklagelig" WC="0.79" LANG="nob"/>
							<SP ID="SP24" WIDTH="29" HPOS="566" VPOS="891"/>
							<String ID="STRING29" STYLEREFS="STYLE2" HEIGHT="83" WIDTH="529" HPOS="595" VPOS="889" CONTENT="Ved-Academiet" WC="0.79" LANG="dan"/>
							<SP ID="SP25" WIDTH="98" HPOS="1124" VPOS="889"/>
							<String ID="STRING30" STYLEREFS="STYLE1" HEIGHT="94" WIDTH="122" HPOS="1222" VPOS="891" CONTENT="har" WC="0.62" LANG="nob"/>
							<SP ID="SP26" WIDTH="32" HPOS="1344" VPOS="891"/>
							<String ID="STRING31" STYLEREFS="STYLE1" HEIGHT="96" WIDTH="130" HPOS="1376" VPOS="892" CONTENT="han" WC="0.85" LANG="nob"/>
							<SP ID="SP27" WIDTH="28" HPOS="1506" VPOS="892"/>
							<String ID="STRING32" STYLEREFS="STYLE2" HEIGHT="94" WIDTH="165" HPOS="1534" VPOS="893" CONTENT="gjort" WC="0.81" LANG="dan"/>
							<SP ID="SP28" WIDTH="27" HPOS="1699" VPOS="893"/>
							<String ID="STRING33" STYLEREFS="STYLE1" HEIGHT="90" WIDTH="82" HPOS="1726" VPOS="899" CONTENT="sit" WC="0.67" LANG="nob"/>
						</TextLine>
						<TextLine ID="LINE6" HEIGHT="104" WIDTH="1695" HPOS="116" VPOS="984">
							<String ID="STRING34" STYLEREFS="STYLE1" HEIGHT="100" WIDTH="323" HPOS="116" VPOS="987" CONTENT="Embede," WC="0.84" LANG="dan"/>
							<SP ID="SP29" WIDTH="53" HPOS="439" VPOS="987"/>
							<String ID="STRING35" STYLEREFS="STYLE1" HEIGHT="94" WIDTH="133" HPOS="492" VPOS="987" CONTENT="som" WC="0.8" LANG="nob"/>
							<SP ID="SP30" WIDTH="31" HPOS="625" VPOS="987"/>
							<String ID="STRING36" STYLEREFS="STYLE1" HEIGHT="58" WIDTH="75" HPOS="656" VPOS="1011" CONTENT="en" WC="1" LANG="nob"/>
							<SP ID="SP31" WIDTH="53" HPOS="731" VPOS="1011"/>
							<String ID="STRING37" STYLEREFS="STYLE1" HEIGHT="103" WIDTH="361" HPOS="784" VPOS="984" CONTENT="fortreffelig" WC="0.68" LANG="nob"/>
							<SP ID="SP32" WIDTH="53" HPOS="1145" VPOS="984"/>
							<String ID="STRING38" STYLEREFS="STYLE1" HEIGHT="99" WIDTH="281" HPOS="1198" VPOS="989" CONTENT="Mand," WC="0.71" LANG="dan"/>
							<SP ID="SP33" WIDTH="79" HPOS="1479" VPOS="989"/>
							<String ID="STRING39" STYLEREFS="STYLE1" HEIGHT="75" WIDTH="79" HPOS="1558" VPOS="1012" CONTENT="og" WC="0.67" LANG="nob"/>
							<SP ID="SP34" WIDTH="47" HPOS="1637" VPOS="1012"/>
							<String ID="STRING40" STYLEREFS="STYLE1" HEIGHT="84" WIDTH="127" HPOS="1684" VPOS="991" CONTENT="kan" WC="0.99" LANG="nob"/>
						</TextLine>
						<TextLine ID="LINE7" HEIGHT="104" WIDTH="1666" HPOS="113" VPOS="1084">
							<String ID="STRING41" STYLEREFS="STYLE1" HEIGHT="96" WIDTH="198" HPOS="113" VPOS="1086" CONTENT="trodse" WC="0.58" LANG="dan"/>
							<SP ID="SP35" WIDTH="46" HPOS="311" VPOS="1086"/>
							<String ID="STRING42" STYLEREFS="STYLE1" HEIGHT="99" WIDTH="272" HPOS="357" VPOS="1086" CONTENT="enhver," WC="0.83" LANG="nob"/>
							<SP ID="SP36" WIDTH="56" HPOS="629" VPOS="1086"/>
							<String ID="STRING43" STYLEREFS="STYLE1" HEIGHT="59" WIDTH="108" HPOS="685" VPOS="1107" CONTENT="om" WC="0.89" LANG="nob"/>
							<SP ID="SP37" WIDTH="34" HPOS="793" VPOS="1107"/>
							<String ID="STRING44" STYLEREFS="STYLE1" HEIGHT="92" WIDTH="130" HPOS="827" VPOS="1088" CONTENT="han" WC="0.66" LANG="nob"/>
							<SP ID="SP38" WIDTH="48" HPOS="957" VPOS="1088"/>
							<String ID="STRING45" STYLEREFS="STYLE2" HEIGHT="95" WIDTH="110" HPOS="1005" VPOS="1084" CONTENT="saa" WC="0.86" LANG="dan"/>
							<SP ID="SP39" WIDTH="204" HPOS="1115" VPOS="1084"/>
							<String ID="STRING46" STYLEREFS="STYLE1" HEIGHT="100" WIDTH="328" HPOS="1319" VPOS="1088" CONTENT="har-giort" WC="0.66" LANG="nob"/>
							<SP ID="SP40" WIDTH="42" HPOS="1647" VPOS="1088"/>
							<String ID="STRING47" STYLEREFS="STYLE1" HEIGHT="62" WIDTH="90" HPOS="1689" VPOS="1109" CONTENT="an" SUBS_TYPE="HypPart1" SUBS_CONTENT="andet," WC="1" LANG="nob"/>
							<HYP CONTENT="-"/>
						</TextLine>
						<TextLine ID="LINE8" HEIGHT="100" WIDTH="936" HPOS="107" VPOS="1184">
							<String ID="STRING48" STYLEREFS="STYLE1" HEIGHT="95" WIDTH="140" HPOS="107" VPOS="1189" CONTENT="det," SUBS_TYPE="HypPart2" SUBS_CONTENT="andet," WC="0.58" LANG="nob"/>
							<SP ID="SP41" WIDTH="56" HPOS="247" VPOS="1189"/>
							<String ID="STRING49" STYLEREFS="STYLE1" HEIGHT="78" WIDTH="118" HPOS="303" VPOS="1188" CONTENT="end" WC="0.86" LANG="nob"/>
							<SP ID="SP42" WIDTH="44" HPOS="421" VPOS="1188"/>
							<String ID="STRING50" STYLEREFS="STYLE1" HEIGHT="96" WIDTH="176" HPOS="465" VPOS="1185" CONTENT="hprc" WC="0.3" LANG="nob"/>
							<SP ID="SP43" WIDTH="42" HPOS="641" VPOS="1185"/>
							<String ID="STRING51" STYLEREFS="STYLE1" HEIGHT="75" WIDTH="78" HPOS="683" VPOS="1207" CONTENT="og" WC="0.4" LANG="nob"/>
							<SP ID="SP44" WIDTH="32" HPOS="761" VPOS="1207"/>
							<String ID="STRING52" STYLEREFS="STYLE1" HEIGHT="98" WIDTH="250" HPOS="793" VPOS="1184" CONTENT="flaaer." WC="0.58" LANG="nob"/>
						</TextLine>
					</TextBlock>
					<TextBlock xs:type="TextBlockType" ID="ZONE1148456" HEIGHT="778" WIDTH="1702" HPOS="104" VPOS="1379" xlink:type="simple">
						<TextLine ID="LINE9" HEIGHT="101" WIDTH="1516" HPOS="256" VPOS="1381">
							<String ID="STRING53" STYLEREFS="STYLE1" HEIGHT="100" WIDTH="374" HPOS="256" VPOS="1382" CONTENT="Hvorledes" WC="0.76" LANG="dan"/>
							<SP ID="SP45" WIDTH="30" HPOS="630" VPOS="1382"/>
							<String ID="STRING54" STYLEREFS="STYLE1" HEIGHT="85" WIDTH="164" HPOS="660" VPOS="1381" CONTENT="vilde" WC="0.76" LANG="dan"/>
							<SP ID="SP46" WIDTH="26" HPOS="824" VPOS="1381"/>
							<String ID="STRING55" STYLEREFS="STYLE1" HEIGHT="76" WIDTH="102" HPOS="850" VPOS="1390" CONTENT="det" WC="0.79" LANG="dan"/>
							<SP ID="SP47" WIDTH="30" HPOS="952" VPOS="1390"/>
							<String ID="STRING56" STYLEREFS="STYLE1" HEIGHT="94" WIDTH="318" HPOS="982" VPOS="1383" CONTENT="altsaa'see" WC="0.79" LANG="dan"/>
							<SP ID="SP48" WIDTH="30" HPOS="1300" VPOS="1383"/>
							<String ID="STRING57" STYLEREFS="STYLE1" HEIGHT="78" WIDTH="90" HPOS="1330" VPOS="1392" CONTENT="ud" WC="0.37" LANG="dan"/>
							<SP ID="SP49" WIDTH="26" HPOS="1420" VPOS="1392"/>
							<String ID="STRING58" STYLEREFS="STYLE1" HEIGHT="76" WIDTH="146" HPOS="1446" VPOS="1394" CONTENT="med" WC="0.65" LANG="nob"/>
							<SP ID="SP50" WIDTH="22" HPOS="1592" VPOS="1394"/>
							<String ID="STRING59" STYLEREFS="STYLE1" HEIGHT="60" WIDTH="158" HPOS="1614" VPOS="1409" CONTENT="man" SUBS_TYPE="HypPart1" SUBS_CONTENT="mange" WC="0.86" LANG="nob"/>
							<HYP CONTENT="-"/>
						</TextLine>
						<TextLine ID="LINE10" HEIGHT="107" WIDTH="1696" HPOS="108" VPOS="1481">
							<String ID="STRING60" STYLEREFS="STYLE1" HEIGHT="86" WIDTH="76" HPOS="108" VPOS="1502" CONTENT="ge" SUBS_TYPE="HypPart2" SUBS_CONTENT="mange" WC="0.62" LANG="nob"/>
							<SP ID="SP51" WIDTH="38" HPOS="184" VPOS="1502"/>
							<String ID="STRING61" STYLEREFS="STYLE1" HEIGHT="84" WIDTH="274" HPOS="222" VPOS="1482" CONTENT="Læreres" WC="0.83" LANG="nob"/>
							<SP ID="SP52" WIDTH="44" HPOS="496" VPOS="1482"/>
							<String ID="STRING62" STYLEREFS="STYLE1" HEIGHT="100" WIDTH="190" HPOS="540" VPOS="1481" CONTENT="Flid," WC="0.53" LANG="nob"/>
							<SP ID="SP53" WIDTH="66" HPOS="730" VPOS="1481"/>
							<String ID="STRING63" STYLEREFS="STYLE1" HEIGHT="60" WIDTH="168" HPOS="796" VPOS="1502" CONTENT="naar" WC="0.81" LANG="nob"/>
							<SP ID="SP54" WIDTH="46" HPOS="964" VPOS="1502"/>
							<String ID="STRING64" STYLEREFS="STYLE1" HEIGHT="77" WIDTH="120" HPOS="1010" VPOS="1490" CONTENT="den" WC="0.85" LANG="nob"/>
							<SP ID="SP55" WIDTH="48" HPOS="1130" VPOS="1490"/>
							<String ID="STRING65" STYLEREFS="STYLE1" HEIGHT="103" WIDTH="196" HPOS="1178" VPOS="1481" CONTENT="første" WC="0.65" LANG="nob"/>
							<SP ID="SP56" WIDTH="47" HPOS="1374" VPOS="1481"/>
							<String ID="STRING66" STYLEREFS="STYLE2" HEIGHT="94" WIDTH="383" HPOS="1421" VPOS="1486" CONTENT="akademiske" WC="0.81" LANG="dan"/>
						</TextLine>
						<TextLine ID="LINE11" HEIGHT="115" WIDTH="1667" HPOS="106" VPOS="1561">
							<String ID="STRING67" STYLEREFS="STYLE1" HEIGHT="95" WIDTH="297" HPOS="106" VPOS="1581" CONTENT="Examen" WC="0.86" LANG="nob"/>
							<SP ID="SP57" WIDTH="59" HPOS="403" VPOS="1581"/>
							<String ID="STRING68" STYLEREFS="STYLE1" HEIGHT="78" WIDTH="139" HPOS="462" VPOS="1581" CONTENT="blev" WC="0.66" LANG="dan"/>
							<SP ID="SP58" WIDTH="51" HPOS="601" VPOS="1581"/>
							<String ID="STRING69" STYLEREFS="STYLE1" HEIGHT="114" WIDTH="331" HPOS="652" VPOS="1561" CONTENT="afskaffet?" WC="0.62" LANG="dan"/>
							<SP ID="SP59" WIDTH="55" HPOS="983" VPOS="1561"/>
							<String ID="STRING70" STYLEREFS="STYLE1" HEIGHT="86" WIDTH="173" HPOS="1038" VPOS="1579" CONTENT="Var" WC="0.61" LANG="dan"/>
							<SP ID="SP60" WIDTH="47" HPOS="1211" VPOS="1579"/>
							<String ID="STRING71" STYLEREFS="STYLE1" HEIGHT="76" WIDTH="101" HPOS="1258" VPOS="1589" CONTENT="der" WC="0.55" LANG="dan"/>
							<SP ID="SP61" WIDTH="51" HPOS="1359" VPOS="1589"/>
							<String ID="STRING72" STYLEREFS="STYLE1" HEIGHT="78" WIDTH="125" HPOS="1410" VPOS="1584" CONTENT="ikke" WC="1" LANG="dan"/>
							<SP ID="SP62" WIDTH="37" HPOS="1535" VPOS="1584"/>
							<String ID="STRING73" STYLEREFS="STYLE1" HEIGHT="57" WIDTH="73" HPOS="1572" VPOS="1608" CONTENT="ar" WC="0.28" LANG="dan"/>
							<SP ID="SP63" WIDTH="55" HPOS="1645" VPOS="1608"/>
							<String ID="STRING74" STYLEREFS="STYLE1" HEIGHT="78" WIDTH="73" HPOS="1700" VPOS="1587" CONTENT="be" SUBS_TYPE="HypPart1" SUBS_CONTENT="befrygte," WC="0.62" LANG="dan"/>
							<HYP CONTENT="-"/>
						</TextLine>
						<TextLine ID="LINE12" HEIGHT="101" WIDTH="1698" HPOS="105" VPOS="1675">
							<String ID="STRING75" STYLEREFS="STYLE1" HEIGHT="99" WIDTH="250" HPOS="105" VPOS="1675" CONTENT="frygte," SUBS_TYPE="HypPart2" SUBS_CONTENT="befrygte," WC="0.53" LANG="dan"/>
							<SP ID="SP64" WIDTH="86" HPOS="355" VPOS="1675"/>
							<String ID="STRING76" STYLEREFS="STYLE1" HEIGHT="62" WIDTH="70" HPOS="441" VPOS="1695" CONTENT="at" WC="0.64" LANG="nob"/>
							<SP ID="SP65" WIDTH="40" HPOS="511" VPOS="1695"/>
							<String ID="STRING77" STYLEREFS="STYLE1" HEIGHT="78" WIDTH="78" HPOS="551" VPOS="1681" CONTENT="de" WC="0.71" LANG="nob"/>
							<SP ID="SP66" WIDTH="74" HPOS="629" VPOS="1681"/>
							<String ID="STRING78" STYLEREFS="STYLE1" HEIGHT="101" WIDTH="292" HPOS="703" VPOS="1675" CONTENT="Skoler," WC="0.73" LANG="nob"/>
							<SP ID="SP67" WIDTH="114" HPOS="995" VPOS="1675"/>
							<String ID="STRING79" STYLEREFS="STYLE1" HEIGHT="94" WIDTH="160" HPOS="1109" VPOS="1679" CONTENT="hvor" WC="0.81" LANG="nob"/>
							<SP ID="SP68" WIDTH="94" HPOS="1269" VPOS="1679"/>
							<String ID="STRING80" STYLEREFS="STYLE1" HEIGHT="84" WIDTH="440" HPOS="1363" VPOS="1682" CONTENT="Skolarkens" WC="0.77" LANG="nob"/>
						</TextLine>
						<TextLine ID="LINE13" HEIGHT="105" WIDTH="1698" HPOS="105" VPOS="1772">
							<String ID="STRING81" STYLEREFS="STYLE1" HEIGHT="87" WIDTH="142" HPOS="105" VPOS="1775" CONTENT="Øle" WC="1" LANG="nob"/>
							<SP ID="SP69" WIDTH="46" HPOS="247" VPOS="1775"/>
							<String ID="STRING82" STYLEREFS="STYLE1" HEIGHT="82" WIDTH="126" HPOS="293" VPOS="1772" CONTENT="ikke" WC="0.9" LANG="nob"/>
							<SP ID="SP70" WIDTH="30" HPOS="419" VPOS="1772"/>
							<String ID="STRING83" STYLEREFS="STYLE1" HEIGHT="80" WIDTH="126" HPOS="449" VPOS="1775" CONTENT="kan" WC="0.42" LANG="nob"/>
							<SP ID="SP71" WIDTH="36" HPOS="575" VPOS="1775"/>
							<String ID="STRING84" STYLEREFS="STYLE1" HEIGHT="61" WIDTH="164" HPOS="611" VPOS="1793" CONTENT="naae" WC="0.44" LANG="nob"/>
							<SP ID="SP72" WIDTH="38" HPOS="775" VPOS="1793"/>
							<String ID="STRING85" STYLEREFS="STYLE1" HEIGHT="96" WIDTH="164" HPOS="813" VPOS="1776" CONTENT="hen," WC="0.78" LANG="nob"/>
							<SP ID="SP73" WIDTH="54" HPOS="977" VPOS="1776"/>
							<String ID="STRING86" STYLEREFS="STYLE1" HEIGHT="80" WIDTH="162" HPOS="1031" VPOS="1777" CONTENT="vilde" WC="0.8" LANG="dan"/>
							<SP ID="SP74" WIDTH="54" HPOS="1193" VPOS="1777"/>
							<String ID="STRING87" STYLEREFS="STYLE1" HEIGHT="94" WIDTH="224" HPOS="1247" VPOS="1780" CONTENT="ganske" WC="0.8" LANG="dan"/>
							<SP ID="SP75" WIDTH="32" HPOS="1471" VPOS="1780"/>
							<String ID="STRING88" STYLEREFS="STYLE1" HEIGHT="100" WIDTH="300" HPOS="1503" VPOS="1777" CONTENT="forfalde," WC="0.82" LANG="dan"/>
						</TextLine>
						<TextLine ID="LINE14" HEIGHT="97" WIDTH="1695" HPOS="109" VPOS="1871">
							<String ID="STRING89" STYLEREFS="STYLE1" HEIGHT="62" WIDTH="169" HPOS="109" VPOS="1892" CONTENT="naar" WC="0.82" LANG="nob"/>
							<SP ID="SP76" WIDTH="37" HPOS="278" VPOS="1892"/>
							<String ID="STRING90" STYLEREFS="STYLE1" HEIGHT="76" WIDTH="77" HPOS="315" VPOS="1876" CONTENT="de" WC="0.99" LANG="nob"/>
							<SP ID="SP77" WIDTH="51" HPOS="392" VPOS="1876"/>
							<String ID="STRING91" STYLEREFS="STYLE1" HEIGHT="72" WIDTH="195" HPOS="443" VPOS="1879" CONTENT="allene" WC="1" LANG="nob"/>
							<SP ID="SP78" WIDTH="59" HPOS="638" VPOS="1879"/>
							<String ID="STRING92" STYLEREFS="STYLE1" HEIGHT="97" WIDTH="203" HPOS="697" VPOS="1871" CONTENT="ffulde" WC="0.67" LANG="dan"/>
							<SP ID="SP79" WIDTH="59" HPOS="900" VPOS="1871"/>
							<String ID="STRING93" STYLEREFS="STYLE1" HEIGHT="76" WIDTH="333" HPOS="959" VPOS="1881" CONTENT="overlades" WC="0.79" LANG="dan"/>
							<SP ID="SP80" WIDTH="71" HPOS="1292" VPOS="1881"/>
							<String ID="STRING94" STYLEREFS="STYLE1" HEIGHT="78" WIDTH="69" HPOS="1363" VPOS="1878" CONTENT="ril" WC="0.75" LANG="nob"/>
							<SP ID="SP81" WIDTH="47" HPOS="1432" VPOS="1878"/>
							<String ID="STRING95" STYLEREFS="STYLE1" HEIGHT="84" WIDTH="325" HPOS="1479" VPOS="1876" CONTENT="Lærernes" WC="0.78" LANG="nob"/>
						</TextLine>
						<TextLine ID="LINE15" HEIGHT="106" WIDTH="1694" HPOS="110" VPOS="1966">
							<String ID="STRING96" STYLEREFS="STYLE1" HEIGHT="75" WIDTH="150" HPOS="110" VPOS="1991" CONTENT="egen" WC="0.95" LANG="dan"/>
							<SP ID="SP82" WIDTH="52" HPOS="260" VPOS="1991"/>
							<String ID="STRING97" STYLEREFS="STYLE1" HEIGHT="100" WIDTH="512" HPOS="312" VPOS="1966" CONTENT="Samvittighed" WC="0.72" LANG="dan"/>
							<SP ID="SP83" WIDTH="50" HPOS="824" VPOS="1966"/>
							<String ID="STRING98" STYLEREFS="STYLE1" HEIGHT="74" WIDTH="78" HPOS="874" VPOS="1992" CONTENT="og" WC="0.41" LANG="dan"/>
							<SP ID="SP84" WIDTH="62" HPOS="952" VPOS="1992"/>
							<String ID="STRING99" STYLEREFS="STYLE1" HEIGHT="103" WIDTH="234" HPOS="1014" VPOS="1968" CONTENT="Følelse" WC="0.87" LANG="dan"/>
							<SP ID="SP85" WIDTH="48" HPOS="1248" VPOS="1968"/>
							<String ID="STRING100" STYLEREFS="STYLE1" HEIGHT="100" WIDTH="78" HPOS="1296" VPOS="1972" CONTENT="af" WC="1" LANG="dan"/>
							<SP ID="SP86" WIDTH="56" HPOS="1374" VPOS="1972"/>
							<String ID="STRING101" STYLEREFS="STYLE1" HEIGHT="98" WIDTH="192" HPOS="1430" VPOS="1974" CONTENT="Pligt" WC="0.77" LANG="dan"/>
							<SP ID="SP87" WIDTH="38" HPOS="1622" VPOS="1974"/>
							<String ID="STRING102" STYLEREFS="STYLE1" HEIGHT="76" WIDTH="144" HPOS="1660" VPOS="1983" CONTENT="eller" WC="0.86" LANG="nob"/>
						</TextLine>
						<TextLine ID="LINE16" HEIGHT="81" WIDTH="220" HPOS="114" VPOS="2071">
							<String ID="STRING103" STYLEREFS="STYLE1" HEIGHT="81" WIDTH="220" HPOS="114" VPOS="2071" CONTENT="ZEre?" WC="0.89" LANG="nob"/>
						</TextLine>
					</TextBlock>
					<TextBlock xs:type="TextBlockType" ID="ZONE1148457" HEIGHT="1284" WIDTH="1710" HPOS="87" VPOS="2263" xlink:type="simple">
						<TextLine ID="LINE17" HEIGHT="105" WIDTH="1550" HPOS="247" VPOS="2264">
							<String ID="STRING104" STYLEREFS="STYLE1" HEIGHT="88" WIDTH="176" HPOS="247" VPOS="2264" CONTENT="Den" WC="0.76" LANG="nob"/>
							<SP ID="SP88" WIDTH="48" HPOS="423" VPOS="2264"/>
							<String ID="STRING105" STYLEREFS="STYLE1" HEIGHT="60" WIDTH="110" HPOS="471" VPOS="2287" CONTENT="ene" WC="1" LANG="nob"/>
							<SP ID="SP89" WIDTH="50" HPOS="581" VPOS="2287"/>
							<String ID="STRING106" STYLEREFS="STYLE1" HEIGHT="101" WIDTH="314" HPOS="631" VPOS="2265" CONTENT="Fordert," WC="0.47" LANG="deu"/>
							<SP ID="SP90" WIDTH="54" HPOS="945" VPOS="2265"/>
							<String ID="STRING107" STYLEREFS="STYLE1" HEIGHT="97" WIDTH="134" HPOS="999" VPOS="2266" CONTENT="som" WC="0.69" LANG="nob"/>
							<SP ID="SP91" WIDTH="44" HPOS="1133" VPOS="2266"/>
							<String ID="STRING108" STYLEREFS="STYLE1" HEIGHT="98" WIDTH="98" HPOS="1177" VPOS="2271" CONTENT="jeg" WC="0.9" LANG="nob"/>
							<SP ID="SP92" WIDTH="56" HPOS="1275" VPOS="2271"/>
							<String ID="STRING109" STYLEREFS="STYLE1" HEIGHT="96" WIDTH="120" HPOS="1331" VPOS="2272" CONTENT="har" WC="0.75" LANG="nob"/>
							<SP ID="SP93" WIDTH="42" HPOS="1451" VPOS="2272"/>
							<String ID="STRING110" STYLEREFS="STYLE1" HEIGHT="98" WIDTH="304" HPOS="1493" VPOS="2270" CONTENT="tilskrevet" WC="0.72" LANG="nob"/>
						</TextLine>
						<TextLine ID="LINE18" HEIGHT="107" WIDTH="1700" HPOS="95" VPOS="2362">
							<String ID="STRING111" STYLEREFS="STYLE1" HEIGHT="78" WIDTH="122" HPOS="95" VPOS="2365" CONTENT="den" WC="0.75" LANG="nob"/>
							<SP ID="SP94" WIDTH="30" HPOS="217" VPOS="2365"/>
							<String ID="STRING112" STYLEREFS="STYLE1" HEIGHT="94" WIDTH="108" HPOS="247" VPOS="2362" CONTENT="saa" WC="0.85" LANG="nob"/>
							<SP ID="SP95" WIDTH="28" HPOS="355" VPOS="2362"/>
							<String ID="STRING113" STYLEREFS="STYLE1" HEIGHT="83" WIDTH="208" HPOS="383" VPOS="2364" CONTENT="kaldte" WC="0.94" LANG="nob"/>
							<SP ID="SP96" WIDTH="24" HPOS="591" VPOS="2364"/>
							<String ID="STRING114" STYLEREFS="STYLE1" HEIGHT="97" WIDTH="342" HPOS="615" VPOS="2367" CONTENT="Deposiz," WC="0.62" LANG="nob"/>
							<SP ID="SP97" WIDTH="54" HPOS="957" VPOS="2367"/>
							<String ID="STRING115" STYLEREFS="STYLE1" HEIGHT="98" WIDTH="190" HPOS="1011" VPOS="2369" CONTENT="angik" WC="0.64" LANG="dan"/>
							<SP ID="SP98" WIDTH="40" HPOS="1201" VPOS="2369"/>
							<String ID="STRING116" STYLEREFS="STYLE1" HEIGHT="96" WIDTH="374" HPOS="1241" VPOS="2373" CONTENT="Lærerne;" WC="0.68" LANG="nob"/>
							<SP ID="SP99" WIDTH="54" HPOS="1615" VPOS="2373"/>
							<String ID="STRING117" STYLEREFS="STYLE1" HEIGHT="74" WIDTH="126" HPOS="1669" VPOS="2379" CONTENT="den" WC="0.78" LANG="nob"/>
						</TextLine>
						<TextLine ID="LINE19" HEIGHT="104" WIDTH="1697" HPOS="99" VPOS="2460">
							<String ID="STRING118" STYLEREFS="STYLE1" HEIGHT="76" WIDTH="209" HPOS="99" VPOS="2466" CONTENT="anden" WC="0.95" LANG="nob"/>
							<SP ID="SP100" WIDTH="33" HPOS="308" VPOS="2466"/>
							<String ID="STRING119" STYLEREFS="STYLE1" HEIGHT="95" WIDTH="151" HPOS="341" VPOS="2460" CONTENT="viser" WC="0.69" LANG="nob"/>
							<SP ID="SP101" WIDTH="29" HPOS="492" VPOS="2460"/>
							<String ID="STRING120" STYLEREFS="STYLE1" HEIGHT="96" WIDTH="87" HPOS="521" VPOS="2465" CONTENT="sig" WC="0.68" LANG="nob"/>
							<SP ID="SP102" WIDTH="37" HPOS="608" VPOS="2465"/>
							<String ID="STRING121" STYLEREFS="STYLE1" HEIGHT="92" WIDTH="123" HPOS="645" VPOS="2465" CONTENT="hos" WC="0.91" LANG="nob"/>
							<SP ID="SP103" WIDTH="41" HPOS="768" VPOS="2465"/>
							<String ID="STRING122" STYLEREFS="STYLE1" HEIGHT="74" WIDTH="75" HPOS="809" VPOS="2474" CONTENT="de" WC="0.77" LANG="nob"/>
							<SP ID="SP104" WIDTH="31" HPOS="884" VPOS="2474"/>
							<String ID="STRING123" STYLEREFS="STYLE1" HEIGHT="79" WIDTH="359" HPOS="915" VPOS="2468" CONTENT="Lærende." WC="0.74" LANG="nob"/>
							<SP ID="SP105" WIDTH="123" HPOS="1274" VPOS="2468"/>
							<String ID="STRING124" STYLEREFS="STYLE1" HEIGHT="96" WIDTH="201" HPOS="1397" VPOS="2468" CONTENT="Disse" WC="0.73" LANG="nob"/>
							<SP ID="SP106" WIDTH="33" HPOS="1598" VPOS="2468"/>
							<String ID="STRING125" STYLEREFS="STYLE1" HEIGHT="92" WIDTH="165" HPOS="1631" VPOS="2471" CONTENT="have" WC="0.7" LANG="nob"/>
						</TextLine>
						<TextLine ID="LINE20" HEIGHT="105" WIDTH="1665" HPOS="98" VPOS="2557">
							<String ID="STRING126" STYLEREFS="STYLE1" HEIGHT="76" WIDTH="22" HPOS="98" VPOS="2557" CONTENT="i" WC="0.49" LANG="nob"/>
							<SP ID="SP107" WIDTH="16" HPOS="120" VPOS="2557"/>
							<String ID="STRING127" STYLEREFS="STYLE1" HEIGHT="77" WIDTH="174" HPOS="136" VPOS="2561" CONTENT="deres" WC="0.8" LANG="nob"/>
							<SP ID="SP108" WIDTH="22" HPOS="310" VPOS="2561"/>
							<String ID="STRING128" STYLEREFS="STYLE1" HEIGHT="101" WIDTH="396" HPOS="332" VPOS="2558" CONTENT="Skolegang" WC="0.81" LANG="dan"/>
							<SP ID="SP109" WIDTH="32" HPOS="728" VPOS="2558"/>
							<String ID="STRING129" STYLEREFS="STYLE1" HEIGHT="80" WIDTH="154" HPOS="760" VPOS="2564" CONTENT="intet" WC="0.77" LANG="dan"/>
							<SP ID="SP110" WIDTH="16" HPOS="914" VPOS="2564"/>
							<String ID="STRING130" STYLEREFS="STYLE1" HEIGHT="83" WIDTH="208" HPOS="930" VPOS="2562" CONTENT="Maal" WC="0.82" LANG="nob"/>
							<SP ID="SP111" WIDTH="14" HPOS="1138" VPOS="2562"/>
							<String ID="STRING131" STYLEREFS="STYLE1" HEIGHT="76" WIDTH="18" HPOS="1152" VPOS="2567" CONTENT="i" WC="0.54" LANG="dan"/>
							<SP ID="SP112" WIDTH="20" HPOS="1170" VPOS="2567"/>
							<String ID="STRING132" STYLEREFS="STYLE1" HEIGHT="95" WIDTH="218" HPOS="1190" VPOS="2567" CONTENT="Sigte" WC="0.52" LANG="dan"/>
							<SP ID="SP113" WIDTH="19" HPOS="1408" VPOS="2567"/>
							<String ID="STRING133" STYLEREFS="STYLE2" HEIGHT="77" WIDTH="171" HPOS="1427" VPOS="2571" CONTENT="uden" WC="0.84" LANG="dan"/>
							<SP ID="SP114" WIDTH="23" HPOS="1598" VPOS="2571"/>
							<String ID="STRING134" STYLEREFS="STYLE2" HEIGHT="83" WIDTH="142" HPOS="1621" VPOS="2565" CONTENT="Aca" SUBS_TYPE="HypPart1" SUBS_CONTENT="Academiet;" WC="0.88" LANG="dan"/>
							<HYP CONTENT="-"/>
						</TextLine>
						<TextLine ID="LINE21" HEIGHT="105" WIDTH="1702" HPOS="90" VPOS="2657">
							<String ID="STRING135" STYLEREFS="STYLE3" HEIGHT="96" WIDTH="263" HPOS="90" VPOS="2657" CONTENT="demiet;" SUBS_TYPE="HypPart2" SUBS_CONTENT="Academiet;" WC="0.89" LANG="dan"/>
							<SP ID="SP115" WIDTH="55" HPOS="353" VPOS="2657"/>
							<String ID="STRING136" STYLEREFS="STYLE1" HEIGHT="96" WIDTH="226" HPOS="408" VPOS="2659" CONTENT="derhen" WC="0.77" LANG="nob"/>
							<SP ID="SP116" WIDTH="28" HPOS="634" VPOS="2659"/>
							<String ID="STRING137" STYLEREFS="STYLE1" HEIGHT="74" WIDTH="162" HPOS="662" VPOS="2681" CONTENT="gaae" WC="0.83" LANG="nob"/>
							<SP ID="SP117" WIDTH="22" HPOS="824" VPOS="2681"/>
							<String ID="STRING138" STYLEREFS="STYLE1" HEIGHT="74" WIDTH="120" HPOS="846" VPOS="2668" CONTENT="alle" WC="1" LANG="nob"/>
							<SP ID="SP118" WIDTH="32" HPOS="966" VPOS="2668"/>
							<String ID="STRING139" STYLEREFS="STYLE1" HEIGHT="77" WIDTH="180" HPOS="998" VPOS="2668" CONTENT="deres" WC="0.93" LANG="nob"/>
							<SP ID="SP119" WIDTH="18" HPOS="1178" VPOS="2668"/>
							<String ID="STRING140" STYLEREFS="STYLE1" HEIGHT="100" WIDTH="296" HPOS="1196" VPOS="2662" CONTENT="Ønsker," WC="0.81" LANG="nob"/>
							<SP ID="SP120" WIDTH="58" HPOS="1492" VPOS="2662"/>
							<String ID="STRING141" STYLEREFS="STYLE1" HEIGHT="75" WIDTH="80" HPOS="1550" VPOS="2686" CONTENT="og" WC="0.5" LANG="nob"/>
							<SP ID="SP121" WIDTH="18" HPOS="1630" VPOS="2686"/>
							<String ID="STRING142" STYLEREFS="STYLE1" HEIGHT="98" WIDTH="144" HPOS="1648" VPOS="2663" CONTENT="Lyst" WC="0.44" LANG="nob"/>
						</TextLine>
						<TextLine ID="LINE22" HEIGHT="107" WIDTH="1691" HPOS="98" VPOS="2753">
							<String ID="STRING143" STYLEREFS="STYLE1" HEIGHT="80" WIDTH="67" HPOS="98" VPOS="2753" CONTENT="til" WC="0.62" LANG="nob"/>
							<SP ID="SP122" WIDTH="35" HPOS="165" VPOS="2753"/>
							<String ID="STRING144" STYLEREFS="STYLE1" HEIGHT="62" WIDTH="67" HPOS="200" VPOS="2772" CONTENT="at" WC="0.63" LANG="nob"/>
							<SP ID="SP123" WIDTH="39" HPOS="267" VPOS="2772"/>
							<String ID="STRING145" STYLEREFS="STYLE1" HEIGHT="80" WIDTH="293" HPOS="306" VPOS="2757" CONTENT="udmerke" WC="0.84" LANG="nob"/>
							<SP ID="SP124" WIDTH="37" HPOS="599" VPOS="2757"/>
							<String ID="STRING146" STYLEREFS="STYLE1" HEIGHT="94" WIDTH="89" HPOS="636" VPOS="2761" CONTENT="sig" WC="0.78" LANG="nob"/>
							<SP ID="SP125" WIDTH="37" HPOS="725" VPOS="2761"/>
							<String ID="STRING147" STYLEREFS="STYLE1" HEIGHT="74" WIDTH="119" HPOS="762" VPOS="2766" CONTENT="ved" WC="0.86" LANG="nob"/>
							<SP ID="SP126" WIDTH="35" HPOS="881" VPOS="2766"/>
							<String ID="STRING148" STYLEREFS="STYLE1" HEIGHT="78" WIDTH="119" HPOS="916" VPOS="2764" CONTENT="den" WC="0.78" LANG="nob"/>
							<SP ID="SP127" WIDTH="29" HPOS="1035" VPOS="2764"/>
							<String ID="STRING149" STYLEREFS="STYLE1" HEIGHT="98" WIDTH="377" HPOS="1064" VPOS="2762" CONTENT="academiffe" WC="0.74" LANG="nob"/>
							<SP ID="SP128" WIDTH="47" HPOS="1441" VPOS="2762"/>
							<String ID="STRING150" STYLEREFS="STYLE1" HEIGHT="96" WIDTH="301" HPOS="1488" VPOS="2760" CONTENT="Examen" WC="0.86" LANG="nob"/>
						</TextLine>
						<TextLine ID="LINE23" HEIGHT="103" WIDTH="1692" HPOS="99" VPOS="2854">
							<String ID="STRING151" STYLEREFS="STYLE1" HEIGHT="63" WIDTH="64" HPOS="99" VPOS="2869" CONTENT="er" WC="0.68" LANG="nob"/>
							<SP ID="SP129" WIDTH="42" HPOS="163" VPOS="2869"/>
							<String ID="STRING152" STYLEREFS="STYLE1" HEIGHT="94" WIDTH="118" HPOS="205" VPOS="2854" CONTENT="hos" WC="0.64" LANG="nob"/>
							<SP ID="SP130" WIDTH="34" HPOS="323" VPOS="2854"/>
							<String ID="STRING153" STYLEREFS="STYLE1" HEIGHT="74" WIDTH="72" HPOS="357" VPOS="2858" CONTENT="de" WC="0.87" LANG="nob"/>
							<SP ID="SP131" WIDTH="30" HPOS="429" VPOS="2858"/>
							<String ID="STRING154" STYLEREFS="STYLE1" HEIGHT="94" WIDTH="180" HPOS="459" VPOS="2857" CONTENT="Unge" WC="0.62" LANG="nob"/>
							<SP ID="SP132" WIDTH="30" HPOS="639" VPOS="2857"/>
							<String ID="STRING155" STYLEREFS="STYLE1" HEIGHT="80" WIDTH="300" HPOS="669" VPOS="2858" CONTENT="ærekiære" WC="0.88" LANG="nob"/>
							<SP ID="SP133" WIDTH="31" HPOS="969" VPOS="2858"/>
							<String ID="STRING156" STYLEREFS="STYLE2" HEIGHT="96" WIDTH="362" HPOS="1000" VPOS="2859" CONTENT="Gemytter" WC="0.88" LANG="dan"/>
							<SP ID="SP134" WIDTH="61" HPOS="1362" VPOS="2859"/>
							<String ID="STRING157" STYLEREFS="STYLE1" HEIGHT="58" WIDTH="76" HPOS="1423" VPOS="2882" CONTENT="en" WC="1" LANG="nob"/>
							<SP ID="SP135" WIDTH="38" HPOS="1499" VPOS="2882"/>
							<String ID="STRING158" STYLEREFS="STYLE1" HEIGHT="99" WIDTH="254" HPOS="1537" VPOS="2858" CONTENT="Spore" WC="0.38" LANG="nob"/>
						</TextLine>
						<TextLine ID="LINE24" HEIGHT="108" WIDTH="1694" HPOS="95" VPOS="2949">
							<String ID="STRING159" STYLEREFS="STYLE1" HEIGHT="81" WIDTH="70" HPOS="95" VPOS="2949" CONTENT="til" WC="0.76" LANG="nob"/>
							<SP ID="SP136" WIDTH="38" HPOS="165" VPOS="2949"/>
							<String ID="STRING160" STYLEREFS="STYLE1" HEIGHT="101" WIDTH="656" HPOS="203" VPOS="2953" CONTENT="mangrAarsFlid." WC="0.61" LANG="nob"/>
							<SP ID="SP137" WIDTH="120" HPOS="859" VPOS="2953"/>
							<String ID="STRING161" STYLEREFS="STYLE1" HEIGHT="87" WIDTH="260" HPOS="979" VPOS="2956" CONTENT="Derer" WC="0.72" LANG="deu"/>
							<SP ID="SP138" WIDTH="62" HPOS="1239" VPOS="2956"/>
							<String ID="STRING162" STYLEREFS="STYLE1" HEIGHT="99" WIDTH="352" HPOS="1301" VPOS="2958" CONTENT="behageligt" WC="0.73" LANG="dan"/>
							<SP ID="SP139" WIDTH="58" HPOS="1653" VPOS="2958"/>
							<String ID="STRING163" STYLEREFS="STYLE1" HEIGHT="68" WIDTH="78" HPOS="1711" VPOS="2973" CONTENT="at" WC="0.65" LANG="dan"/>
						</TextLine>
						<TextLine ID="LINE25" HEIGHT="95" WIDTH="1697" HPOS="93" VPOS="3046">
							<String ID="STRING164" STYLEREFS="STYLE1" HEIGHT="94" WIDTH="155" HPOS="93" VPOS="3047" CONTENT="høre" WC="0.73" LANG="dan"/>
							<SP ID="SP140" WIDTH="21" HPOS="248" VPOS="3047"/>
							<String ID="STRING165" STYLEREFS="STYLE1" HEIGHT="88" WIDTH="75" HPOS="269" VPOS="3050" CONTENT="sir" WC="0.45" LANG="dan"/>
							<SP ID="SP141" WIDTH="23" HPOS="344" VPOS="3050"/>
							<String ID="STRING166" STYLEREFS="STYLE1" HEIGHT="85" WIDTH="209" HPOS="367" VPOS="3046" CONTENT="Navn" WC="0.67" LANG="dan"/>
							<SP ID="SP142" WIDTH="23" HPOS="576" VPOS="3046"/>
							<String ID="STRING167" STYLEREFS="STYLE1" HEIGHT="62" WIDTH="221" HPOS="599" VPOS="3070" CONTENT="nævnt" WC="0.9" LANG="dan"/>
							<SP ID="SP143" WIDTH="29" HPOS="820" VPOS="3070"/>
							<String ID="STRING168" STYLEREFS="STYLE1" HEIGHT="74" WIDTH="145" HPOS="849" VPOS="3060" CONTENT="med" WC="0.87" LANG="dan"/>
							<SP ID="SP144" WIDTH="33" HPOS="994" VPOS="3060"/>
							<String ID="STRING169" STYLEREFS="STYLE1" HEIGHT="82" WIDTH="533" HPOS="1027" VPOS="3058" CONTENT="udmerketRoes" WC="0.76" LANG="dan"/>
							<SP ID="SP145" WIDTH="21" HPOS="1560" VPOS="3058"/>
							<String ID="STRING170" STYLEREFS="STYLE1" HEIGHT="82" WIDTH="209" HPOS="1581" VPOS="3057" CONTENT="iblant" WC="0.83" LANG="nob"/>
						</TextLine>
						<TextLine ID="LINE26" HEIGHT="107" WIDTH="1664" HPOS="92" VPOS="3146">
							<String ID="STRING171" STYLEREFS="STYLE1" HEIGHT="57" WIDTH="74" HPOS="92" VPOS="3167" CONTENT="en" WC="1" LANG="dan"/>
							<SP ID="SP146" WIDTH="28" HPOS="166" VPOS="3167"/>
							<String ID="STRING172" STYLEREFS="STYLE1" HEIGHT="97" WIDTH="352" HPOS="194" VPOS="3146" CONTENT="Mængde:" WC="0.78" LANG="dan"/>
							<SP ID="SP147" WIDTH="54" HPOS="546" VPOS="3146"/>
							<String ID="STRING173" STYLEREFS="STYLE1" HEIGHT="74" WIDTH="102" HPOS="600" VPOS="3157" CONTENT="der" WC="0.59" LANG="dan"/>
							<SP ID="SP148" WIDTH="20" HPOS="702" VPOS="3157"/>
							<String ID="STRING174" STYLEREFS="STYLE1" HEIGHT="81" WIDTH="222" HPOS="722" VPOS="3151" CONTENT="kildrer" WC="0.71" LANG="dan"/>
							<SP ID="SP149" WIDTH="34" HPOS="944" VPOS="3151"/>
							<String ID="STRING175" STYLEREFS="STYLE1" HEIGHT="77" WIDTH="124" HPOS="978" VPOS="3158" CONTENT="den" WC="0.87" LANG="dan"/>
							<SP ID="SP150" WIDTH="24" HPOS="1102" VPOS="3158"/>
							<String ID="STRING176" STYLEREFS="STYLE1" HEIGHT="94" WIDTH="230" HPOS="1126" VPOS="3157" CONTENT="Unges" WC="0.9" LANG="dan"/>
							<SP ID="SP151" WIDTH="28" HPOS="1356" VPOS="3157"/>
							<String ID="STRING177" STYLEREFS="STYLE1" HEIGHT="97" WIDTH="372" HPOS="1384" VPOS="3156" CONTENT="DErgierrig" SUBS_TYPE="HypPart1" SUBS_CONTENT="DErgierrighed" WC="0.63" LANG="dan"/>
							<HYP CONTENT="-"/>
						</TextLine>
						<TextLine ID="LINE27" HEIGHT="112" WIDTH="1692" HPOS="92" VPOS="3241">
							<String ID="STRING178" STYLEREFS="STYLE1" HEIGHT="94" WIDTH="114" HPOS="92" VPOS="3241" CONTENT="hed" SUBS_TYPE="HypPart2" SUBS_CONTENT="DErgierrighed" WC="0.68" LANG="dan"/>
							<SP ID="SP152" WIDTH="36" HPOS="206" VPOS="3241"/>
							<String ID="STRING179" STYLEREFS="STYLE1" HEIGHT="64" WIDTH="72" HPOS="242" VPOS="3260" CONTENT="ar" WC="0.62" LANG="dan"/>
							<SP ID="SP153" WIDTH="38" HPOS="314" VPOS="3260"/>
							<String ID="STRING180" STYLEREFS="STYLE1" HEIGHT="94" WIDTH="152" HPOS="352" VPOS="3242" CONTENT="høre" WC="0.68" LANG="dan"/>
							<SP ID="SP154" WIDTH="30" HPOS="504" VPOS="3242"/>
							<String ID="STRING181" STYLEREFS="STYLE1" HEIGHT="96" WIDTH="84" HPOS="534" VPOS="3249" CONTENT="sig" WC="0.69" LANG="dan"/>
							<SP ID="SP155" WIDTH="38" HPOS="618" VPOS="3249"/>
							<String ID="STRING182" STYLEREFS="STYLE1" HEIGHT="78" WIDTH="20" HPOS="656" VPOS="3249" CONTENT="i" WC="0.85" LANG="dan"/>
							<SP ID="SP156" WIDTH="34" HPOS="676" VPOS="3249"/>
							<String ID="STRING183" STYLEREFS="STYLE1" HEIGHT="96" WIDTH="456" HPOS="710" VPOS="3249" CONTENT="Berømmelse" WC="0.82" LANG="dan"/>
							<SP ID="SP157" WIDTH="56" HPOS="1166" VPOS="3249"/>
							<String ID="STRING184" STYLEREFS="STYLE1" HEIGHT="79" WIDTH="316" HPOS="1222" VPOS="3273" CONTENT="overgaae" WC="0.79" LANG="dan"/>
							<SP ID="SP158" WIDTH="52" HPOS="1538" VPOS="3273"/>
							<String ID="STRING185" STYLEREFS="STYLE1" HEIGHT="95" WIDTH="194" HPOS="1590" VPOS="3258" CONTENT="dem," WC="0.69" LANG="dan"/>
						</TextLine>
						<TextLine ID="LINE28" HEIGHT="127" WIDTH="1693" HPOS="88" VPOS="3327">
							<String ID="STRING186" STYLEREFS="STYLE1" HEIGHT="106" WIDTH="133" HPOS="88" VPOS="3327" CONTENT="som" WC="0.41" LANG="dan"/>
							<SP ID="SP159" WIDTH="33" HPOS="221" VPOS="3327"/>
							<String ID="STRING187" STYLEREFS="STYLE1" HEIGHT="64" WIDTH="93" HPOS="254" VPOS="3362" CONTENT="ere" WC="0.75" LANG="dan"/>
							<SP ID="SP160" WIDTH="43" HPOS="347" VPOS="3362"/>
							<String ID="STRING188" STYLEREFS="STYLE1" HEIGHT="98" WIDTH="105" HPOS="390" VPOS="3340" CONTENT="fra" WC="0.67" LANG="dan"/>
							<SP ID="SP161" WIDTH="43" HPOS="495" VPOS="3340"/>
							<String ID="STRING189" STYLEREFS="STYLE1" HEIGHT="96" WIDTH="237" HPOS="538" VPOS="3343" CONTENT="samme" WC="0.8" LANG="dan"/>
							<SP ID="SP162" WIDTH="65" HPOS="775" VPOS="3343"/>
							<String ID="STRING190" STYLEREFS="STYLE1" HEIGHT="92" WIDTH="167" HPOS="840" VPOS="3348" CONTENT="Bye" WC="0.86" LANG="dan"/>
							<SP ID="SP163" WIDTH="35" HPOS="1007" VPOS="3348"/>
							<String ID="STRING191" STYLEREFS="STYLE1" HEIGHT="94" WIDTH="131" HPOS="1042" VPOS="3351" CONTENT="som" WC="0.57" LANG="dan"/>
							<SP ID="SP164" WIDTH="33" HPOS="1173" VPOS="3351"/>
							<String ID="STRING192" STYLEREFS="STYLE1" HEIGHT="99" WIDTH="173" HPOS="1206" VPOS="3355" CONTENT="han," WC="0.8" LANG="dan"/>
							<SP ID="SP165" WIDTH="55" HPOS="1379" VPOS="3355"/>
							<String ID="STRING193" STYLEREFS="STYLE1" HEIGHT="98" WIDTH="133" HPOS="1434" VPOS="3348" CONTENT="som" WC="0.51" LANG="dan"/>
							<SP ID="SP166" WIDTH="47" HPOS="1567" VPOS="3348"/>
							<String ID="STRING194" STYLEREFS="STYLE1" HEIGHT="94" WIDTH="167" HPOS="1614" VPOS="3353" CONTENT="have" WC="0.68" LANG="dan"/>
						</TextLine>
						<TextLine ID="LINE29" HEIGHT="99" WIDTH="858" HPOS="831" VPOS="3448">
							<String ID="STRING195" STYLEREFS="STYLE1" HEIGHT="94" WIDTH="168" HPOS="831" VPOS="3448" CONTENT="A4" WC="0.65" LANG="dan"/>
							<SP ID="SP167" WIDTH="588" HPOS="999" VPOS="3448"/>
							<String ID="STRING196" STYLEREFS="STYLE1" HEIGHT="97" WIDTH="102" HPOS="1587" VPOS="3450" CONTENT="sat" WC="0.52" LANG="dan"/>
						</TextLine>
					</TextBlock>
				</ComposedBlock>
			</PrintSpace>
		</Page>
	</Layout>
</alto>
