2939 4482
1616 426 88 64 27

118 597 349 86 Børnene.
572 592 403 100 Forældrene
1007 591 162 82 vilde
1198 599 83 73 da
1306 592 153 80 blive
1489 589 282 97 opmærk-

121 695 310 94 sommere
469 690 210 82 baade
721 711 132 73 paa
921 689 314 82 Lærernes
1307 710 76 76 og
1429 688 370 84 Børnenes

125 793 188 98 Flid,
371 810 78 76 øg
469 788 274 82 Lærerne
769 787 160 78 vilde
945 787 158 78 blive
1123 804 324 62 muntrere
1475 788 68 78 til
1579 786 198 80 Arbei-

129 897 80 74 de
237 939 22 44 ,
303 892 272 80 naar-7de
505 892 72 72 de
603 882 174 94 faae-,
833 897 72 64 at
943 891 182 72 deres
1165 881 426 98 Indkomster
1643 884 134 79 tilto-

135 1007 74 70 ge
237 991 138 73 eller
411 980 212 94 aftoge
667 980 20 76 i
717 978 288 99 Forhold
1055 985 142 74 med
1229 985 184 75 deres
1453 980 358 96 Flittighed.

132 1081 130 84 De
282 1082 158 76 vilde
454 1084 222 86 kæmpe
700 1080 88 89 sig
806 1093 164 60 meer
992 1073 148 96 efter
1158 1074 448 97 Forældrenes
1622 1074 160 98 Hen-

128 1181 188 104 sigter
356 1178 144 74 med
542 1178 180 74 deres
754 1168 256 101 Børn,
1062 1173 160 78 blive
1246 1190 170 60 meer
1458 1168 246 98 følelige
1734 1195 80 74 og

128 1271 246 83 mindre
406 1268 396 102 selvraadige.

280 1461 219 101 Hvad
532 1476 61 66 er
628 1468 137 92 det,
822 1461 131 96 som
980 1463 177 94 setter
1192 1465 109 94 saa
1334 1482 203 82 meget
1568 1466 107 82 Liv
1706 1469 111 78 ide

135 1561 214 96 lydske
391 1562 512 90 Universiteter?
979 1545 136 110 som
1157 1561 400 99 foraarsager
1617 1570 202 74 denne

133 1657 214 93 Drift
391 1678 80 74 og
495 1658 138 92 Lyst
663 1658 68 80 kil
757 1679 70 58 ar
861 1663 138 76 lære
1027 1661 208 82 baade
1265 1662 122 92 hos
1433 1666 386 78 Studenter

129 1779 90 74 vg
253 1752 452 102 Professorer?
757 1752 256 87 Denne
1043 1757 306 99 Friehed,
1403 1760 310 94 hvormed
1745 1763 76 74 de

139 1855 446 78 Studerende
635 1865 314 82 omgaaes
1009 1859 182 74 deres
1221 1853 278 83 Lærere?
1569 1854 256 84 Denne

141 1948 313 96 Artighed
491 1968 77 74 og
601 1946 137 96 Lyst
773 1951 67 76 til
867 1965 71 64 at
967 1951 277 96 behage,
1299 1950 133 94 som
1457 1950 215 96 spores
1699 1952 123 83 hos

138 2042 464 87 Lærerne?'—
652 2042 206 102 Intet
882 2053 234 86 andet,
1170 2052 118 78 end
1316 2066 72 64 at
1414 2056 122 74 den
1560 2050 268 93 mindste

136 2143 188 84 Deel
346 2136 74 98 af
440 2142 582 97 Underviisningen
1056 2165 62 58 er
1146 2145 178 95 frie,'
1352 2162 70 64 at
1454 2154 72 74 de
1550 2144 244 84 Stude-

140 2247 188 74 rende
354 2238 18 78 i
396 2238 144 96 visse
582 2238 302 85 Maader
910 2243 390 96 underholde
1334 2250 182 74 deres
1560 2242 264 97 Lærere,

140 2339 130 90 som
308 2336 162 96 have
504 2340 164 94 desto
704 2342 150 92 fleer
874 2337 472 99 Indkomster,
1396 2342 64 92 jo
1492 2360 164 58 meer
1670 2338 154 99 Flid

138 2441 77 74 de
236 2440 325 90 anvende,
614 2434 65 94 jo
708 2440 147 90 fieer
886 2433 329 96 Tilhørere
1244 2446 71 74 de
1344 2438 209 80 kunne
1576 2436 219 96 erhver-

139 2551 76 60 ve
239 2533 106 95 sig.
443 2530 310 98 Mangen
785 2533 324 84 Student
1145 2533 250 99 besøger
1433 2536 190 94 flittig
1671 2532 132 83 Col-

139 2629 218 97 legier,
411 2634 196 76 allene
633 2614 168 106 fordi
837 2631 132 94 han
999 2633 86 78 vil
1119 2631 162 94 have
1321 2632 206 84 Skiel
1569 2632 100 92 for
1697 2634 130 93 sine

143 2725 268 99 Penge,
467 2746 78 74 og
589 2742 284 83 mangen
915 2725 346 100 Professor
1307 2732 160 86 læser
1507 2732 192 94 flittig
1745 2751 82 76 og

145 2839 146 80 got,
345 2846 104 56 om
477 2824 124 78 ikke
615 2822 102 94 for
763 2841 74 64 at
877 2825 168 94 have
1085 2827 208 82 Livets
1345 2828 318 98 Ophold,
1715 2825 112 96 saa

143 2925 127 88 dog
303 2918 97 94 for
428 2936 70 64 at
529 2920 209 82 kunne
771 2927 127 76 leve
939 2927 171 94 desto
1141 2925 433 95 beqvemmere
1606 2948 78 74 og
1708 2947 86 58 an-

142 3019 370 95 stændigere.
612 3018 162 86 Det
808 3041 64 58 er
914 3019 214 96 derfor
1160 3022 230 98 ogsaa,
1442 3024 100 96 jeg
1588 3022 240 97 billiger

140 3099 112 106 saa
286 3132 204 80 meget
526 3120 114 76 den
682 3116 228 97 Skik,
966 3117 132 94 som
1142 3141 66 58 er
1240 3120 244 94 indfort
1516 3124 20 76 i
1582 3130 72 74 de
1690 3125 110 88 tyd-

142 3211 86 94 ffe
260 3211 274 85 Skoler.
632 3212 424 95 Læsetimerne
1098 3237 96 60 ere
1234 3228 106 72 der
1370 3220 300 80 inddeelte
1698 3218 24 79 i
1750 3235 74 74 de

142 3305 322 99 offentlige
498 3332 76 72 og
598 3314 264 90 private.
914 3313 134 84 De
1080 3313 312 99 offentlige
1440 3338 96 58 ere
1562 3318 124 80 ikke
1712 3317 112 88 saa

131 3406 400 98 mangesom
570 3408 119 96 hos
725 3423 116 86 os,
901 3433 78 76 og
1017 3411 100 96 for
1145 3419 144 78 dem
1333 3420 326 78 lønnesen
1699 3420 96 83 Læ-

1625 3534 104 67 rer
