2839 4448
1259 671 24 76 i
1325 663 234 100 forrige
1593 663 200 88 Tider
1837 679 122 62 var
2007 677 102 60 een
2147 653 80 98 af
2259 663 74 78 de
2373 659 338 96 anseeligste

1263 765 306 82 Slæder.
1645 761 250 88 Denne
1965 777 62 60 er
2109 761 116 78 den
2299 755 404 100 frugtbareste

1267 863 180 98 Egn,
1493 887 78 74 og
1601 863 376 92 Adkomsten
2017 877 64 60 er
2121 877 68 74 ey
2229 855 82 94 af
2345 863 70 76 de
2455 857 222 92 besvær-

1265 967 208 94 ligste;
1561 965 170 82 Men
1767 967 114 70 den
1919 953 498 100 Indvending,'
2459 957 98 98 jeg
2593 955 112 94 seer

1261 1085 160 58 man
1477 1067 88 78 vil
1615 1063 172 98 gjsre
1845 1057 172 94 mig,
2095 1077 64 60 er
2225 1063 126 90 dog
2419 1079 68 74 ey
2547 1061 162 76 uden

1259 1163 386 98 Vigtighed
1681 1157 246 92 nemlig:
1977 1153 158 88 Det
2157 1175 124 60 var
2307 1173 70 62 at
2405 1153 300 100 befrygte,

1253 1279 72 64 at
1369 1269 104 76 der
1517 1263 192 80 kunde
1747 1253 278 96 indfalde
2073 1257 240 94 haarde
2359 1255 344 96 Aaringer,

1249 1361 132 94 som
1427 1361 196 80 kunde
1671 1357 342 92 udhungre
2053 1353 322 92 Muserne.
2499 1353 206 98 Dog,

1247 1461 98 96 jeg
1391 1457 250 94 baaber,
1681 1471 72 64 at
1791 1451 142 94 viise
1953 1453 466 98 Indretninger
2441 1453 124 82 kan
2603 1451 104 94 for

1249 1555 352 94 Eftertiden
1637 1551 382 96 forekomme
2055 1559 118 74 den
2217 1553 300 96 Mangel,
2567 1553 134 92 som

1249 1651 210 94 tilforn
1501 1669 58 62 et
1595 1655 140 78 eller
1775 1657 190 74 andet
1989 1649 142 84 Aar
2173 1651 122 80 kan
2339 1653 162 94 have
2537 1649 138 96 tryk-

1245 1751 98 80 ket
1381 1757 198 76 denne
1623 1775 78 72 og
1743 1755 198 74 andre
1973 1749 186 96 Egne
2199 1743 22 86 i
2259 1747 248 98 Norge.
2609 1749 64 98 I-

1241 1855 316 76 midlertid
1593 1851 202 94 ffulde
1835 1855 200 76 andre
2059 1849 282 84 Stæder
2383 1849 162 96 have
2569 1853 98 92 vig-

1249 1953 182 94 tigere
1475 1949 288 88 Grunde
1805 1945 104 96 for
1947 1951 114 94 sig,
2105 1949 122 80 kan
2261 1947 406 100 Fædernelan-

1241 2057 104 72 der
1427 2049 160 80 blive
1669 2051 216 94 ligevel
1951 2049 168 90 tjent.
2285 2045 130 86 De
2491 2047 206 94 smaae

1247 2147 486 82 Soe-Stæder
1775 2153 118 74 ved
1935 2145 540 98 Vester-Kancen
2529 2149 164 78 vilde

1235 2246 268 94 maaskee
1597 2249 172 94 hvad
1813 2245 518 96 Beliggenheden
2371 2263 308 80 angaaer,

1235 2345 168 96 have
1443 2353 70 76 de
1549 2349 216 98 største
1807 2343 282 102 Fortrin.

1994 3030 132 99 Ak

1833 3171 54 70 å
