2981 4546
1619 401 84 60 29

109 583 188 68 enten
333 563 256 86 Rector
629 567 120 78 ved
793 559 484 98 Kjøbenhavns
1317 565 138 78 eller
1492 559 302 100 Røs-ilde

111 667 260 96 Skole,
423 663 138 94 som
587 667 124 90 dog
767 653 222 104 holdes
1039 657 100 96 for
1167 673 72 64 at
1287 657 160 96 have
1479 667 72 76 de
1577 665 220 96 største

111 763 434 98 Indkomster
581 755 74 96 as
675 765 118 74 alle
821 755 316 86 Rectorer
1171 757 20 76 i
1219 753 260 86 Landet.
1579 759 212 100 Men,

111 869 108 76 det
249 861 122 94 har
401 861 132 94 han
565 855 122 80 ikke
711 861 116 74 ved
857 857 94 94 sin
971 853 144 96 visse
1141 853 174 96 Løn,
1371 875 146 60 men
1537 865 118 76 ved
1669 861 126 92 sine

113 959 262 96 private
423 953 544 100 Forelæsninger,
1035 957 104 76 det
1193 969 104 76 er,
1347 957 118 76 ved
1507 957 94 90 sin
1653 977 154 76 egen

115 1049 578 100 Vindffibelighed.
815 1051 204 80 Vore
1085 1047 266 98 Lærere,
1437 1047 134 94 som
1641 1075 156 60 maa

115 1153 186 92 savne
371 1157 196 74 denne
627 1153 182 74 deres
881 1145 252 96 private
1193 1145 612 100 VindffibelighedS

117 1249 436 94 Belønning,
587 1245 164 96 have
773 1247 230 80 derved
1031 1263 134 76 paa
1187 1251 72 76 de
1277 1229 498 112 allerfleste'Ste-

115 1353 106 74 der
243 1345 207 95 meget
501 1343 348 94 maadelige
905 1339 426 98 Indkomster
1371 1341 178 82 imod
1597 1349 208 76 andre

115 1443 310 100 kongelige
471 1439 370 86 Beuente..
925 1437 178 82 Men
1140 1442 180 94 deres
1369 1437 434 100 Indkomster

117 1543 162 78 vilde
315 1561 134 76 paa
477 1559 232 74 mange
727 1535 264 84 Steder
1014 1553 154 76 vore
1203 1533 298 102 anseelig,
1557 1539 246 92 dersom

117 1639 250 96 private
391 1635 508 98 Forelæsninger
945 1633 172 78 bleve
1149 1635 350 92 paabudne
1535 1633 152 96 efter
1729 1645 76 76 de

119 1735 206 94 tydffe
349 1731 302 86 Skolers
675 1731 176 84 Viis
875 1729 334 96 tilligemed
1243 1737 72 74 de
1357 1731 470 98 offentlige—.

123 1855 80 74 og
237 1839 104 74 det
375 1849 120 62 var
527 1837 100 74 det
659 1827 274 100 Forsiag
955 1827 98 94 jeg
1081 1827 160 80 vilde
1279 1829 216 92 giore,
1549 1831 136 90 som
1725 1855 76 58 en

121 1951 126 66 nye
285 1925 458 98 Opmuntring
787 1911 102 108 for
931 1925 278 82 Lærerne
1251 1925 66 78 til
1361 1925 318 98 Troeffab
1727 1953 80 72 og

125 2023 536 96 Arbejdsomhed,
715 2029 108 74 der
857 2023 212 80 kunde
1103 2021 160 80 bøde
1290 2042 133 73 paa

335 2119 308 96 Examen.
741 2119 144 98 Jeg
915 2139 62 58 er
1009 2119 104 78 vis
1145 2139 172 76 paa,
1373 2141 166 60 naar
1559 2127 244 78 detvar

125 2221 274 82 Lærerne
431 2219 246 92 tilladt,
733 2239 72 58 ar
837 2223 140 78 lade
1007 2217 92 94 sig
1129 2221 182 78 deres
1343 2217 250 92 private
1607 2219 170 100 Fore-

125 2317 330 94 læsninger
493 2315 242 94 betale,
803 2313 110 96 saa
959 2315 162 78 vilde
1171 2317 116 76 end
1335 2315 124 78 ikke
1491 2321 74 78 de
1591 2319 212 82 iblant

123 2421 180 92 dem,
377 2411 132 94 som
559 2411 206 98 havde
793 2419 74 76 de
907 2413 156 96 beste
1125 2409 310 100 offentlige
1465 2413 308 96 Indkom-

121 2515 154 94 ster,
329 2507 316 96 forsmaae
691 2515 202 76 denne
941 2531 120 74 nye
1111 2509 442 100 Næringsvei.
1669 2513 136 86 De

123 2611 156 80 vilde
329 2607 246 80 komme
625 2607 20 76 i
707 2607 220 82 Vane
985 2615 142 76 med
1187 2627 76 60 en
1331 2603 346 104 Flittighed
1731 2635 78 76 og

127 2705 534 94 Stræbsomhed,
717 2703 136 94 som
899 2705 202 96 ffulde
1131 2703 164 94 have
1325 2711 160 92 store
1519 2731 78 72 og
1645 2711 136 82 vidt-

121 2799 212 100 løftige
365 2803 232 98 Følger
615 2801 100 94 for
750 2799 550 102 Videnskaberne
1403 2801 408 102 Forældrene

127 2903 160 78 vilde
315 2897 144 96 faae
493 2905 180 90 nogle
703 2915 122 84 nye
859 2899 292 98 Udgifter
1177 2901 66 78 til
1275 2897 310 86 Skolens
1615 2903 164 86 Lære-

123 3017 106 76 re,
285 3019 144 58 men
457 2995 322 98 Udgifter,
855 2997 134 94 som
1047 3019 132 74 paa
1213 3005 74 74 de
1319 3003 166 92 fleste
1541 2999 268 88 Steder

123 3095 124 80 ikke
283 3095 162 82 vilde
477 3115 306 78 overgaae
815 3101 74 76 de
947 3095 418 98 Indtægter,
1435 3095 134 96 som
1625 3107 184 76 deres

123 3191 216 84 Børn
377 3215 348 60 annamme
781 3191 76 98 af
915 3193 272 84 Skolen
1247 3197 20 74 i
1315 3191 372 102 Beneficier
1731 3223 80 74 og

127 3289 436 98 Stipendier,
615 3313 76 74 og
719 3289 132 96 som
875 3297 244 76 overalt
1133 3291 172 94 snart
1329 3293 164 84 vilde
1517 3301 268 92 godtgjø-

121 3399 104 68 res
261 3395 118 78 ved
401 3409 76 60 en
527 3405 194 64 troere
775 3413 80 74 og
909 3409 324 62 muntrere
1277 3393 524 100 Underviisning.
