2964 4520
1747 411 34 62 5

169 577 132 94 som
345 583 76 78 de
450 575 382 98 akademiske
893 577 464 100 Overhorelser
1415 575 212 80 kunne
1669 575 204 96 have,

175 699 78 76 og
285 683 142 74 lade
485 675 266 94 Læseren
797 673 204 96 afveie
1069 679 188 96 begge
1301 679 172 76 imod
1527 675 344 92 hinanden.

173 775 144 98 Jeg
359 775 86 78 vil
477 775 284 96 begynde
799 781 142 74 med
981 781 164 90 den,
1201 775 134 94 som
1371 791 62 62 er
1449 771 336 86 Grunden
1805 769 70 80 Ä

177 879 76 74 de
291 873 400 96 øvrige,.jeg
735 893 248 58 meener
1043 879 120 72 den
1207 873 218 94 fsrsre
1489 871 384 96 Examen,

179 977 142 72 eller
369 969 106 90 saa
511 969 204 80 kaldte
755 971 364 96 Deposiz,
1175 973 292 92 hvorved
1511 973 120 76 den
1671 973 176 90 stude-

177 1071 188 76 rende
381 1069 302 94 Ungdom
709 1067 298 98 tilstades
1025 1069 70 80 til
1109 1065 774 98 AcademistBorgerret.

321 1251 98 84 At
449 1257 120 76 den
607 1249 218 102 fyrste
853 1265 344 96 Examen
1233 1263 122 96 har
1391 1265 162 92 store
1581 1253 300 96 Fordele,

173 1369 66 60 er
265 1349 412 106 unægtelig!;
739 1351 74 92 ja
883 1361 98 86 jeg
1027 1367 108 62 tor
1183 1355 348 92 paastaae,
1587 1365 122 82 at,
1765 1349 112 90 saa

173 1451 196 94 længe
415 1465 120 60 vo?
567 1431 250 100 Skole-
859 1469 78 76 og
989 1445 728 98 Universitets-Væsen
1753 1447 126 92 stal

173 1539 276 100 forblive
489 1545 20 78 i
545 1549 120 76 den
709 1541 434 102 Forfatning,
1223 1545 184 96 hvori
1451 1549 242 92 derer,
1749 1545 128 78 kan

177 1663 160 60 man
365 1643 128 78 ikke
519 1643 264 92 ophæve
823 1647 202 78 denne
1061 1641 296 100 Examen
1379 1649 170 74 uden
1585 1643 66 78 til
1675 1641 172 84 Ska-

177 1747 76 74 de
277 1737 98 94 for
407 1739 480 96 Studeringer.
991 1741 180 84 Den
1205 1761 64 60 er
1311 1747 102 74 det
1445 1741 332 94 stærkeste,
1807 1737 70 92 ja

179 1839 228 92 næsten
429 1839 104 76 det
565 1835 224 96 eeneste
807 1837 270 84 Baand
1091 1859 132 72 paa
1251 1843 74 74 de
1343 1835 320 100 offentlige
1677 1835 172 82 Sko-

183 1933 346 94 le-Lærere,
583 1931 132 94 som
767 1933 120 94 stal
935 1937 180 90 holde
1161 1941 142 74 dem
1341 1937 68 78 til
1449 1933 430 96 Troestabog

189 2031 146 98 Flid
363 2033 18 76 i
403 2035 182 76 deres
623 2029 332 98 Embede,
1029 2051 168 60 naar
1237 2039 122 72 alle
1411 2037 200 72 andre
1655 2031 192 80 Moti-

177 2147 150 76 ver,
403 2145 188 78 tagne
621 2125 76 94 af
727 2127 242 100 Pligt,
1029 2129 140 98 Lyst
1201 2131 68 78 til
1313 2145 72 64 at
1423 2133 180 92 lære,
1655 2125 190 81 Kien-

177 2224 210 95 lighed
421 2225 70 78 til
527 2227 460 94 Ungdommen
1051 2251 54 56 o.
1153 2227 38 92 s.
1235 2247 60 58 v.
1349 2227 208 98 svigte.
1675 2225 198 82 Man

181 2339 144 80 tage
349 2327 120 74 den
503 2319 210 100 Frygt
763 2323 184 96 bort,
1003 2327 184 92 hvori
1235 2323 490 84 Skolelærerne
1769 2325 74 84 be-

177 2421 242 94 standig
457 2439 188 60 maae
665 2441 168 60 være
861 2419 100 96 for
975 2423 482 96 Universitetet,
1511 2427 121 74 den

375 2525 76 74 de
477 2537 186 64 maae
685 2521 152 96 lide,
893 2525 120 76 den
1033 2519 392 98 Miscredit',
1451 2527 74 74 de
1539 2527 166 86 jætte
1723 2525 148 74 dem

171 2615 120 92 selv
325 2639 78 74 og
443 2619 182 74 deres
671 2615 224 92 Skole
917 2619 60 94 i,
1033 2623 122 76 den
1209 2617 532 96 Misfornøjelse,
1795 2623 76 74 de

183 2713 286 94 opvække
499 2713 124 98 hos
653 2715 500 82 vedkommende
1187 2715 328 100 Forældre
1563 2739 78 74 og
1669 2715 170 100 Paa-

179 2817 298 88 rørende,
551 2807 152 96 ifald
771 2817 184 76 deres
1011 2817 308 92 Ungdom
1387 2815 194 80 bliver
1657 2811 214 98 afviist

181 2911 118 74 ved
319 2909 482 96 Universitetet,
861 2919 140 74 eller
1021 2909 320 96 forholder
1369 2915 88 94 sig
1495 2915 126 92 flet.
1723 2911 146 98 Jeg

177 3005 120 92 seer
343 3011 82 76 da
447 3005 154 96 ikke,
669 3005 176 96 hvad
919 3015 108 74 der
1088 3009 124 97 skal
1241 3009 292 96 forsikkre
1593 3009 278 84 Staren

179 3123 108 58 om
349 3109 74 74 de
479 3101 306 100 offentlige
851 3105 278 84 Læreres
1201 3109 150 98 Flid
1403 3129 78 76 og
1555 3107 312 92 Trostab.

177 3197 172 86 Ved
401 3205 122 76 den
577 3203 252 92 private
907 3207 488 96 Undervisning
1465 3227 98 56 ere
1627 3205 216 98 Foræl-

177 3301 186 76 drene
411 3297 118 92 selv
573 3299 254 98 Herrer
871 3323 152 62 over
1087 3311 182 76 deres
1319 3289 260 100 Borns
1615 3303 252 84 Lærere.

173 3393 130 84 De
379 3395 212 82 kunne
637 3395 252 104 afstaffe
957 3407 184 94 dem,
1237 3417 350 80 opmuntre
1665 3407 200 94 dem,

917 3501 68 84 A
1041 3525 38 72 z
1475 3497 290 100 eftersom
