2942 4581
1119 614 312 99 losvphie,
1483 607 100 97 jeg
1621 603 119 89 har
1775 599 346 95 beffrevet;
2173 611 147 56 men
2343 585 275 94 foruden
2647 590 121 75 den
2784 631 25 44 ,

1115 717 191 96 ogsaa
1347 718 75 71 de
1447 710 187 74 lærde
1657 700 292 92 Sprog,
2005 674 189 110 ogsaa
2217 686 279 96 Historie
2533 705 79 73 og
2625 682 159 83 Geo-

1111 808 287 100 graphie.
1507 801 213 79 Kort:
1793 815 161 58 mar:
2007 788 239 77 kræver
2318 768 102 105 for
2477 787 121 73 den
2669 773 156 99 Tids

1110 896 278 94 imellem
1419 909 121 71 den
1566 894 190 95 første
1787 913 77 73 og
1885 892 217 75 anden
2120 880 298 94 Examen
2454 875 102 94 for
2583 890 229 80 meget,

1115 1022 171 64 naar
1335 1020 159 56 man
1557 995 89 78 vil
1694 992 288 87 forlange
2026 993 78 67 en
2153 975 283 97 grundig
2484 971 282 95 Indsigt
2796 971 21 74 i

1115 1118 209 76 nogen
1357 1091 77 98 af
1460 1098 74 75 de
1568 1083 492 98 Videnskaber,
2130 1095 159 58 man
2336 1070 286 93 fordrer;
2670 1087 145 57 men

1120 1196 105 94 for
1240 1196 180 89 lidet,
1454 1208 167 59 naar
1642 1207 161 56 man
1834 1185 177 74 lader
2043 1176 90 91 sig

1368 1285 77 93 af
1472 1286 173 91 hvad
1662 1304 75 56 en
1766 1278 321 79 Student
2106 1272 119 89 har
2256 1267 333 91 profiteret
2608 1266 71 73 vi
2694 1267 121 73 den

1114 1391 189 93 første
1332 1382 313 95 Examen.
1759 1374 126 92 Og
1919 1375 202 76 denne
2154 1385 157 57 maa
2342 1382 161 58 man
2548 1364 97 72 vel
2673 1360 144 75 lade

1114 1493 91 91 sig
1244 1482 143 79 nøle
1414 1485 187 82 med,
1656 1490 165 62 naar
1842 1488 161 58 man
2029 1462 128 79 ikke
2201 1459 88 78 vil
2343 1458 204 79 kræve
2587 1470 201 72 name-

1111 1578 372 104 ligesTingx
1261 1580 196 88 Bng.
1565 1568 114 85 En
1723 1565 364 87 Student,
2151 1555 141 91 som
2357 1554 191 96 ogsaa
2607 1551 211 93 havde

1117 1681 144 94 Lyst
1287 1692 71 61 at
1377 1684 191 81 lægge
1601 1686 207 73 nogen
1835 1659 257 83 Grund
2123 1654 19 75 i
2159 1673 77 57 en
2255 1656 145 73 eller
2435 1652 213 74 anden
2670 1643 119 95 Vi-

1115 1771 309 96 denskab,
1477 1762 181 95 faaer
1691 1761 127 78 ikke
1848 1755 131 87 Tid
2029 1749 223 84 dertil:
2303 1748 135 92 han
2473 1744 345 90 adspredes

1117 1879 123 75 ved
1295 1877 105 69 det
1447 1879 241 77 meget,
1744 1857 134 91 han
1921 1863 193 65 maae
2153 1846 143 79 vide
2329 1857 189 79 noget
2559 1837 99 99 af,
2737 1858 81 73 og

1115 1988 161 61 maa
1298 1963 106 88 fra
1421 1976 91 62 eet
1541 1962 71 78 til
1646 1963 106 73 det
1781 1954 255 89 andet;
2090 1941 94 96 thi
2194 1943 120 77 ved
2336 1936 296 94 Examen
2646 1934 146 77 kom-

1119 2085 137 60 mer
1304 2067 104 73 det
1444 2055 128 79 ikke
1605 2074 103 58 an
1738 2067 174 75 paa,
1984 2044 165 92 hvor
2200 2044 131 89 stor
2374 2035 287 95 Indsigt
2692 2031 129 91 han

1116 2158 159 100 hari
1306 2178 77 59 en
1422 2154 107 80 vis
1562 2142 426 92 Videnskab,
2052 2156 149 59 men
2232 2136 165 89 hvor
2442 2146 209 79 meget
2690 2127 135 91 han

1116 2263 153 75 veed
1320 2246 77 97 af
1426 2255 147 73 dem
1608 2252 157 84 alle;
1814 2238 125 93 Og
1970 2239 143 89 det,
2168 2231 135 91 som
2338 2247 63 60 er
2440 2232 107 75 det
2578 2229 245 90 værste,

1114 2363 81 73 de
1238 2368 171 78 unge
1451 2341 442 84 Studerende
1956 2339 269 71 vænnes
2274 2324 73 78 til
2408 2340 75 62 at
2526 2321 177 93 ansee
2747 2328 76 73 de

1113 2453 388 94 Indsigter,
1557 2446 76 74 de
1692 2454 159 59 maa
1895 2436 192 88 lægge
2115 2428 102 92 sig
2257 2421 154 91 efter
2473 2417 104 94 for
2649 2418 148 96 Exa-

1120 2558 193 69 mens
1351 2538 288 95 Skyld,
1707 2532 138 91 som
1883 2528 135 79 blot
2079 2521 319 95 fornødne
2445 2514 105 95 for
2617 2523 207 75 denne

1119 2643 319 98 Examen.
1535 2633 299 92 Examen
1887 2620 240 98 forbie,
2181 2635 135 63 troe
2385 2623 77 73 de
2523 2630 73 64 at
2655 2616 167 91 have

1119 2757 199 65 naaet
1371 2736 275 80 Maalet
1689 2728 23 76 i
1757 2724 145 94 disse
1943 2720 387 96 Indsigter,
2395 2734 81 75 og
2523 2710 299 95 bekymre

1131 2830 94 105 sig
1253 2840 173 93 siden
1457 2834 227 91 sielden
1701 2843 109 60 om
1839 2829 161 75 dem.

1268 3030 142 95 Jeg
1448 3021 324 96 befrygter
1790 3020 112 93 siet
1916 3013 166 96 ikke,
2130 3007 158 96 ifald
2314 3012 121 78 den
2450 3003 348 99 philosophi-

1114 3129 94 97 ffe
1240 3126 291 95 Examen
1588 3118 412 92 ophævedes,
2072 3124 75 64 at
2194 3113 75 73 de
2322 3102 473 98 unge.Stude-

1110 3231 197 77 rende
1362 3216 203 95 ffulde
1636 3213 349 93 forsømme
2048 3223 71 64 at
2192 3201 305 88 erhverve
2544 3204 91 92 sig
2700 3205 121 73 den

1114 3317 409 95 Kundskab,
1576 3314 135 92 som
1748 3309 19 80 i
1804 3309 249 93 ethvert
2080 3303 305 97 Facultet
2425 3298 394 79 kundevære

1116 3427 153 77 dem
1308 3414 261 98 nyttig,
1619 3405 102 98 for
1757 3409 166 95 strax
1946 3421 70 61 at
2058 3403 297 77 anvende
2384 3398 69 78 al
2483 3401 186 76 deres
2687 3392 132 96 Tid

2586 3512 137 75 paa
