2962 4517
1074 710 132 96 sine
1260 708 222 84 Børn
1526 711 98 76 vel
1662 703 348 104 forsørget,
2084 709 210 83 kunde
2342 712 174 98 klage
2564 732 70 62 ar
2688 718 78 77 de

1072 814 130 76 leed
1244 808 324 96 Mangel;
1620 805 214 88 Dette
1872 799 176 94 Land
2086 831 188 65 maae
2314 818 126 94 dog
2484 834 90 58 nu
2598 832 166 61 være

1068 912 106 76 det
1212 908 224 96 eenefte
1474 905 82 96 af
1588 913 120 74 alle
1746 907 404 98 Europæiske
2206 910 250 100 Riger,
2518 910 134 94 som
2690 932 70 75 ey

1072 1006 129 80 kan
1266 1006 161 96 have
1480 1023 57 66 et
1596 1011 147 78 lidet
1804 1007 387 99 Academie,
2266 1018 165 84 hvor
2484 1010 279 84 Landets

1063 1102 220 86 Børn
1311 1108 204 80 kunde
1539 1105 146 98 faae
1705 1113 120 76 den
1843 1112 910 101 nødvendigeUnderviisning

1067 1206 70 78 til
1179 1222 70 64 at
1293 1208 160 78 blive
1493 1209 242 96 nyttige
1777 1205 322 102 Borgere.
2203 1212 220 100 Hvad
2465 1210 126 80 kan
2635 1216 128 93 dog

1065 1322 168 64 være
1251 1304 388 101 Aarsagen?
1693 1305 120 88 Vi
1855 1311 88 80 vil
1977 1313 208 96 gjætte
2221 1324 80 68 os
2337 1308 180 98 ftem.
2623 1308 140 92 Toe

1061 1404 178 98 Ting
1283 1404 184 98 synes
1513 1409 130 96 mig
1667 1417 144 76 med
1831 1407 342 102 Billighed
2215 1412 208 82 kunde
2457 1412 300 80 udelukke

1059 1520 60 66 et
1157 1506 176 84 Land
1381 1504 106 98 fra
1533 1513 122 74 den
1689 1509 272 100 Fordeel
1999 1527 72 64 at
2115 1514 166 94 have
2319 1534 58 58 er
2395 1510 358 84 Academie.

1059 1604 209 84 Naar
1307 1624 183 65 enten
1535 1607 239 84 Landet
1833 1617 21 70 i
1895 1611 93 96 sig
2033 1611 123 86 selv
2205 1614 187 96 ingen
2437 1610 287 84 Andleed-

1058 1708 156 96 ning
1254 1726 132 80 gav
1428 1710 72 80 til
1542 1709 238 100 vigtige
1804 1709 480 101 Undersøgelser
2322 1710 102 94 for
2468 1718 74 74 de
2584 1710 144 88 Vit-

1056 1810 162 94 tige,
1278 1814 74 74 de
1390 1808 250 95 Lærde,
1682 1807 102 96 for
1824 1809 362 88 Visdoms
2236 1812 332 96 Sønner;
2618 1810 134 97 Thi

1054 1906 82 96 af
1174 1906 326 94 saadanne
1546 1909 124 82 bør
1704 1909 66 94 jo
1810 1929 58 62 et
1912 1909 344 84 Academie
2294 1912 274 96 besraae:
2636 1910 112 87 Eb

1056 2006 568 106 lerJndbyggerne
1646 2013 22 74 i
1692 2009 512 101 Almindelighed
2232 2030 156 62 vare
2412 2012 310 96 ubeqvem-

1052 2130 104 58 me
1198 2114 72 78 til
1312 2110 232 94 høyere
1583 2106 472 105 Videnskaben
2198 2110 256 86 Skulle
2490 2114 66 76 vi
2596 2128 154 81 troe,

1050 2226 73 64 at
1176 2214 119 78 den
1354 2204 195 101 første
1610 2207 257 100 Aarsag
1930 2213 109 90 her
2096 2210 125 80 kan
2268 2212 165 94 have
2474 2210 271 86 Stæd?

1043 2308 194 98 Ney!
1305 2306 236 99 Norge
1605 2329 66 60 er
1715 2325 58 64 et
1811 2309 216 94 Land,
2079 2307 134 103 som
2257 2314 144 76 ville
2439 2314 144 94 give
2627 2318 120 75 den

1039 2412 226 96 flittige
1315 2408 210 86 Lærde
1565 2413 74 78 de
1679 2407 182 96 bæste
1887 2407 516 103 Andleedninger
2441 2412 72 80 til
2555 2410 162 99 Vig-

1039 2512 126 94 tige
1223 2507 386 104 Opdagelse.
1765 2507 132 90 De
1939 2513 194 96 fleeste
2171 2508 80 98 af
2283 2518 74 74 de
2397 2532 92 58 nu
2535 2510 178 83 blom-

1037 2612 248 96 strende
1323 2610 398 99 Academier,
1769 2611 166 98 hvor
1975 2609 290 99 Boglige
2299 2610 296 94 Kunster
2639 2618 74 73 læ-

1035 2722 134 86 res,
1217 2732 64 58 er
1325 2712 294 81 indrettet
1655 2707 106 98 for
1795 2715 76 76 de
1909 2709 150 100 Fire
2091 2710 250 100 Hoved
2365 2710 346 96 Videnffa-

1041 2810 129 96 ber,
1215 2808 717 97 Guds-Qrds-Læren,
1973 2811 597 99 Lovkyndigheden,
2611 2810 95 88 Læ-

1024 2910 340 98 gekunsten
1404 2932 82 77 og
1526 2917 122 78 den
1678 2911 270 98 verslige
2000 2909 340 87 Viisdom
2398 2918 144 76 med
2602 2914 130 96 sine

1032 3010 238 86 Deele.
1374 3008 178 88 Den
1580 3009 192 100 første
1796 3031 62 62 er
1882 3007 82 96 af
1980 3017 118 76 den
2126 3008 496 102 Beffaffenhed,
2664 3031 70 64 at

1024 3110 138 94 som
1208 3116 118 76 den
1368 3110 286 99 behøves
1696 3115 120 78 alle
1854 3109 282 86 Stæder
2180 3112 118 98 lige
2344 3112 200 98 høyt,
2602 3114 124 81 kan

1026 3214 122 76 den
1174 3232 80 76 og
1280 3214 318 95 allevegne
1622 3217 184 76 læres
1836 3215 140 76 med
2006 3215 116 95 lige
2146 3210 292 102 Fordeel.
2542 3212 184 99 Dog

1024 3308 126 82 kan
1210 3316 120 76 den
1384 3313 310 94 alvorlige
1752 3309 380 98 Theologus
2176 3318 22 74 i
2240 3328 58 66 et
2340 3312 180 84 Land
2562 3312 162 96 ftem

1018 3404 105 98 for
1168 3414 19 76 i
1232 3428 57 62 et
1332 3416 191 75 andet
1566 3411 175 96 finde
1758 3409 417 99 Andledmng
2214 3418 71 74 til
2322 3436 75 58 en
2446 3436 247 74 opmun-

1019 3514 214 76 trende
1289 3508 504 101 Tidsfordriv,
1855 3511 232 97 nemlig
2127 3514 22 78 i
2189 3518 104 76 det
2331 3514 180 82 Land
2547 3512 170 100 hvor

1009 3606 568 104 Kirke-Historien
1625 3633 64 60 er
1733 3619 120 76 den
1891 3613 366 99 lærerigste;
2313 3614 156 98 hvis
2509 3620 208 90 gamle

2457 3714 264 100 Heden-
