2846 4426
1988 788 60 48 er
2114 766 312 88 nedsynke!
2496 771 22 66 i
2580 777 106 62 den

1631 893 76 70 og
1772 870 423 96 Elendighed,
2284 876 123 88 som
2471 899 58 48 er
2588 873 99 92 sad

1269 987 286 88 farligere
1613 1003 76 70 og
1737 988 406 86 ulægeligere,
2207 994 76 66 da
2331 982 222 95 enhver
2587 987 102 90 her

1207 1103 24 66 i
1295 1097 452 86 Dannemark,
1815 1092 242 98 (hvilket
2119 1102 92 88 jeg
2273 1102 136 68 med
2455 1097 210 90 Forun-

1009 1214 180 87 dring
1253 1207 112 92 har
1429 1203 288 98 mærket,)
1782 1208 190 89 saaer
2027 1214 20 66 i
2101 1216 114 64 den
2267 1227 232 72 vrange
2527 1211 140 90 Ind-

1009 1324 316 87 bildning,
1391 1333 68 60 at
1523 1319 226 90 Norge
1811 1340 60 50 er
1935 1336 56 56 et
2051 1322 394 90 blomstrende
2499 1321 190 88 Land,

1007 1430 156 92 hvor
1245 1453 148 52 man
1471 1431 296 88 svømmer
1827 1436 22 66 i
1923 1428 186 78 Guld
2177 1452 72 74 og
2307 1432 214 85 Sølv,
2617 1451 76 72 og

1009 1540 157 92 hvor
1230 1547 200 86 aldrig
1488 1561 200 70 nogen
1753 1537 277 97 Mangel
2094 1548 112 68 kan
2267 1544 153 92 have
2487 1543 203 78 Sted.

1008 1652 178 75 Men
1250 1653 154 92 hvor
1458 1661 140 80 dyrt
1644 1659 192 67 denne
1886 1652 270 92 Fordom
2204 1652 114 92 har
2370 1652 118 91 ofte
2534 1659 132 68 kom-

1012 1779 124 59 met
1194 1783 74 56 os
1338 1779 70 58 at
1472 1767 204 92 staae,
1740 1784 62 52 er
1852 1762 104 94 her
2020 1768 118 70 ikke
2186 1764 178 80 Sted
2430 1779 64 58 at
2556 1765 136 88 vise.

1198 1985 142 80 Gid
1406 2009 112 52 vor
1586 1975 500 104 Christian
2164 1994 162 68 vilde
2390 1993 134 68 med
2606 1989 84 88 sin

1006 2094 136 96 høie
1208 2101 398 84 Nærværelse
1680 2101 166 88 snart
1924 2102 198 78 oplive
2202 2106 72 66 de
2336 2100 150 88 efter
2548 2097 144 92 ham

1004 2210 283 88 sukkende
1369 2207 208 88 norske
1640 2209 461 89 Indbyggere,
2203 2230 76 70 og
2345 2219 132 64 med
2537 2229 148 70 egne

1003 2323 184 68 milde
1249 2312 186 90 Øine
1507 2319 86 88 see
1657 2323 174 68 deres
1899 2318 194 86 Nsd,
2187 2320 98 84 for
2367 2334 66 58 at
2497 2325 196 68 kunde

1005 2434 158 89 desto
1229 2427 534 94 eftertrykkeligere
1815 2428 260 92 afhielpe
2129 2438 144 64 den.
2367 2428 174 79 Men
2597 2435 94 88 jeg

1003 2546 266 69 kommer
1323 2545 162 86 igien
1547 2543 76 72 til
1687 2545 128 71 min
1867 2542 352 94 Hovedsag.

1189 2763 132 90 Jeg
1389 2763 194 90 siger,
1685 2777 68 60 at
1817 2772 96 64 det
1975 2788 62 50 er
2101 2768 118 90 just
2293 2768 118 72 ikke
2491 2767 180 88 fornø-

1002 2884 140 65 dent
1206 2887 64 58 at
1348 2875 306 84 paaraabe
1721 2877 265 89 Norges
2049 2874 231 92 forrige
2357 2878 329 89 Velstand,

1002 3007 158 53 naar
1202 2985 108 92 her
1372 2985 290 92 spørges,
1744 3007 98 51 om
1900 2996 94 64 det
2058 3008 86 48 nu
2208 2984 118 92 har
2392 2988 296 93 Leilighed

1000 3102 78 68 til
1158 3111 80 58 at-
1286 3093 378 92 underholde
1730 3114 58 56 et
1854 3100 374 84 Akademie,
2318 3102 138 72 eller
2522 3103 164 78 ikke;

1000 3208 96 92 thi
1158 3217 96 64 det
1316 3225 62 50 er
1438 3223 178 72 gaaet
1680 3216 134 65 med
1878 3220 150 74 den,
2116 3210 130 88 som
2302 3216 132 68 med
2504 3209 156 78 Sne-

1000 3342 112 61 en,
1192 3327 104 66 der
1364 3317 114 88 falt
1542 3323 24 64 i
1628 3317 186 92 Fior,
1912 3320 148 90 efter
2124 3320 396 95 Ordsproget.
2570 3363 112 12 —

1002 3428 176 81 Men
1240 3431 278 94 alligevel
1570 3443 100 64 tør
1728 3435 96 91 jeg
1888 3432 172 92 svare
2124 3432 104 94 Ja
2290 3434 74 72 til
2426 3431 258 82 Spørs-

2457 3549 230 69 maaler
