2883 4470
1132 404 81 61 30

1194 562 140 98 Jeg
1366 562 116 94 har
1522 555 280 94 saaledes
1854 555 208 81 baade
2116 552 140 92 viist
2288 558 72 78 de
2396 556 160 92 gode
2590 549 134 100 Føl-

1052 682 142 76 ger/
1248 658 132 92 som
1412 652 422 97 Deposizens
1858 636 386 108 Ophævelse
2276 652 164 78 vilde
2462 648 162 96 have
2648 645 102 96 for

1052 758 380 90 Skolerne,
1490 773 78 72 og
1598 749 186 94 tillige
1812 747 262 96 angivet
2102 746 332 84 Middeler
2472 748 68 79 til
2554 763 70 64 at
2654 743 64 94 fo-

1052 856 269 90 rebygge
1348 856 73 74 de
1456 853 177 74 onde.
1750 843 377 92 Resultatet
2178 842 399 98 synesmig,
2636 845 85 76 bli-

1047 968 112 62 ver
1203 968 90 58 nu
1339 952 212 89 dette,
1619 959 74 64 at
1763 941 378 93 Deposizen
2201 948 140 72 eller
2403 948 118 76 den
2557 937 194 100 første

1047 1042 380 94 academiffe
1453 1039 296 94 Examen
1771 1059 64 60 er
1873 1037 538 95 Videnskaberne
2469 1038 68 81 til
2581 1057 170 60 meer

1053 1140 250 82 Skade
1343 1144 118 75 end
1487 1137 236 82 Gavn.
1839 1135 260 84 Denne
2141 1134 354 96 Sandhed
2537 1137 90 78 vil
2669 1135 58 80 ik-

1051 1238 128 78 kun
1207 1256 164 60 meer
1399 1233 354 96 bestyrkes,
1811 1251 166 60 naar
2009 1250 158 60 man
2201 1232 322 94 betragter
2553 1241 204 72 denne

1051 1330 296 94 Examen
1375 1330 118 88 selv
1529 1331 18 78 i
1581 1333 76 92 sit
1687 1345 154 62 rette
1869 1327 148 96 Lys.
2117 1328 192 80 Man
2337 1326 286 99 forestille
2635 1333 118 92 sig,

1052 1448 72 58 ar
1158 1450 76 56 en
1273 1425 613 87 Kiobmandsburs
1933 1423 101 90 for
2074 1444 70 62 at
2165 1426 159 80 blive
2371 1426 179 81 Karl
2594 1447 158 60 maa

1050 1538 246 82 prøves
1320 1522 78 96 af
1416 1530 74 75 de
1530 1521 348 96 anseeligste
1918 1521 408 85 Kiøbmænd
2364 1524 20 76 i
2414 1524 192 95 begge
2624 1523 102 84 Ri-

1052 1642 228 78 gerne,
1336 1642 76 58 en
1450 1619 536 98 Feldrffierdreng
2022 1618 202 92 forat
2272 1622 164 78 blive
2480 1620 272 83 Svend

1048 1716 80 94 af
1148 1724 102 74 det
1278 1718 124 94 hele
1428 1717 322 94 Collegio
1794 1720 456 88 Anatomieo,
2324 1724 140 74 eller
2500 1739 76 60 en
2618 1715 107 91 Ca-

1047 1812 236 94 det-for
1184 1812 100 94 for
1348 1828 74 64 at
1464 1813 166 78 blive
1682 1809 326 98 Ofte-see,
2092 1814 76 96 af
2210 1816 48 78 ti
2312 1814 76 94 af
2422 1822 74 78 de
2536 1819 218 94 største

1048 1912 365 82 Generaler
1452 1917 119 74 ved
1614 1907 299 82 Armeen.
1946 1947 110 19 —
2164 1912 181 80 Saa
2368 1914 119 94 har
2516 1935 159 58 man
2696 1927 57 64 et

1045 2006 270 84 Billede
1359 2026 132 72 paa
1559 2011 118 74 den
1739 2005 192 92 første
1991 2008 376 94 academiffe
2417 2010 336 97 Examen,

1053 2104 164 94 hvor
1247 2104 46 76 ti
1327 2102 282 91 Mænd,
1663 2099 134 88 som
1843 2101 152 94 hver
2049 2104 222 92 holdes
2321 2102 102 96 for
2469 2125 72 60 at
2587 2125 170 60 være

1053 2200 286 96 Mestere
1379 2198 18 78 i
1429 2200 94 91 sin
1553 2195 424 99 Videnskab,
2031 2198 240 96 kræve,
2325 2208 122 74 den
2475 2222 108 59 ene
2599 2201 154 96 efter

1057 2300 126 76 den
1217 2300 250 89 anden,
1527 2291 278 98 offentlig
1834 2292 347 97 Regnskab
2225 2296 74 94 af
2329 2316 58 62 et
2423 2298 332 87 Barnfor

1051 2398 124 78 alle
1201 2391 470 94 Videnskaber.
1811 2389 160 86 Det
2005 2412 64 60 er
2115 2392 230 98 sandt,
2419 2400 104 75 det
2577 2403 176 78 lader

1053 2492 195 92 storr,
1306 2510 78 72 og
1433 2470 183 111 synes
1658 2503 72 64 at
1787 2491 137 92 give
1992 2508 78 62 en
2117 2488 323 84 Student
2482 2509 58 64 et
2595 2499 157 92 stort

1052 2586 268 96 Fortrin
1356 2582 162 94 frem
1554 2581 100 96 for
1702 2585 326 82 Badene
2072 2586 18 78 i
2138 2594 200 74 andre
2366 2588 386 103 Stænder,

1052 2700 76 62 at
1154 2684 172 92 hans
1360 2680 238 96 Prøve
1632 2701 64 60 er
1722 2679 108 94 faa
1872 2698 206 80 meget
2119 2685 452 97 vanskelig-ere,
2630 2697 122 74 end

1052 2784 202 76 deres.
1360 2780 176 79 Men
1562 2799 166 60 naar
1784 2799 160 60 man
1988 2778 210 94 anseer
2262 2790 202 74 denne
2508 2785 246 98 Prøve

1054 2882 144 74 med
1242 2882 74 72 de
1346 2890 156 65 rette
1520 2873 218 100 Øine,
1790 2875 112 92 saa
1928 2895 64 60 er
2036 2882 124 76 den
2196 2894 58 66 et
2294 2880 458 101 Børnespøg,

1048 2970 137 94 som
1220 2992 63 58 er
1320 2970 109 86 saa
1458 2975 185 78 lærde
1668 2995 77 74 og
1782 2975 273 95 værdige
2080 2974 279 102 Mænd,
2414 2976 133 94 som
2566 2981 189 96 Pro«

1051 3068 328 96 fefforerne
1413 3068 122 79 bør
1567 3087 206 78 være,
1829 3075 206 92 nesten
2069 3078 418 96 uanstændig.
2543 3081 212 96 Hvor

1055 3186 80 60 en
1169 3164 472 94 Examinators
1675 3187 78 74 og
1785 3165 470 98 Examinands
2285 3174 348 97 Indsigter
2651 3197 104 60 ere

1057 3268 96 76 alt
1183 3260 100 94 for
1321 3277 206 80 meget
1565 3259 388 104 forffiellige,
1985 3308 112 18 —
2167 3268 172 96 hvad
2379 3274 154 94 skeer
2587 3281 164 76 der?

1057 3358 208 102 Det,
1317 3356 134 98 som
1485 3357 170 102 ffeer.
1759 3361 190 90 Man
1975 3362 232 104 aftaler
2235 3374 142 84 med
2397 3370 356 103 hinanden,

2477 3468 179 100 hvad
