2973 4504
1696 416 105 92 41

151 606 155 98 hver
361 626 189 61 maae
603 605 285 79 derimod
961 598 240 95 tilsaae
1265 594 65 80 vi
1397 591 117 90 har
1577 605 231 74 mange

148 706 292 84 Grunde
498 708 68 78 til
620 722 68 61 at
741 701 176 96 Æske
972 708 142 87 det,
1172 703 84 74 da
1300 713 228 70 mange
1566 692 244 76 mindre

145 804 240 96 Riger
438 807 119 94 har
616 808 173 92 fleere
827 808 114 72 end
989 818 56 60 et
1082 792 195 96 deraf.
1418 791 157 86 Det
1614 788 197 80 bliver

147 904 218 94 derfor
405 905 268 95 Norges
713 899 234 100 Haab,
991 914 70 63 at
1103 917 118 60 vor
1263 890 142 94 viise
1427 891 238 93 Konge
1687 884 98 98 for-

138 1005 182 93 jager
358 1005 428 98 Fordommes
826 999 232 93 Magt,
1098 1017 78 74 og
1217 994 235 94 bygger
1490 1010 132 75 paa
1666 984 144 97 visse

148 1104 301 82 Grunde.
552 1102 168 96 Han
758 1094 231 94 indseer
1022 1115 148 58 vore
1206 1093 316 90 Mangler
1548 1108 81 74 og
1654 1106 128 60 van-

151 1222 108 72 ger
315 1200 100 93 for
467 1218 146 60 vort
677 1196 166 83 Vel.
997 1196 262 99 Førend
1301 1196 118 72 den
1451 1188 360 92 trængende

147 1299 349 92 Undersaat
557 1302 121 94 har
733 1303 205 75 tordet
985 1295 217 94 ønffe,
1255 1312 63 60 er
1359 1287 123 96 ofte
1520 1286 287 99 besluttet

142 1405 102 71 det
288 1398 130 89 som
460 1401 202 78 kunde
706 1399 156 92 tjene
900 1398 70 78 til
1006 1411 150 64 vort
1196 1393 194 91 bæste.
1490 1385 94 86 Et
1604 1379 202 89 Vink

140 1495 107 93 fra
290 1496 345 101 Trohneu!
694 1495 113 92 saa
860 1494 203 96 falder
1102 1499 119 73 alle
1256 1486 547 102 Forhindringer,

139 1618 82 74 og
263 1602 76 76 de
377 1598 286 95 vigtigste
701 1595 468 100 Foretagender
1203 1588 286 96 udføres.

358 1791 252 88 Endnu
648 1811 58 63 et
740 1791 156 102 Par
930 1792 160 86 Ord
1132 1795 72 78 til
1242 1798 178 88 nogle
1454 1787 332 96 svagtroen-

143 1901 78 73 dv
280 1892 473 83 Landsmænd:
877 1890 565 97 Videnskabernes
1500 1885 311 97 Dyrkere

145 1992 240 94 svæver
425 1995 242 92 siælden
707 1995 18 76 i
765 1990 539 99 Overflødighed
1351 2012 79 73 og
1477 1995 74 74 de
1589 2004 190 76 grum-

146 2112 100 60 me
306 2090 666 98 Nærings-Sorger
1030 2093 146 94 gjør
1234 2096 142 82 dem
1454 2085 128 96 ofte
1639 2084 171 81 Livet

144 2192 225 80 bittert.
472 2190 105 94 Af
602 2198 195 73 denne
838 2190 255 97 Aarsag
1134 2191 123 86 har
1294 2188 97 96 jeg
1434 2191 151 94 hørr
1626 2187 183 93 nogle

147 2288 78 96 af
253 2298 72 74 de
369 2291 108 98 her
517 2294 362 92 studerende
917 2290 474 96 Landsmænd,
1449 2287 120 92 selv
1615 2284 192 78 tvivle

143 2412 145 74 om,
325 2407 73 64 at
433 2399 99 74 det
573 2410 121 60 var
733 2391 265 95 tjenligt,
1035 2409 71 60 at
1145 2389 233 95 Norge
1417 2387 87 94 fik
1543 2403 57 62 et
1635 2382 141 82 Aca-

140 2494 230 93 démie;
413 2490 363 93 saasom-de
704 2495 74 74 de
820 2489 308 96 frygtede,
1172 2506 70 61 at
1286 2496 106 74 der
1436 2489 164 76 vilde
1642 2482 162 78 blive

140 2587 183 93 færre
362 2587 595 97 Nærings-Veye,
1005 2595 118 72 end
1166 2589 147 98 her,
1350 2588 103 96 for
1492 2607 73 58 en
1608 2580 165 86 Stu-

139 2693 296 90 derende,
477 2691 128 91 som
645 2710 66 71 ey
757 2685 184 95 besad
985 2686 268 83 Midler.
1393 2686 172 79 Men
1605 2684 202 90 ffulde

142 2793 198 75 denne
401 2787 429 98 Indvending
898 2806 168 61 være
1128 2783 76 96 af
1268 2807 204 75 nogen
1523 2783 279 95 Vægt?

136 2885 143 97 Jeg
322 2904 165 65 troer
528 2910 132 66 net).
694 2927 126 14 —
878 2884 370 86 Academiet
1288 2888 136 78 blev
1466 2901 178 64 enten
1686 2904 86 59 an-

137 2991 136 87 lagt
311 2986 18 75 i
373 3009 72 56 en
489 2984 78 96 af
599 2994 72 74 de
715 2987 162 94 store
915 2986 326 96 Stæder,
1283 2992 136 74 eller
1457 2987 20 78 i
1519 3007 74 58 en
1635 2982 166 84 liden

135 3083 257 98 Stad,
435 3095 139 73 eller
613 3110 125 70 paa
781 3085 257 84 Landet.
1139 3083 69 100 I
1247 3092 73 76 de
1359 3089 229 77 tvende
1619 3084 183 94 sidste

136 3181 292 97 Tilfælde
468 3187 136 79 blev
638 3194 140 75 dets
804 3185 300 85 Vilkaar
1142 3188 224 94 næsten
1404 3189 102 76 det
1540 3183 256 91 samme.

132 3281 185 85 Blev
358 3291 105 76 det
502 3308 91 56 nu
634 3293 221 88 anlagt
890 3288 21 74 i
950 3306 75 58 en
1066 3279 81 100 af
1182 3293 73 75 de
1296 3286 157 96 store
1490 3281 307 92 Stæder,

129 3379 110 97 saa
279 3385 162 86 vilde
485 3383 314 102 Nærings
819 3417 24 40 -
862 3383 286 102 Benene
1191 3386 160 84 blive
1397 3387 74 80 de
1515 3381 280 98 samme;

875 3482 67 88 C
990 3508 34 72 5
1659 3481 137 95 Thi

2743 1295 74 54 11;
2845 1288 29 60 i

2586 3235 145 142 li
