2775 4454
1067 443 82 66 lg

972 620 139 92 han
1150 633 65 60 er
1248 621 165 67 vant
1470 599 71 82 til
1562 596 141 79 Me
1770 608 75 66 ar
1886 592 135 96 feile
2058 583 329 103 ustraffet;
2450 586 113 94 saa
2608 581 83 99 af

977 714 220 96 Frygt
1219 705 100 95 for
1346 701 126 79 Ikke
1503 712 74 62 at
1599 698 124 93 sige
1749 690 204 95 alting
1979 693 158 92 godt
2165 708 80 73 og
2271 686 226 94 rigtigt
2525 681 154 97 nok,

968 806 306 100 forfalder
1307 800 133 94 han
1470 793 68 82 til
1563 798 121 78 den
1728 794 214 78 anden
1969 783 435 97 Mrlighed,
2461 802 81 75 og
2561 781 117 79 tier

966 908 189 98 heller
1178 901 167 98 stille.

1118 1095 180 82 Men
1326 1094 200 76 denne
1549 1080 251 99 Tvang
1816 1132 24 46 ,
1894 1082 90 81 vil
2008 1099 164 60 man
2204 1075 285 105 maaskee
2517 1076 157 97 sige,

958 1214 72 63 er
1058 1214 77 60 en
1164 1188 137 101 Feil
1328 1188 21 76 i
1390 1181 637 95 Underviisningen,
2092 1177 135 91 som
2270 1175 127 78 kan
2428 1194 79 74 og
2550 1173 127 80 bor

961 1299 239 84 rettes,
1255 1300 58 64 et
1343 1279 398 100 Pedanterie
1787 1279 124 93 hos
1961 1273 522 93 Skolelærerne,
2535 1267 140 94 som

956 1391 168 77 intet
1164 1385 120 96 har
1318 1383 142 76 med
1490 1383 120 73 den
1638 1372 378 93 academisse
2045 1369 297 97 Examen
2368 1384 74 62 at
2462 1368 208 94 giøre.

960 1484 147 97 Jeg
1658 1493 79 72 og
1764 1487 109 64 ror
1904 1472 155 93 sige,
2112 1484 73 62 at
2204 1472 201 75 denne
2418 1462 253 100 Tvang

957 1579 213 94 aldrig
1207 1577 124 91 stal
1363 1574 214 77 kunne
1629 1565 339 98 afssaffes,
2053 1587 79 73 og
2187 1584 76 58 en
2315 1559 355 98 fornuftig,

960 1672 404 96 mennesselig
1382 1669 400 82 Læremaade
1798 1660 290 92 indføres
2104 1662 20 76 i
2138 1658 364 98 Skolerne,
2520 1663 148 75 med

958 1776 257 78 mindre
1244 1776 123 74 den
1392 1761 377 92 academisse
1802 1759 299 95 Examen
2130 1753 333 101 afssaffes,
2522 1763 147 74 eller

955 1873 27 77 i
1019 1876 105 76 det
1149 1866 266 94 mindste
1463 1863 312 76 indrettes
1817 1859 394 79 anderledes.
2357 1851 145 99 Jeg
2545 1853 124 92 har

954 1966 216 81 kiendt
1198 1963 228 80 Lærere
1444 2007 24 46 ,
1520 1955 134 93 som
1680 1955 162 92 have
1894 1969 200 78 troet,
2166 1966 70 64 at
2286 1951 350 80 Underviis-

957 2064 236 91 ningen
1224 2056 127 79 ikke
1382 2051 365 94 nødvendig
1794 2065 249 63 maatte
2076 2045 121 97 skee
2228 2051 145 74 med
2412 2044 255 96 Tvang

950 2179 91 74 og
1071 2152 413 99 Haardhed,
1541 2170 79 72 og
1655 2163 77 64 at
1763 2167 160 57 man
1951 2143 222 95 ganske
2201 2144 210 79 kunde
2437 2142 209 96 afssaf-

956 2253 62 93 fe
1046 2249 224 95 Riset,
1327 2268 80 73 og
1444 2247 200 91 bruge
1676 2247 216 76 ædlere
1914 2240 556 94 Opmuntringer.
2526 2239 138 84 De

952 2353 173 91 have
1154 2349 21 78 i
1204 2345 145 83 Aar
1387 2348 79 87 og
1500 2339 187 96 Dag
1716 2341 127 78 ikke
1864 2353 175 80 taget
2064 2337 165 81 Riis
2260 2337 19 78 i
2292 2335 367 98 Haanden.

953 2451 185 75 Men
1167 2445 177 94 hvad
1369 2438 413 95 Virkninger
1817 2436 119 94 har
1966 2439 162 88 dette
2155 2434 209 96 havr?
2435 2432 227 97 Nogle

954 2541 120 95 faa
1112 2545 160 90 gode
1334 2536 356 90 Gemytter
1736 2537 164 92 have
1938 2536 172 76 ladet
2158 2534 92 93 sig
2296 2531 176 82 drive
2534 2537 126 76 ved

950 2634 537 98 Opmuntringer
1503 2638 138 74 eller
1677 2627 76 98 af
1784 2633 91 91 sig
1902 2628 175 97 ffelv;
2127 2650 150 58 men
2328 2635 121 74 den
2477 2635 154 74 aller-

951 2736 223 96 største
1203 2731 187 85 Deel
1411 2729 121 96 har
1561 2734 233 92 glemt,
1827 2728 179 92 hvad
2035 2731 123 74 den
2185 2726 197 97 vidste
2409 2722 247 99 tilforn,

954 2852 84 76 og
1062 2831 161 78 intet
1252 2832 136 74 lært
1424 2829 106 94 til,
1588 2848 80 74 og
1694 2829 204 91 endog
1932 2828 74 73 de
2036 2823 160 97 beste
2220 2822 318 99 Hoveder
2560 2843 98 60 ere

950 2926 323 96 forfaldne
1303 2926 70 78 til
1394 2921 417 94 Dovenssab
1844 2942 81 74 og
1952 2918 379 98 Lediggang.
2443 2917 233 106 DengBy

951 3046 83 60 ne
1061 3019 317 98 Erfaring
1415 3039 65 60 er
1502 3019 220 95 ganske
1753 3017 307 94 naturlig.
2161 3016 181 85 Den
2361 3017 291 98 Maade,

954 3119 301 101 hvorpaa
1272 3120 456 89 Ungdommen
1759 3114 139 96 skal
1936 3120 140 74 lære
2118 3112 258 99 Sprog
2406 3134 80 76 og
2506 3112 119 85 Vi-

952 3210 696 106 denskaheriSkfolem
1308 3214 21 78 i
1344 3211 305 99 Skolen,
1698 3209 105 100 for
1821 3228 70 62 at
1908 3212 213 79 kunne
2157 3212 222 96 glimre
2391 3214 120 78 ved
2525 3217 128 78 den

949 3313 379 93 academisse
1355 3310 331 95 Examen,
1763 3306 341 96 udfordrer
2149 3312 249 92 Tvang
2425 3304 105 96 fra
2575 3313 79 76 de

952 3407 344 102 allerførste
1326 3402 346 91 Skvleaar
1700 3403 111 106 af,
1866 3426 81 78 og
1974 3403 247 101 Tvang
2242 3425 287 76 eengang
2542 3405 72 84 be-

2293 3506 250 97 gyndt,
