2854 4500
1078 497 89 62 Uf

993 648 293 97 Examen
1316 663 74 66 at
1430 648 280 94 udstaae.
1815 642 211 90 Troer
2061 645 133 83 ban
2225 641 41 98 f.
2307 641 123 103 E.,
2462 660 72 67 at
2549 641 151 101 visse

992 746 219 85 Deele
1232 744 75 96 af
1320 752 101 72 det
1440 764 119 72 nye
1592 738 431 101 Testamente,
2046 729 125 111 fE.
2192 749 183 90 nogle
2402 740 76 96 af

1075 843 266 93 Breve,
1369 837 358 99 Johannis
1747 837 474 99 Aabenbaring
2251 863 52 58 o.
2327 839 38 94 s.
2411 860 62 60 v.
2489 838 208 85 burde

993 940 125 80 ikke
1159 936 167 92 læfes
1370 943 142 73 med
1551 938 459 93 Ungdommen
2055 937 19 78 i
2107 936 379 98 Skolerne,
2544 943 148 75 eller

989 1033 277 94 maaskee
1366 1051 73 60 at
1464 1039 103 77 det
1604 1030 123 94 hele
1762 1054 119 74 nye
1910 1030 449 99 Testamentes
2390 1036 303 96 Læsning

985 1132 24 80 i
1037 1128 492 99 Hovedsproget
1557 1130 204 79 burde
1791 1128 288 92 udsettes
2123 1132 184 83 indtil
2337 1135 90 80 de

1211 1225 161 83 Aar.
1475 1225 173 99 Han
1683 1227 125 78 kan
1853 1226 127 81 ikke
2019 1229 171 97 følge
2239 1233 95 88 sin
2375 1228 311 100 Indsigt,

990 1346 81 73 og
1104 1321 311 97 syffelfette
1448 1325 95 92 sin
1580 1324 309 95 Ungdom
1936 1333 145 75 med
2136 1327 313 95 nyttigere
2486 1326 201 98 Ting.

987 1422 80 96 H
1079 1421 82 76 a'n
1181 1419 206 81 kunde
1421 1419 146 92 fette
1595 1428 120 74 den
1729 1421 20 76 i
1807 1420 170 96 Fare
2005 1421 140 97 for,
2185 1444 108 57 om
2317 1423 126 81 ikke
2477 1441 74 64 at
2573 1427 114 78 bli»

934 1556 20 18 -
984 1536 80 58 ve
1094 1513 206 99 afviist
1342 1525 118 72 ved
1505 1516 409 96 Academiet,
1969 1517 111 109 sag
2123 1528 227 89 dogat
2385 1520 163 85 blive
2566 1545 88 62 an-

988 1630 175 79 taget
1202 1620 143 78 med
1386 1631 57 62 et
1488 1615 177 99 flags
1690 1612 331 98 Infamie.

1089 1798 226 91 Kort
1413 1815 119 75 den
1574 1808 384 98 academiffe
2007 1803 297 107 Examen
2361 1811 181 99 setter
2604 1837 80 65 en

980 1907 205 92 duelig
1222 1904 403 84 Skolelærer
1658 1907 21 80 i
1732 1909 329 97 bestandig
2116 1912 223 83 Strid
2392 1920 147 77 med
2586 1917 97 92 sin

973 1998 282 98 Indsigt
1285 2024 80 75 og
1409 2003 156 99 Lyst.
1685 2003 176 98 Han
1931 2006 130 79 kan
2111 2010 126 79 ikke
2297 1993 330 110 undervise
2663 2014 22 78 i

977 2102 145 91 det,
1179 2099 129 89 som
1353 2098 131 93 han
1524 2096 150 96 efter
1725 2085 95 106 sin
1873 2098 505 122 Skionsomhed
2416 2128 78 72 og
2530 2091 152 106 efter

978 2198 121 76 den
1136 2191 407 101 Kundskab,
1602 2194 129 96 han
1756 2197 119 91 har
1908 2218 107 59 om
2038 2201 109 92 sins
2164 2204 351 95 Ungdoms
2536 2205 115 82 Ge-

979 2288 98 79 nie
1113 2311 80 74 og
1227 2290 494 99 Bestemmelse,
1799 2288 218 98 holder
2067 2293 104 99 for
2227 2317 70 60 at
2333 2319 166 59 være
2533 2305 146 77 dem

978 2384 278 97 tienligst.
1359 2387 173 96 Han
1567 2390 125 79 kan
1747 2389 125 79 ikke
1922 2395 196 95 vælge
2173 2390 173 98 hvad
2395 2396 257 82 Lærebø-

976 2500 109 76 ger
1126 2481 129 98 han
1300 2484 117 79 vil:
1470 2483 173 99 Han
1680 2483 125 83 kan
1836 2486 127 81 ikke
1994 2509 251 78 engang
2290 2498 195 90 vælge
2520 2495 129 82 Me-

975 2584 256 86 thoden.
1299 2576 424 102 Videnskab,
1813 2582 402 100 Lærebøger,
2307 2589 367 103 Methode,

972 2677 202 92 alting
1198 2695 64 61 er
1314 2675 200 98 passet
1570 2676 150 95 efter
1758 2685 120 75 den
1920 2684 382 97 academiffe
2348 2685 326 97 Examen.

978 2766 261 89 Denne
1276 2790 61 60 er
1370 2779 145 93 det,
1572 2774 325 97 hanstedse
1928 2794 189 66 maae
2150 2782 159 94 have
2344 2779 101 99 for
2468 2786 205 86 Øine.

965 2864 110 102 Jo
1111 2872 300 92 dueligere
1447 2871 132 96 han
1609 2894 106 73 er,
1785 2873 66 93 jo
1901 2890 264 81 tungere
2209 2898 64 61 er
2313 2885 160 79 dette
2517 2883 153 99 Aag

967 2962 175 86 ham.
1263 2968 171 94 Han
1473 2964 281 100 behøver
1806 2974 128 92 stor
1965 2971 461 101 Overvindelse
2474 2982 70 81 til
2594 3001 76 68 at

962 3052 259 102 forrette
1248 3066 75 92 sit
1362 3061 293 86 Embede
1688 3074 141 74 med
1846 3068 157 95 Lyst.
2110 3074 169 98 Han
2310 3079 205 92 staaer
2538 3099 101 62 me-

961 3170 102 80 get
1097 3157 20 76 i
1155 3155 210 100 Fare,
1435 3155 104 100 for
1569 3180 70 62 at
1685 3161 272 94 forfalde
1999 3165 70 80 til
2113 3171 413 104 Lunkenhed,
2585 3199 85 77 og

960 3268 78 62 at
1078 3253 174 90 ansee
1288 3262 146 89 det,
1487 3259 131 91 som
1656 3275 58 64 et
1754 3286 174 74 opus
1968 3288 402 74 opei-arum,
2436 3272 136 92 fom
2590 3297 80 61 en

962 3346 277 100 Syssel,
1298 3352 131 92 han
1468 3373 189 62 maae
1684 3355 299 102 forrette,
2056 3361 163 97 fordi
2256 3371 131 88 han
2428 3372 241 82 lønnes

959 3439 258 101 derfor;
1287 3466 80 81 og
1407 3455 88 78 da
1527 3459 152 80 veed
1715 3475 162 67 man
1939 3461 139 101 vel,
2153 3462 336 98 hvorledes
2557 3475 109 81 det

965 3536 319 100 forrettes.
2302 3563 260 106 Hvem,
