<?xml version="1.0" encoding="utf-8"?>
<alto xmlns="http://www.loc.gov/standards/alto/ns-v3#" xmlns:xs="http://www.w3.org/2001/XMLSchema-instance" xmlns:xlink="http://www.w3.org/1999/xlink">
	<Description>
		<MeasurementUnit>pixel</MeasurementUnit>
		<sourceImageInformation>
			<fileName>130017168291_1_012_001_006.tif</fileName>
		</sourceImageInformation>
		<OCRProcessing ID="OCR1">
			<ocrProcessingStep>
				<processingDateTime>2018-09-13</processingDateTime>
				<processingAgency>Zissor AS</processingAgency>
				<processingStepSettings>Combined OCR</processingStepSettings>
				<processingSoftware>
					<softwareCreator>Zissor AS</softwareCreator>
					<softwareName>ContentOCR-11; ContentOCR-Tesseract</softwareName>
					<softwareVersion>2.0.2; 2.0.0</softwareVersion>
					<applicationDescription>OCR Component for Zissor Content System</applicationDescription>
				</processingSoftware>
			</ocrProcessingStep>
		</OCRProcessing>
	</Description>
	<Styles>
		<TextStyle ID="STYLE1" FONTFAMILY="Times New Roman" FONTSIZE="14" FONTSTYLE=""/>
		<TextStyle ID="STYLE2" FONTFAMILY="Arial" FONTSIZE="12" FONTSTYLE=""/>
		<TextStyle ID="STYLE3" FONTFAMILY="Arial" FONTSIZE="11" FONTSTYLE=""/>
		<TextStyle ID="STYLE4" FONTFAMILY="Arial" FONTSIZE="13" FONTSTYLE=""/>
		<TextStyle ID="STYLE5" FONTFAMILY="Arial" FONTSIZE="15" FONTSTYLE=""/>
		<TextStyle ID="STYLE6" FONTFAMILY="Times New Roman" FONTSIZE="8" FONTSTYLE=""/>
	</Styles>
	<Layout>
		<Page ID="PAGE6" HEIGHT="4375" WIDTH="2807" PHYSICAL_IMG_NR="6" PROCESSING="OCR1" PC="0.63">
			<TopMargin HEIGHT="378" WIDTH="2807" HPOS="0" VPOS="0"/>
			<LeftMargin HEIGHT="3887" WIDTH="930" HPOS="0" VPOS="378"/>
			<RightMargin HEIGHT="3887" WIDTH="132" HPOS="2675" VPOS="378"/>
			<BottomMargin HEIGHT="108" WIDTH="2807" HPOS="0" VPOS="4267"/>
			<PrintSpace ID="PRINTSPACE1" HEIGHT="3887" WIDTH="1743" HPOS="931" VPOS="379">
				<ComposedBlock xs:type="ComposedBlockType" ID="ARTICLE110764" HEIGHT="3887" WIDTH="1743" HPOS="931" VPOS="379" xlink:type="simple">
					<TextBlock xs:type="TextBlockType" ID="ZONE1148451" HEIGHT="62" WIDTH="49" HPOS="1036" VPOS="379" xlink:type="simple">
						<TextLine ID="LINE1" HEIGHT="62" WIDTH="47" HPOS="1037" VPOS="379">
							<String ID="STRING1" STYLEREFS="STYLE1" HEIGHT="62" WIDTH="47" HPOS="1037" VPOS="379" CONTENT="s" WC="1" LANG="dan"/>
						</TextLine>
					</TextBlock>
					<TextBlock xs:type="TextBlockType" ID="ZONE1148452" HEIGHT="2914" WIDTH="1743" HPOS="931" VPOS="538" xlink:type="simple">
						<TextLine ID="LINE2" HEIGHT="104" WIDTH="1703" HPOS="960" VPOS="543">
							<String ID="STRING2" STYLEREFS="STYLE1" HEIGHT="98" WIDTH="301" HPOS="960" VPOS="549" CONTENT="eftersom" WC="0.6" LANG="dan"/>
							<SP ID="SP1" WIDTH="21" HPOS="1261" VPOS="549"/>
							<String ID="STRING3" STYLEREFS="STYLE1" HEIGHT="77" WIDTH="73" HPOS="1282" VPOS="554" CONTENT="de" WC="0.63" LANG="dan"/>
							<SP ID="SP2" WIDTH="33" HPOS="1355" VPOS="554"/>
							<String ID="STRING4" STYLEREFS="STYLE1" HEIGHT="99" WIDTH="117" HPOS="1388" VPOS="543" CONTENT="vise" WC="0.66" LANG="dan"/>
							<SP ID="SP3" WIDTH="37" HPOS="1505" VPOS="543"/>
							<String ID="STRING5" STYLEREFS="STYLE1" HEIGHT="98" WIDTH="147" HPOS="1542" VPOS="546" CONTENT="Flid" WC="0.67" LANG="dan"/>
							<SP ID="SP4" WIDTH="37" HPOS="1689" VPOS="546"/>
							<String ID="STRING6" STYLEREFS="STYLE1" HEIGHT="97" WIDTH="113" HPOS="1726" VPOS="549" CONTENT="til," WC="0.72" LANG="dan"/>
							<SP ID="SP5" WIDTH="57" HPOS="1839" VPOS="549"/>
							<String ID="STRING7" STYLEREFS="STYLE1" HEIGHT="72" WIDTH="79" HPOS="1896" VPOS="572" CONTENT="og" WC="0.36" LANG="dan"/>
							<SP ID="SP6" WIDTH="41" HPOS="1975" VPOS="572"/>
							<String ID="STRING8" STYLEREFS="STYLE1" HEIGHT="94" WIDTH="165" HPOS="2016" VPOS="547" CONTENT="have" WC="0.56" LANG="dan"/>
							<SP ID="SP7" WIDTH="55" HPOS="2181" VPOS="547"/>
							<String ID="STRING9" STYLEREFS="STYLE1" HEIGHT="86" WIDTH="275" HPOS="2236" VPOS="546" CONTENT="Baand" WC="0.77" LANG="dan"/>
							<SP ID="SP8" WIDTH="27" HPOS="2511" VPOS="546"/>
							<String ID="STRING10" STYLEREFS="STYLE1" HEIGHT="82" WIDTH="125" HPOS="2538" VPOS="548" CONTENT="nok" WC="0.6" LANG="dan"/>
						</TextLine>
						<TextLine ID="LINE3" HEIGHT="104" WIDTH="1676" HPOS="959" VPOS="643">
							<String ID="STRING11" STYLEREFS="STYLE1" HEIGHT="76" WIDTH="140" HPOS="959" VPOS="671" CONTENT="paa" WC="0.75" LANG="dan"/>
							<SP ID="SP9" WIDTH="32" HPOS="1099" VPOS="671"/>
							<String ID="STRING12" STYLEREFS="STYLE1" HEIGHT="75" WIDTH="182" HPOS="1131" VPOS="655" CONTENT="deres" WC="0.57" LANG="dan"/>
							<SP ID="SP10" WIDTH="34" HPOS="1313" VPOS="655"/>
							<String ID="STRING13" STYLEREFS="STYLE1" HEIGHT="96" WIDTH="458" HPOS="1347" VPOS="647" CONTENT="HitUslærere." WC="0.75" LANG="dan"/>
							<SP ID="SP11" WIDTH="104" HPOS="1805" VPOS="647"/>
							<String ID="STRING14" STYLEREFS="STYLE1" HEIGHT="79" WIDTH="180" HPOS="1909" VPOS="646" CONTENT="Men" WC="0.81" LANG="dan"/>
							<SP ID="SP12" WIDTH="34" HPOS="2089" VPOS="646"/>
							<String ID="STRING15" STYLEREFS="STYLE1" HEIGHT="76" WIDTH="146" HPOS="2123" VPOS="650" CONTENT="med" WC="0.8" LANG="dan"/>
							<SP ID="SP13" WIDTH="50" HPOS="2269" VPOS="650"/>
							<String ID="STRING16" STYLEREFS="STYLE1" HEIGHT="77" WIDTH="74" HPOS="2319" VPOS="652" CONTENT="de" WC="0.67" LANG="dan"/>
							<SP ID="SP14" WIDTH="44" HPOS="2393" VPOS="652"/>
							<String ID="STRING17" STYLEREFS="STYLE1" HEIGHT="99" WIDTH="198" HPOS="2437" VPOS="643" CONTENT="offent" SUBS_TYPE="HypPart1" SUBS_CONTENT="offentlige" WC="0.8" LANG="dan"/>
							<HYP CONTENT="-"/>
						</TextLine>
						<TextLine ID="LINE4" HEIGHT="101" WIDTH="1706" HPOS="956" VPOS="740">
							<String ID="STRING18" STYLEREFS="STYLE1" HEIGHT="92" WIDTH="124" HPOS="956" VPOS="749" CONTENT="lige" SUBS_TYPE="HypPart2" SUBS_CONTENT="offentlige" WC="0.85" LANG="dan"/>
							<SP ID="SP15" WIDTH="75" HPOS="1080" VPOS="749"/>
							<String ID="STRING19" STYLEREFS="STYLE1" HEIGHT="82" WIDTH="435" HPOS="1155" VPOS="744" CONTENT="Skolelærere" WC="0.79" LANG="dan"/>
							<SP ID="SP16" WIDTH="57" HPOS="1590" VPOS="744"/>
							<String ID="STRING20" STYLEREFS="STYLE1" HEIGHT="95" WIDTH="165" HPOS="1647" VPOS="740" CONTENT="have" WC="0.9" LANG="dan"/>
							<SP ID="SP17" WIDTH="61" HPOS="1812" VPOS="740"/>
							<String ID="STRING21" STYLEREFS="STYLE1" HEIGHT="98" WIDTH="407" HPOS="1873" VPOS="740" CONTENT="Forældrene" WC="0.85" LANG="dan"/>
							<SP ID="SP18" WIDTH="87" HPOS="2280" VPOS="740"/>
							<String ID="STRING22" STYLEREFS="STYLE1" HEIGHT="79" WIDTH="157" HPOS="2367" VPOS="743" CONTENT="intet" WC="0.79" LANG="dan"/>
							<SP ID="SP19" WIDTH="64" HPOS="2524" VPOS="743"/>
							<String ID="STRING23" STYLEREFS="STYLE1" HEIGHT="64" WIDTH="74" HPOS="2588" VPOS="756" CONTENT="at" WC="0.82" LANG="dan"/>
						</TextLine>
						<TextLine ID="LINE5" HEIGHT="101" WIDTH="1713" HPOS="958" VPOS="836">
							<String ID="STRING24" STYLEREFS="STYLE1" HEIGHT="94" WIDTH="219" HPOS="958" VPOS="843" CONTENT="giore;" WC="0.73" LANG="dan"/>
							<SP ID="SP20" WIDTH="81" HPOS="1177" VPOS="843"/>
							<String ID="STRING25" STYLEREFS="STYLE1" HEIGHT="73" WIDTH="74" HPOS="1258" VPOS="846" CONTENT="de" WC="0.77" LANG="dan"/>
							<SP ID="SP21" WIDTH="66" HPOS="1332" VPOS="846"/>
							<String ID="STRING26" STYLEREFS="STYLE1" HEIGHT="79" WIDTH="216" HPOS="1398" VPOS="839" CONTENT="kunne" WC="0.92" LANG="dan"/>
							<SP ID="SP22" WIDTH="52" HPOS="1614" VPOS="839"/>
							<String ID="STRING27" STYLEREFS="STYLE1" HEIGHT="96" WIDTH="188" HPOS="1666" VPOS="839" CONTENT="ingen" WC="0.78" LANG="dan"/>
							<SP ID="SP23" WIDTH="62" HPOS="1854" VPOS="839"/>
							<String ID="STRING28" STYLEREFS="STYLE2" HEIGHT="96" WIDTH="352" HPOS="1916" VPOS="837" CONTENT="Regnskab" WC="0.84" LANG="dan"/>
							<SP ID="SP24" WIDTH="66" HPOS="2268" VPOS="837"/>
							<String ID="STRING29" STYLEREFS="STYLE1" HEIGHT="79" WIDTH="206" HPOS="2334" VPOS="839" CONTENT="kræve" WC="0.86" LANG="dan"/>
							<SP ID="SP25" WIDTH="52" HPOS="2540" VPOS="839"/>
							<String ID="STRING30" STYLEREFS="STYLE1" HEIGHT="99" WIDTH="79" HPOS="2592" VPOS="836" CONTENT="af" WC="0.75" LANG="dan"/>
						</TextLine>
						<TextLine ID="LINE6" HEIGHT="101" WIDTH="1708" HPOS="953" VPOS="931">
							<String ID="STRING31" STYLEREFS="STYLE1" HEIGHT="73" WIDTH="154" HPOS="953" VPOS="944" CONTENT="dem" WC="0.6" LANG="dan"/>
							<SP ID="SP26" WIDTH="54" HPOS="1107" VPOS="944"/>
							<String ID="STRING32" STYLEREFS="STYLE1" HEIGHT="94" WIDTH="102" HPOS="1161" VPOS="934" CONTENT="for" WC="0.64" LANG="dan"/>
							<SP ID="SP27" WIDTH="56" HPOS="1263" VPOS="934"/>
							<String ID="STRING33" STYLEREFS="STYLE1" HEIGHT="73" WIDTH="182" HPOS="1319" VPOS="940" CONTENT="deres" WC="0.87" LANG="dan"/>
							<SP ID="SP28" WIDTH="38" HPOS="1501" VPOS="940"/>
							<String ID="STRING34" STYLEREFS="STYLE1" HEIGHT="96" WIDTH="188" HPOS="1539" VPOS="936" CONTENT="Flid," WC="0.61" LANG="dan"/>
							<SP ID="SP29" WIDTH="58" HPOS="1727" VPOS="936"/>
							<String ID="STRING35" STYLEREFS="STYLE1" HEIGHT="97" WIDTH="228" HPOS="1785" VPOS="931" CONTENT="efterdi" WC="0.83" LANG="dan"/>
							<SP ID="SP30" WIDTH="54" HPOS="2013" VPOS="931"/>
							<String ID="STRING36" STYLEREFS="STYLE1" HEIGHT="99" WIDTH="594" HPOS="2067" VPOS="933" CONTENT="Undervisningen" WC="0.79" LANG="dan"/>
						</TextLine>
						<TextLine ID="LINE7" HEIGHT="99" WIDTH="1679" HPOS="953" VPOS="1029">
							<String ID="STRING37" STYLEREFS="STYLE1" HEIGHT="95" WIDTH="201" HPOS="953" VPOS="1032" CONTENT="koster" WC="0.55" LANG="dan"/>
							<SP ID="SP31" WIDTH="31" HPOS="1154" VPOS="1032"/>
							<String ID="STRING38" STYLEREFS="STYLE1" HEIGHT="74" WIDTH="143" HPOS="1185" VPOS="1040" CONTENT="dem" WC="0.74" LANG="dan"/>
							<SP ID="SP32" WIDTH="27" HPOS="1328" VPOS="1040"/>
							<String ID="STRING39" STYLEREFS="STYLE1" HEIGHT="76" WIDTH="175" HPOS="1355" VPOS="1035" CONTENT="imer." WC="0.72" LANG="dan"/>
							<SP ID="SP33" WIDTH="101" HPOS="1530" VPOS="1035"/>
							<String ID="STRING40" STYLEREFS="STYLE1" HEIGHT="91" WIDTH="181" HPOS="1631" VPOS="1030" CONTENT="Den" WC="0.52" LANG="dan"/>
							<SP ID="SP34" WIDTH="41" HPOS="1812" VPOS="1030"/>
							<String ID="STRING41" STYLEREFS="STYLE1" HEIGHT="58" WIDTH="63" HPOS="1853" VPOS="1052" CONTENT="er" WC="0.83" LANG="dan"/>
							<SP ID="SP35" WIDTH="23" HPOS="1916" VPOS="1052"/>
							<String ID="STRING42" STYLEREFS="STYLE1" HEIGHT="61" WIDTH="75" HPOS="1939" VPOS="1050" CONTENT="en" WC="1" LANG="dan"/>
							<SP ID="SP36" WIDTH="35" HPOS="2014" VPOS="1050"/>
							<String ID="STRING43" STYLEREFS="STYLE1" HEIGHT="99" WIDTH="283" HPOS="2049" VPOS="1029" CONTENT="offentlig" WC="0.77" LANG="dan"/>
							<SP ID="SP37" WIDTH="21" HPOS="2332" VPOS="1029"/>
							<String ID="STRING44" STYLEREFS="STYLE1" HEIGHT="92" WIDTH="279" HPOS="2353" VPOS="1034" CONTENT="Welgier" SUBS_TYPE="HypPart1" SUBS_CONTENT="Welgierning," WC="0.69" LANG="dan"/>
							<HYP CONTENT="-"/>
						</TextLine>
						<TextLine ID="LINE8" HEIGHT="100" WIDTH="1684" HPOS="948" VPOS="1127">
							<String ID="STRING45" STYLEREFS="STYLE1" HEIGHT="90" WIDTH="202" HPOS="948" VPOS="1131" CONTENT="ning," SUBS_TYPE="HypPart2" SUBS_CONTENT="Welgierning," WC="0.81" LANG="dan"/>
							<SP ID="SP38" WIDTH="54" HPOS="1150" VPOS="1131"/>
							<String ID="STRING46" STYLEREFS="STYLE1" HEIGHT="92" WIDTH="134" HPOS="1204" VPOS="1128" CONTENT="som" WC="0.55" LANG="dan"/>
							<SP ID="SP39" WIDTH="22" HPOS="1338" VPOS="1128"/>
							<String ID="STRING47" STYLEREFS="STYLE1" HEIGHT="98" WIDTH="406" HPOS="1360" VPOS="1129" CONTENT="Forældrene" WC="0.79" LANG="dan"/>
							<SP ID="SP40" WIDTH="34" HPOS="1766" VPOS="1129"/>
							<String ID="STRING48" STYLEREFS="STYLE1" HEIGHT="88" WIDTH="168" HPOS="1800" VPOS="1134" CONTENT="nyde" WC="0.78" LANG="dan"/>
							<SP ID="SP41" WIDTH="30" HPOS="1968" VPOS="1134"/>
							<String ID="STRING49" STYLEREFS="STYLE1" HEIGHT="88" WIDTH="76" HPOS="1998" VPOS="1127" CONTENT="af" WC="1" LANG="dan"/>
							<SP ID="SP42" WIDTH="32" HPOS="2074" VPOS="1127"/>
							<String ID="STRING50" STYLEREFS="STYLE1" HEIGHT="85" WIDTH="294" HPOS="2106" VPOS="1127" CONTENT="Staten." WC="0.8" LANG="dan"/>
							<SP ID="SP43" WIDTH="50" HPOS="2400" VPOS="1127"/>
							<String ID="STRING51" STYLEREFS="STYLE1" HEIGHT="83" WIDTH="182" HPOS="2450" VPOS="1127" CONTENT="Den" SUBS_TYPE="HypPart1" SUBS_CONTENT="Denne" WC="0.78" LANG="dan"/>
							<HYP CONTENT="-"/>
						</TextLine>
						<TextLine ID="LINE9" HEIGHT="98" WIDTH="1707" HPOS="952" VPOS="1220">
							<String ID="STRING52" STYLEREFS="STYLE1" HEIGHT="57" WIDTH="83" HPOS="952" VPOS="1236" CONTENT="ne" SUBS_TYPE="HypPart2" SUBS_CONTENT="Denne" WC="0.64" LANG="dan"/>
							<SP ID="SP44" WIDTH="43" HPOS="1035" VPOS="1236"/>
							<String ID="STRING53" STYLEREFS="STYLE1" HEIGHT="71" WIDTH="227" HPOS="1078" VPOS="1227" CONTENT="lønner" WC="0.78" LANG="dan"/>
							<SP ID="SP45" WIDTH="37" HPOS="1305" VPOS="1227"/>
							<String ID="STRING54" STYLEREFS="STYLE1" HEIGHT="80" WIDTH="277" HPOS="1342" VPOS="1225" CONTENT="Lærerne" WC="0.84" LANG="dan"/>
							<SP ID="SP46" WIDTH="26" HPOS="1619" VPOS="1225"/>
							<String ID="STRING55" STYLEREFS="STYLE2" HEIGHT="96" WIDTH="227" HPOS="1645" VPOS="1222" CONTENT="ganske" WC="0.83" LANG="dan"/>
							<SP ID="SP47" WIDTH="34" HPOS="1872" VPOS="1222"/>
							<String ID="STRING56" STYLEREFS="STYLE1" HEIGHT="79" WIDTH="237" HPOS="1906" VPOS="1230" CONTENT="allene," WC="0.93" LANG="nob"/>
							<SP ID="SP48" WIDTH="61" HPOS="2143" VPOS="1230"/>
							<String ID="STRING57" STYLEREFS="STYLE1" HEIGHT="74" WIDTH="77" HPOS="2204" VPOS="1238" CONTENT="og" WC="0.83" LANG="dan"/>
							<SP ID="SP49" WIDTH="21" HPOS="2281" VPOS="1238"/>
							<String ID="STRING58" STYLEREFS="STYLE1" HEIGHT="71" WIDTH="73" HPOS="2302" VPOS="1226" CONTENT="de" WC="0.77" LANG="dan"/>
							<SP ID="SP50" WIDTH="35" HPOS="2375" VPOS="1226"/>
							<String ID="STRING59" STYLEREFS="STYLE1" HEIGHT="61" WIDTH="97" HPOS="2410" VPOS="1237" CONTENT="ere" WC="0.75" LANG="dan"/>
							<SP ID="SP51" WIDTH="25" HPOS="2507" VPOS="1237"/>
							<String ID="STRING60" STYLEREFS="STYLE1" HEIGHT="80" WIDTH="127" HPOS="2532" VPOS="1220" CONTENT="ikke" WC="0.73" LANG="dan"/>
						</TextLine>
						<TextLine ID="LINE10" HEIGHT="101" WIDTH="1680" HPOS="947" VPOS="1306">
							<String ID="STRING61" STYLEREFS="STYLE1" HEIGHT="97" WIDTH="374" HPOS="947" VPOS="1308" CONTENT="forbundne" WC="0.75" LANG="dan"/>
							<SP ID="SP52" WIDTH="26" HPOS="1321" VPOS="1308"/>
							<String ID="STRING62" STYLEREFS="STYLE1" HEIGHT="64" WIDTH="70" HPOS="1347" VPOS="1327" CONTENT="at" WC="0.77" LANG="dan"/>
							<SP ID="SP53" WIDTH="32" HPOS="1417" VPOS="1327"/>
							<String ID="STRING63" STYLEREFS="STYLE1" HEIGHT="82" WIDTH="176" HPOS="1449" VPOS="1322" CONTENT="giore" WC="0.51" LANG="dan"/>
							<SP ID="SP54" WIDTH="28" HPOS="1625" VPOS="1322"/>
							<String ID="STRING64" STYLEREFS="STYLE1" HEIGHT="70" WIDTH="210" HPOS="1653" VPOS="1333" CONTENT="nogen" WC="0.97" LANG="dan"/>
							<SP ID="SP55" WIDTH="36" HPOS="1863" VPOS="1333"/>
							<String ID="STRING65" STYLEREFS="STYLE1" HEIGHT="101" WIDTH="350" HPOS="1899" VPOS="1306" CONTENT="Regnskab" WC="0.55" LANG="dan"/>
							<SP ID="SP56" WIDTH="24" HPOS="2249" VPOS="1306"/>
							<String ID="STRING66" STYLEREFS="STYLE1" HEIGHT="77" WIDTH="168" HPOS="2273" VPOS="1318" CONTENT="uden" WC="0.83" LANG="dan"/>
							<SP ID="SP57" WIDTH="18" HPOS="2441" VPOS="1318"/>
							<String ID="STRING67" STYLEREFS="STYLE1" HEIGHT="85" WIDTH="168" HPOS="2459" VPOS="1315" CONTENT="Sta" SUBS_TYPE="HypPart1" SUBS_CONTENT="Staren," WC="0.55" LANG="dan"/>
							<HYP CONTENT="-"/>
						</TextLine>
						<TextLine ID="LINE11" HEIGHT="103" WIDTH="1709" HPOS="947" VPOS="1406">
							<String ID="STRING68" STYLEREFS="STYLE1" HEIGHT="79" WIDTH="153" HPOS="947" VPOS="1422" CONTENT="ren," SUBS_TYPE="HypPart2" SUBS_CONTENT="Staren," WC="0.76" LANG="dan"/>
							<SP ID="SP58" WIDTH="35" HPOS="1100" VPOS="1422"/>
							<String ID="STRING69" STYLEREFS="STYLE1" HEIGHT="77" WIDTH="103" HPOS="1135" VPOS="1411" CONTENT="det" WC="0.64" LANG="dan"/>
							<SP ID="SP59" WIDTH="37" HPOS="1238" VPOS="1411"/>
							<String ID="STRING70" STYLEREFS="STYLE1" HEIGHT="59" WIDTH="63" HPOS="1275" VPOS="1426" CONTENT="er" WC="0.8" LANG="dan"/>
							<SP ID="SP60" WIDTH="45" HPOS="1338" VPOS="1426"/>
							<String ID="STRING71" STYLEREFS="STYLE1" HEIGHT="64" WIDTH="71" HPOS="1383" VPOS="1421" CONTENT="at" WC="0.88" LANG="dan"/>
							<SP ID="SP61" WIDTH="29" HPOS="1454" VPOS="1421"/>
							<String ID="STRING72" STYLEREFS="STYLE1" HEIGHT="95" WIDTH="163" HPOS="1483" VPOS="1407" CONTENT="sige," WC="0.84" LANG="dan"/>
							<SP ID="SP62" WIDTH="59" HPOS="1646" VPOS="1407"/>
							<String ID="STRING73" STYLEREFS="STYLE1" HEIGHT="87" WIDTH="185" HPOS="1705" VPOS="1411" CONTENT="dem," WC="0.67" LANG="dan"/>
							<SP ID="SP63" WIDTH="33" HPOS="1890" VPOS="1411"/>
							<String ID="STRING74" STYLEREFS="STYLE1" HEIGHT="92" WIDTH="131" HPOS="1923" VPOS="1406" CONTENT="som" WC="0.66" LANG="dan"/>
							<SP ID="SP64" WIDTH="23" HPOS="2054" VPOS="1406"/>
							<String ID="STRING75" STYLEREFS="STYLE1" HEIGHT="102" WIDTH="433" HPOS="2077" VPOS="1407" CONTENT="Regieringen" WC="0.78" LANG="dan"/>
							<SP ID="SP65" WIDTH="23" HPOS="2510" VPOS="1407"/>
							<String ID="STRING76" STYLEREFS="STYLE1" HEIGHT="92" WIDTH="123" HPOS="2533" VPOS="1416" CONTENT="har" WC="0.57" LANG="dan"/>
						</TextLine>
						<TextLine ID="LINE12" HEIGHT="97" WIDTH="1706" HPOS="948" VPOS="1498">
							<String ID="STRING77" STYLEREFS="STYLE1" HEIGHT="95" WIDTH="102" HPOS="948" VPOS="1500" CONTENT="sat" WC="0.7" LANG="dan"/>
							<SP ID="SP66" WIDTH="28" HPOS="1050" VPOS="1500"/>
							<String ID="STRING78" STYLEREFS="STYLE1" HEIGHT="78" WIDTH="68" HPOS="1078" VPOS="1503" CONTENT="til" WC="0.63" LANG="dan"/>
							<SP ID="SP67" WIDTH="54" HPOS="1146" VPOS="1503"/>
							<String ID="STRING79" STYLEREFS="STYLE1" HEIGHT="64" WIDTH="74" HPOS="1200" VPOS="1518" CONTENT="at" WC="0.96" LANG="dan"/>
							<SP ID="SP68" WIDTH="42" HPOS="1274" VPOS="1518"/>
							<String ID="STRING80" STYLEREFS="STYLE1" HEIGHT="91" WIDTH="164" HPOS="1316" VPOS="1502" CONTENT="have" WC="0.66" LANG="dan"/>
							<SP ID="SP69" WIDTH="48" HPOS="1480" VPOS="1502"/>
							<String ID="STRING81" STYLEREFS="STYLE1" HEIGHT="96" WIDTH="242" HPOS="1528" VPOS="1498" CONTENT="Opsyn" WC="0.76" LANG="dan"/>
							<SP ID="SP70" WIDTH="44" HPOS="1770" VPOS="1498"/>
							<String ID="STRING82" STYLEREFS="STYLE1" HEIGHT="74" WIDTH="146" HPOS="1814" VPOS="1508" CONTENT="med" WC="0.73" LANG="dan"/>
							<SP ID="SP71" WIDTH="52" HPOS="1960" VPOS="1508"/>
							<String ID="STRING83" STYLEREFS="STYLE1" HEIGHT="84" WIDTH="362" HPOS="2012" VPOS="1503" CONTENT="Skolerne." WC="0.72" LANG="dan"/>
							<SP ID="SP72" WIDTH="102" HPOS="2374" VPOS="1503"/>
							<String ID="STRING84" STYLEREFS="STYLE1" HEIGHT="81" WIDTH="178" HPOS="2476" VPOS="1509" CONTENT="Men" WC="0.77" LANG="dan"/>
						</TextLine>
						<TextLine ID="LINE13" HEIGHT="103" WIDTH="1712" HPOS="941" VPOS="1595">
							<String ID="STRING85" STYLEREFS="STYLE1" HEIGHT="73" WIDTH="176" HPOS="941" VPOS="1604" CONTENT="dette" WC="0.68" LANG="dan"/>
							<SP ID="SP73" WIDTH="32" HPOS="1117" VPOS="1604"/>
							<String ID="STRING86" STYLEREFS="STYLE1" HEIGHT="97" WIDTH="242" HPOS="1149" VPOS="1596" CONTENT="Opsyn" WC="0.67" LANG="dan"/>
							<SP ID="SP74" WIDTH="34" HPOS="1391" VPOS="1596"/>
							<String ID="STRING87" STYLEREFS="STYLE1" HEIGHT="92" WIDTH="210" HPOS="1425" VPOS="1599" CONTENT="ffulde" WC="0.56" LANG="dan"/>
							<SP ID="SP75" WIDTH="32" HPOS="1635" VPOS="1599"/>
							<String ID="STRING88" STYLEREFS="STYLE1" HEIGHT="84" WIDTH="126" HPOS="1667" VPOS="1595" CONTENT="ikke" WC="1" LANG="dan"/>
							<SP ID="SP76" WIDTH="26" HPOS="1793" VPOS="1595"/>
							<String ID="STRING89" STYLEREFS="STYLE1" HEIGHT="95" WIDTH="124" HPOS="1819" VPOS="1599" CONTENT="sige" WC="0.76" LANG="dan"/>
							<SP ID="SP77" WIDTH="38" HPOS="1943" VPOS="1599"/>
							<String ID="STRING90" STYLEREFS="STYLE1" HEIGHT="78" WIDTH="264" HPOS="1981" VPOS="1620" CONTENT="meget," WC="0.69" LANG="dan"/>
							<SP ID="SP78" WIDTH="74" HPOS="2245" VPOS="1620"/>
							<String ID="STRING91" STYLEREFS="STYLE1" HEIGHT="59" WIDTH="174" HPOS="2319" VPOS="1626" CONTENT="naar" WC="0.89" LANG="dan"/>
							<SP ID="SP79" WIDTH="38" HPOS="2493" VPOS="1626"/>
							<String ID="STRING92" STYLEREFS="STYLE1" HEIGHT="74" WIDTH="122" HPOS="2531" VPOS="1614" CONTENT="den" WC="0.86" LANG="dan"/>
						</TextLine>
						<TextLine ID="LINE14" HEIGHT="121" WIDTH="1707" HPOS="943" VPOS="1676">
							<String ID="STRING93" STYLEREFS="STYLE1" HEIGHT="115" WIDTH="447" HPOS="943" VPOS="1676" CONTENT="Forbindelse," WC="0.61" LANG="dan"/>
							<SP ID="SP80" WIDTH="75" HPOS="1390" VPOS="1676"/>
							<String ID="STRING94" STYLEREFS="STYLE1" HEIGHT="94" WIDTH="183" HPOS="1465" VPOS="1696" CONTENT="hvori" WC="0.5" LANG="dan"/>
							<SP ID="SP81" WIDTH="69" HPOS="1648" VPOS="1696"/>
							<String ID="STRING95" STYLEREFS="STYLE1" HEIGHT="84" WIDTH="341" HPOS="1717" VPOS="1693" CONTENT="Skolerne" WC="0.84" LANG="dan"/>
							<SP ID="SP82" WIDTH="45" HPOS="2058" VPOS="1693"/>
							<String ID="STRING96" STYLEREFS="STYLE1" HEIGHT="102" WIDTH="357" HPOS="2103" VPOS="1695" CONTENT="formedelst" WC="0.61" LANG="dan"/>
							<SP ID="SP83" WIDTH="69" HPOS="2460" VPOS="1695"/>
							<String ID="STRING97" STYLEREFS="STYLE1" HEIGHT="74" WIDTH="121" HPOS="2529" VPOS="1710" CONTENT="den" WC="0.81" LANG="dan"/>
						</TextLine>
						<TextLine ID="LINE15" HEIGHT="109" WIDTH="1702" HPOS="946" VPOS="1784">
							<String ID="STRING98" STYLEREFS="STYLE1" HEIGHT="99" WIDTH="194" HPOS="946" VPOS="1784" CONTENT="forste" WC="0.47" LANG="deu"/>
							<SP ID="SP84" WIDTH="48" HPOS="1140" VPOS="1784"/>
							<String ID="STRING99" STYLEREFS="STYLE1" HEIGHT="94" WIDTH="298" HPOS="1188" VPOS="1790" CONTENT="Examen" WC="0.87" LANG="deu"/>
							<SP ID="SP85" WIDTH="65" HPOS="1486" VPOS="1790"/>
							<String ID="STRING100" STYLEREFS="STYLE3" HEIGHT="92" WIDTH="174" HPOS="1551" VPOS="1794" CONTENT="saae" WC="0.88" LANG="dan"/>
							<SP ID="SP86" WIDTH="55" HPOS="1725" VPOS="1794"/>
							<String ID="STRING101" STYLEREFS="STYLE1" HEIGHT="74" WIDTH="146" HPOS="1780" VPOS="1798" CONTENT="med" WC="0.83" LANG="dan"/>
							<SP ID="SP87" WIDTH="40" HPOS="1926" VPOS="1798"/>
							<String ID="STRING102" STYLEREFS="STYLE1" HEIGHT="97" WIDTH="484" HPOS="1966" VPOS="1796" CONTENT="Universitetet," WC="0.68" LANG="dan"/>
							<SP ID="SP88" WIDTH="58" HPOS="2450" VPOS="1796"/>
							<String ID="STRING103" STYLEREFS="STYLE1" HEIGHT="80" WIDTH="140" HPOS="2508" VPOS="1800" CONTENT="blev" WC="0.7" LANG="dan"/>
						</TextLine>
						<TextLine ID="LINE16" HEIGHT="102" WIDTH="1677" HPOS="944" VPOS="1887">
							<String ID="STRING104" STYLEREFS="STYLE1" HEIGHT="92" WIDTH="321" HPOS="944" VPOS="1889" CONTENT="ophævet." WC="0.79" LANG="dan"/>
							<SP ID="SP89" WIDTH="105" HPOS="1265" VPOS="1889"/>
							<String ID="STRING105" STYLEREFS="STYLE1" HEIGHT="95" WIDTH="407" HPOS="1370" VPOS="1887" CONTENT="Biffoperne" WC="0.75" LANG="dan"/>
							<SP ID="SP90" WIDTH="37" HPOS="1777" VPOS="1887"/>
							<String ID="STRING106" STYLEREFS="STYLE1" HEIGHT="59" WIDTH="95" HPOS="1814" VPOS="1907" CONTENT="ere" WC="0.85" LANG="dan"/>
							<SP ID="SP91" WIDTH="33" HPOS="1909" VPOS="1907"/>
							<String ID="STRING107" STYLEREFS="STYLE1" HEIGHT="71" WIDTH="73" HPOS="1942" VPOS="1896" CONTENT="de" WC="0.67" LANG="dan"/>
							<SP ID="SP92" WIDTH="29" HPOS="2015" VPOS="1896"/>
							<String ID="STRING108" STYLEREFS="STYLE1" HEIGHT="91" WIDTH="193" HPOS="2044" VPOS="1895" CONTENT="eneste" WC="0.89" LANG="dan"/>
							<SP ID="SP93" WIDTH="79" HPOS="2237" VPOS="1895"/>
							<String ID="STRING109" STYLEREFS="STYLE1" HEIGHT="97" WIDTH="305" HPOS="2316" VPOS="1892" CONTENT="Scholar" SUBS_TYPE="HypPart1" SUBS_CONTENT="Scholarker" WC="0.61" LANG="dan"/>
							<HYP CONTENT="-"/>
						</TextLine>
						<TextLine ID="LINE17" HEIGHT="97" WIDTH="1680" HPOS="941" VPOS="1983">
							<String ID="STRING110" STYLEREFS="STYLE1" HEIGHT="79" WIDTH="110" HPOS="941" VPOS="1984" CONTENT="ker" SUBS_TYPE="HypPart2" SUBS_CONTENT="Scholarker" WC="0.74" LANG="dan"/>
							<SP ID="SP94" WIDTH="26" HPOS="1051" VPOS="1984"/>
							<String ID="STRING111" STYLEREFS="STYLE1" HEIGHT="76" WIDTH="22" HPOS="1077" VPOS="1985" CONTENT="i" WC="0.46" LANG="dan"/>
							<SP ID="SP95" WIDTH="40" HPOS="1099" VPOS="1985"/>
							<String ID="STRING112" STYLEREFS="STYLE1" HEIGHT="90" WIDTH="278" HPOS="1139" VPOS="1983" CONTENT="Landet," WC="0.73" LANG="dan"/>
							<SP ID="SP96" WIDTH="80" HPOS="1417" VPOS="1983"/>
							<String ID="STRING113" STYLEREFS="STYLE1" HEIGHT="76" WIDTH="80" HPOS="1497" VPOS="2002" CONTENT="og" WC="0.29" LANG="dan"/>
							<SP ID="SP97" WIDTH="26" HPOS="1577" VPOS="2002"/>
							<String ID="STRING114" STYLEREFS="STYLE1" HEIGHT="92" WIDTH="234" HPOS="1603" VPOS="1985" CONTENT="enhver" WC="0.86" LANG="dan"/>
							<SP ID="SP98" WIDTH="22" HPOS="1837" VPOS="1985"/>
							<String ID="STRING115" STYLEREFS="STYLE1" HEIGHT="6" WIDTH="8" HPOS="1859" VPOS="2062" CONTENT="^" WC="1" LANG="dan"/>
							<SP ID="SP99" WIDTH="22" HPOS="1867" VPOS="2062"/>
							<String ID="STRING116" STYLEREFS="STYLE1" HEIGHT="76" WIDTH="20" HPOS="1889" VPOS="1984" CONTENT="i" WC="0.27" LANG="dan"/>
							<SP ID="SP100" WIDTH="30" HPOS="1909" VPOS="1984"/>
							<String ID="STRING117" STYLEREFS="STYLE1" HEIGHT="88" WIDTH="78" HPOS="1939" VPOS="1988" CONTENT="sit" WC="0.52" LANG="dan"/>
							<SP ID="SP101" WIDTH="44" HPOS="2017" VPOS="1988"/>
							<String ID="STRING118" STYLEREFS="STYLE1" HEIGHT="94" WIDTH="202" HPOS="2061" VPOS="1986" CONTENT="Stift" WC="0.72" LANG="dan"/>
							<SP ID="SP102" WIDTH="52" HPOS="2263" VPOS="1986"/>
							<String ID="STRING119" STYLEREFS="STYLE1" HEIGHT="85" WIDTH="306" HPOS="2315" VPOS="1988" CONTENT="Skolelæ" SUBS_TYPE="HypPart1" SUBS_CONTENT="Skolelærernes" WC="0.79" LANG="dan"/>
							<HYP CONTENT="-"/>
						</TextLine>
						<TextLine ID="LINE18" HEIGHT="107" WIDTH="1703" HPOS="945" VPOS="2075">
							<String ID="STRING120" STYLEREFS="STYLE1" HEIGHT="72" WIDTH="225" HPOS="945" VPOS="2089" CONTENT="rernes" SUBS_TYPE="HypPart2" SUBS_CONTENT="Skolelærernes" WC="0.8" LANG="dan"/>
							<SP ID="SP103" WIDTH="35" HPOS="1170" VPOS="2089"/>
							<String ID="STRING121" STYLEREFS="STYLE1" HEIGHT="92" WIDTH="227" HPOS="1205" VPOS="2081" CONTENT="eeneste" WC="0.83" LANG="dan"/>
							<SP ID="SP104" WIDTH="19" HPOS="1432" VPOS="2081"/>
							<String ID="STRING122" STYLEREFS="STYLE1" HEIGHT="98" WIDTH="361" HPOS="1451" VPOS="2075" CONTENT="Øvrighed." WC="0.69" LANG="dan"/>
							<SP ID="SP105" WIDTH="57" HPOS="1812" VPOS="2075"/>
							<String ID="STRING123" STYLEREFS="STYLE1" HEIGHT="99" WIDTH="217" HPOS="1869" VPOS="2080" CONTENT="Men," WC="0.7" LANG="dan"/>
							<SP ID="SP106" WIDTH="37" HPOS="2086" VPOS="2080"/>
							<String ID="STRING124" STYLEREFS="STYLE1" HEIGHT="92" WIDTH="187" HPOS="2123" VPOS="2085" CONTENT="hvem" WC="0.77" LANG="dan"/>
							<SP ID="SP107" WIDTH="14" HPOS="2310" VPOS="2085"/>
							<String ID="STRING125" STYLEREFS="STYLE1" HEIGHT="76" WIDTH="150" HPOS="2324" VPOS="2093" CONTENT="veed" WC="0.75" LANG="dan"/>
							<SP ID="SP108" WIDTH="21" HPOS="2474" VPOS="2093"/>
							<String ID="STRING126" STYLEREFS="STYLE1" HEIGHT="92" WIDTH="153" HPOS="2495" VPOS="2090" CONTENT="ikke," WC="0.91" LANG="dan"/>
						</TextLine>
						<TextLine ID="LINE19" HEIGHT="109" WIDTH="1658" HPOS="944" VPOS="2173">
							<String ID="STRING127" STYLEREFS="STYLE1" HEIGHT="95" WIDTH="170" HPOS="944" VPOS="2176" CONTENT="hvor" WC="0.5" LANG="dan"/>
							<SP ID="SP109" WIDTH="38" HPOS="1114" VPOS="2176"/>
							<String ID="STRING128" STYLEREFS="STYLE1" HEIGHT="75" WIDTH="270" HPOS="1152" VPOS="2194" CONTENT="mange," WC="0.78" LANG="dan"/>
							<SP ID="SP110" WIDTH="62" HPOS="1422" VPOS="2194"/>
							<String ID="STRING129" STYLEREFS="STYLE1" HEIGHT="100" WIDTH="404" HPOS="1484" VPOS="2173" CONTENT="forffiellige," WC="0.65" LANG="dan"/>
							<SP ID="SP111" WIDTH="72" HPOS="1888" VPOS="2173"/>
							<String ID="STRING130" STYLEREFS="STYLE1" HEIGHT="98" WIDTH="232" HPOS="1960" VPOS="2179" CONTENT="vigtige" WC="0.62" LANG="dan"/>
							<SP ID="SP112" WIDTH="54" HPOS="2192" VPOS="2179"/>
							<String ID="STRING131" STYLEREFS="STYLE1" HEIGHT="100" WIDTH="356" HPOS="2246" VPOS="2182" CONTENT="Forretnin" SUBS_TYPE="HypPart1" SUBS_CONTENT="Forretninger," WC="0.7" LANG="dan"/>
							<HYP CONTENT="-"/>
						</TextLine>
						<TextLine ID="LINE20" HEIGHT="109" WIDTH="1700" HPOS="947" VPOS="2271">
							<String ID="STRING132" STYLEREFS="STYLE1" HEIGHT="76" WIDTH="150" HPOS="947" VPOS="2291" CONTENT="ger," SUBS_TYPE="HypPart2" SUBS_CONTENT="Forretninger," WC="0.63" LANG="dan"/>
							<SP ID="SP113" WIDTH="56" HPOS="1097" VPOS="2291"/>
							<String ID="STRING133" STYLEREFS="STYLE1" HEIGHT="94" WIDTH="144" HPOS="1153" VPOS="2272" CONTENT="disse" WC="0.74" LANG="dan"/>
							<SP ID="SP114" WIDTH="37" HPOS="1297" VPOS="2272"/>
							<String ID="STRING134" STYLEREFS="STYLE1" HEIGHT="81" WIDTH="249" HPOS="1334" VPOS="2271" CONTENT="Mænd" WC="0.66" LANG="dan"/>
							<SP ID="SP115" WIDTH="22" HPOS="1583" VPOS="2271"/>
							<String ID="STRING135" STYLEREFS="STYLE1" HEIGHT="59" WIDTH="96" HPOS="1605" VPOS="2292" CONTENT="ere" WC="0.87" LANG="dan"/>
							<SP ID="SP116" WIDTH="40" HPOS="1701" VPOS="2292"/>
							<String ID="STRING136" STYLEREFS="STYLE1" HEIGHT="75" WIDTH="432" HPOS="1741" VPOS="2283" CONTENT="overvældede" WC="0.76" LANG="dan"/>
							<SP ID="SP117" WIDTH="40" HPOS="2173" VPOS="2283"/>
							<String ID="STRING137" STYLEREFS="STYLE1" HEIGHT="75" WIDTH="144" HPOS="2213" VPOS="2286" CONTENT="med" WC="0.76" LANG="dan"/>
							<SP ID="SP118" WIDTH="20" HPOS="2357" VPOS="2286"/>
							<String ID="STRING138" STYLEREFS="STYLE1" HEIGHT="72" WIDTH="32" HPOS="2377" VPOS="2287" CONTENT="?" WC="1" LANG="dan"/>
							<SP ID="SP119" WIDTH="30" HPOS="2409" VPOS="2287"/>
							<String ID="STRING139" STYLEREFS="STYLE1" HEIGHT="99" WIDTH="208" HPOS="2439" VPOS="2281" CONTENT="Hvor" WC="0.32" LANG="dan"/>
						</TextLine>
						<TextLine ID="LINE21" HEIGHT="119" WIDTH="1703" HPOS="943" VPOS="2361">
							<String ID="STRING140" STYLEREFS="STYLE1" HEIGHT="89" WIDTH="161" HPOS="943" VPOS="2372" CONTENT="store" WC="0.62" LANG="dan"/>
							<SP ID="SP120" WIDTH="39" HPOS="1104" VPOS="2372"/>
							<String ID="STRING141" STYLEREFS="STYLE1" HEIGHT="98" WIDTH="263" HPOS="1143" VPOS="2361" CONTENT="Stifter" WC="0.69" LANG="dan"/>
							<SP ID="SP121" WIDTH="35" HPOS="1406" VPOS="2361"/>
							<String ID="STRING142" STYLEREFS="STYLE1" HEIGHT="74" WIDTH="71" HPOS="1441" VPOS="2375" CONTENT="de" WC="0.63" LANG="dan"/>
							<SP ID="SP122" WIDTH="33" HPOS="1512" VPOS="2375"/>
							<String ID="STRING143" STYLEREFS="STYLE1" HEIGHT="78" WIDTH="379" HPOS="1545" VPOS="2373" CONTENT="undertiden" WC="0.73" LANG="dan"/>
							<SP ID="SP123" WIDTH="37" HPOS="1924" VPOS="2373"/>
							<String ID="STRING144" STYLEREFS="STYLE1" HEIGHT="91" WIDTH="163" HPOS="1961" VPOS="2374" CONTENT="have" WC="0.67" LANG="dan"/>
							<SP ID="SP124" WIDTH="21" HPOS="2124" VPOS="2374"/>
							<String ID="STRING145" STYLEREFS="STYLE1" HEIGHT="64" WIDTH="71" HPOS="2145" VPOS="2392" CONTENT="at" WC="0.69" LANG="dan"/>
							<SP ID="SP125" WIDTH="43" HPOS="2216" VPOS="2392"/>
							<String ID="STRING146" STYLEREFS="STYLE1" HEIGHT="98" WIDTH="271" HPOS="2259" VPOS="2378" CONTENT="bestyre," WC="0.66" LANG="dan"/>
							<SP ID="SP126" WIDTH="33" HPOS="2530" VPOS="2378"/>
							<String ID="STRING147" STYLEREFS="STYLE1" HEIGHT="76" WIDTH="83" HPOS="2563" VPOS="2404" CONTENT="og" WC="0.35" LANG="dan"/>
						</TextLine>
						<TextLine ID="LINE22" HEIGHT="110" WIDTH="1704" HPOS="942" VPOS="2464">
							<String ID="STRING148" STYLEREFS="STYLE1" HEIGHT="97" WIDTH="168" HPOS="942" VPOS="2464" CONTENT="hvor" WC="0.6" LANG="dan"/>
							<SP ID="SP127" WIDTH="48" HPOS="1110" VPOS="2464"/>
							<String ID="STRING149" STYLEREFS="STYLE1" HEIGHT="77" WIDTH="236" HPOS="1158" VPOS="2484" CONTENT="mange" WC="0.92" LANG="dan"/>
							<SP ID="SP128" WIDTH="66" HPOS="1394" VPOS="2484"/>
							<String ID="STRING150" STYLEREFS="STYLE1" HEIGHT="83" WIDTH="260" HPOS="1460" VPOS="2465" CONTENT="Skoler" WC="0.66" LANG="dan"/>
							<SP ID="SP129" WIDTH="38" HPOS="1720" VPOS="2465"/>
							<String ID="STRING151" STYLEREFS="STYLE1" HEIGHT="76" WIDTH="20" HPOS="1758" VPOS="2469" CONTENT="i" WC="0.71" LANG="dan"/>
							<SP ID="SP130" WIDTH="54" HPOS="1778" VPOS="2469"/>
							<String ID="STRING152" STYLEREFS="STYLE1" HEIGHT="96" WIDTH="198" HPOS="1832" VPOS="2468" CONTENT="disse?" WC="0.61" LANG="dan"/>
							<SP ID="SP131" WIDTH="52" HPOS="2030" VPOS="2468"/>
							<String ID="STRING153" STYLEREFS="STYLE1" HEIGHT="85" WIDTH="164" HPOS="2082" VPOS="2471" CONTENT="Det" WC="0.53" LANG="dan"/>
							<SP ID="SP132" WIDTH="40" HPOS="2246" VPOS="2471"/>
							<String ID="STRING154" STYLEREFS="STYLE1" HEIGHT="58" WIDTH="62" HPOS="2286" VPOS="2496" CONTENT="er" WC="0.79" LANG="dan"/>
							<SP ID="SP133" WIDTH="64" HPOS="2348" VPOS="2496"/>
							<String ID="STRING155" STYLEREFS="STYLE1" HEIGHT="92" WIDTH="234" HPOS="2412" VPOS="2482" CONTENT="næsten" WC="0.82" LANG="dan"/>
						</TextLine>
						<TextLine ID="LINE23" HEIGHT="100" WIDTH="1701" HPOS="942" VPOS="2562">
							<String ID="STRING156" STYLEREFS="STYLE1" HEIGHT="94" WIDTH="361" HPOS="942" VPOS="2562" CONTENT="umueligt," WC="0.74" LANG="dan"/>
							<SP ID="SP134" WIDTH="57" HPOS="1303" VPOS="2562"/>
							<String ID="STRING157" STYLEREFS="STYLE1" HEIGHT="62" WIDTH="69" HPOS="1360" VPOS="2577" CONTENT="at" WC="0.65" LANG="dan"/>
							<SP ID="SP135" WIDTH="23" HPOS="1429" VPOS="2577"/>
							<String ID="STRING158" STYLEREFS="STYLE1" HEIGHT="96" WIDTH="143" HPOS="1452" VPOS="2562" CONTENT="disse" WC="0.8" LANG="dan"/>
							<SP ID="SP136" WIDTH="41" HPOS="1595" VPOS="2562"/>
							<String ID="STRING159" STYLEREFS="STYLE1" HEIGHT="82" WIDTH="243" HPOS="1636" VPOS="2562" CONTENT="Mænd" WC="0.7" LANG="dan"/>
							<SP ID="SP137" WIDTH="53" HPOS="1879" VPOS="2562"/>
							<String ID="STRING160" STYLEREFS="STYLE1" HEIGHT="81" WIDTH="209" HPOS="1932" VPOS="2566" CONTENT="kunne" WC="0.8" LANG="dan"/>
							<SP ID="SP138" WIDTH="37" HPOS="2141" VPOS="2566"/>
							<String ID="STRING161" STYLEREFS="STYLE1" HEIGHT="89" WIDTH="247" HPOS="2178" VPOS="2573" CONTENT="strække" WC="0.8" LANG="dan"/>
							<SP ID="SP139" WIDTH="35" HPOS="2425" VPOS="2573"/>
							<String ID="STRING162" STYLEREFS="STYLE1" HEIGHT="76" WIDTH="183" HPOS="2460" VPOS="2583" CONTENT="deres" WC="0.82" LANG="dan"/>
						</TextLine>
						<TextLine ID="LINE24" HEIGHT="106" WIDTH="1674" HPOS="939" VPOS="2655">
							<String ID="STRING163" STYLEREFS="STYLE1" HEIGHT="106" WIDTH="246" HPOS="939" VPOS="2655" CONTENT="Øpsyn" WC="0.6" LANG="dan"/>
							<SP ID="SP140" WIDTH="30" HPOS="1185" VPOS="2655"/>
							<String ID="STRING164" STYLEREFS="STYLE1" HEIGHT="91" WIDTH="364" HPOS="1215" VPOS="2660" CONTENT="længerend" WC="0.81" LANG="dan"/>
							<SP ID="SP141" WIDTH="24" HPOS="1579" VPOS="2660"/>
							<String ID="STRING165" STYLEREFS="STYLE1" HEIGHT="79" WIDTH="216" HPOS="1603" VPOS="2660" CONTENT="tilden" WC="0.81" LANG="dan"/>
							<SP ID="SP142" WIDTH="38" HPOS="1819" VPOS="2660"/>
							<String ID="STRING166" STYLEREFS="STYLE1" HEIGHT="99" WIDTH="258" HPOS="1857" VPOS="2662" CONTENT="Skole," WC="0.74" LANG="dan"/>
							<SP ID="SP143" WIDTH="56" HPOS="2115" VPOS="2662"/>
							<String ID="STRING167" STYLEREFS="STYLE1" HEIGHT="92" WIDTH="132" HPOS="2171" VPOS="2666" CONTENT="som" WC="0.57" LANG="dan"/>
							<SP ID="SP144" WIDTH="32" HPOS="2303" VPOS="2666"/>
							<String ID="STRING168" STYLEREFS="STYLE1" HEIGHT="74" WIDTH="76" HPOS="2335" VPOS="2677" CONTENT="de" WC="0.71" LANG="dan"/>
							<SP ID="SP145" WIDTH="18" HPOS="2411" VPOS="2677"/>
							<String ID="STRING169" STYLEREFS="STYLE1" HEIGHT="82" WIDTH="184" HPOS="2429" VPOS="2672" CONTENT="umid" SUBS_TYPE="HypPart1" SUBS_CONTENT="umiddelbar" WC="0.57" LANG="dan"/>
							<HYP CONTENT="-"/>
						</TextLine>
						<TextLine ID="LINE25" HEIGHT="110" WIDTH="1650" HPOS="935" VPOS="2753">
							<String ID="STRING170" STYLEREFS="STYLE1" HEIGHT="78" WIDTH="231" HPOS="935" VPOS="2753" CONTENT="delbar" SUBS_TYPE="HypPart2" SUBS_CONTENT="umiddelbar" WC="0.81" LANG="dan"/>
							<SP ID="SP146" WIDTH="49" HPOS="1166" VPOS="2753"/>
							<String ID="STRING171" STYLEREFS="STYLE1" HEIGHT="90" WIDTH="161" HPOS="1215" VPOS="2756" CONTENT="have" WC="0.82" LANG="dan"/>
							<SP ID="SP147" WIDTH="51" HPOS="1376" VPOS="2756"/>
							<String ID="STRING172" STYLEREFS="STYLE1" HEIGHT="72" WIDTH="205" HPOS="1427" VPOS="2764" CONTENT="under" WC="0.61" LANG="dan"/>
							<SP ID="SP148" WIDTH="59" HPOS="1632" VPOS="2764"/>
							<String ID="STRING173" STYLEREFS="STYLE1" HEIGHT="95" WIDTH="225" HPOS="1691" VPOS="2759" CONTENT="Ølne," WC="0.9" LANG="dan"/>
							<SP ID="SP149" WIDTH="76" HPOS="1916" VPOS="2759"/>
							<String ID="STRING174" STYLEREFS="STYLE1" HEIGHT="72" WIDTH="140" HPOS="1992" VPOS="2769" CONTENT="eller" WC="0.91" LANG="dan"/>
							<SP ID="SP150" WIDTH="43" HPOS="2132" VPOS="2769"/>
							<String ID="STRING175" STYLEREFS="STYLE1" HEIGHT="76" WIDTH="19" HPOS="2175" VPOS="2766" CONTENT="i" WC="0.24" LANG="dan"/>
							<SP ID="SP151" WIDTH="65" HPOS="2194" VPOS="2766"/>
							<String ID="STRING176" STYLEREFS="STYLE1" HEIGHT="77" WIDTH="117" HPOS="2259" VPOS="2772" CONTENT="den" WC="0.76" LANG="dan"/>
							<SP ID="SP152" WIDTH="33" HPOS="2376" VPOS="2772"/>
							<String ID="STRING177" STYLEREFS="STYLE2" HEIGHT="96" WIDTH="176" HPOS="2409" VPOS="2767" CONTENT="Bye" SUBS_TYPE="HypPart1" SUBS_CONTENT="Byehvor" WC="0.85" LANG="dan"/>
							<HYP CONTENT="-"/>
						</TextLine>
						<TextLine ID="LINE26" HEIGHT="119" WIDTH="1690" HPOS="935" VPOS="2845">
							<String ID="STRING178" STYLEREFS="STYLE4" HEIGHT="94" WIDTH="173" HPOS="935" VPOS="2845" CONTENT="hvor" SUBS_TYPE="HypPart2" SUBS_CONTENT="Byehvor" WC="0.86" LANG="dan"/>
							<SP ID="SP153" WIDTH="-172" HPOS="1108" VPOS="2845"/>
							<String ID="STRING179" STYLEREFS="STYLE1" HEIGHT="95" WIDTH="174" HPOS="936" VPOS="2846" CONTENT="hvor" WC="0.41" LANG="dan"/>
							<SP ID="SP154" WIDTH="28" HPOS="1110" VPOS="2846"/>
							<String ID="STRING180" STYLEREFS="STYLE1" HEIGHT="75" WIDTH="72" HPOS="1138" VPOS="2855" CONTENT="de" WC="0.63" LANG="dan"/>
							<SP ID="SP155" WIDTH="18" HPOS="1210" VPOS="2855"/>
							<String ID="STRING181" STYLEREFS="STYLE1" HEIGHT="92" WIDTH="118" HPOS="1228" VPOS="2848" CONTENT="selv" WC="0.71" LANG="dan"/>
							<SP ID="SP156" WIDTH="28" HPOS="1346" VPOS="2848"/>
							<String ID="STRING182" STYLEREFS="STYLE1" HEIGHT="84" WIDTH="274" HPOS="1374" VPOS="2857" CONTENT="residere." WC="0.69" LANG="dan"/>
							<SP ID="SP157" WIDTH="106" HPOS="1648" VPOS="2857"/>
							<String ID="STRING183" STYLEREFS="STYLE1" HEIGHT="87" WIDTH="134" HPOS="1754" VPOS="2857" CONTENT="De" WC="0.81" LANG="dan"/>
							<SP ID="SP158" WIDTH="18" HPOS="1888" VPOS="2857"/>
							<String ID="STRING184" STYLEREFS="STYLE1" HEIGHT="76" WIDTH="204" HPOS="1906" VPOS="2863" CONTENT="andre" WC="0.77" LANG="dan"/>
							<SP ID="SP159" WIDTH="18" HPOS="2110" VPOS="2863"/>
							<String ID="STRING185" STYLEREFS="STYLE1" HEIGHT="86" WIDTH="258" HPOS="2128" VPOS="2859" CONTENT="Skoler" WC="0.77" LANG="dan"/>
							<SP ID="SP160" WIDTH="26" HPOS="2386" VPOS="2859"/>
							<String ID="STRING186" STYLEREFS="STYLE1" HEIGHT="76" WIDTH="20" HPOS="2412" VPOS="2869" CONTENT="i" WC="0.27" LANG="dan"/>
							<SP ID="SP161" WIDTH="14" HPOS="2432" VPOS="2869"/>
							<String ID="STRING187" STYLEREFS="STYLE1" HEIGHT="99" WIDTH="179" HPOS="2446" VPOS="2865" CONTENT="Stif" SUBS_TYPE="HypPart1" SUBS_CONTENT="Stiftet" WC="0.51" LANG="dan"/>
							<HYP CONTENT="-"/>
						</TextLine>
						<TextLine ID="LINE27" HEIGHT="115" WIDTH="1698" HPOS="937" VPOS="2947">
							<String ID="STRING188" STYLEREFS="STYLE1" HEIGHT="65" WIDTH="92" HPOS="937" VPOS="2958" CONTENT="tet" SUBS_TYPE="HypPart2" SUBS_CONTENT="Stiftet" WC="0.66" LANG="dan"/>
							<SP ID="SP162" WIDTH="20" HPOS="1029" VPOS="2958"/>
							<String ID="STRING189" STYLEREFS="STYLE1" HEIGHT="73" WIDTH="208" HPOS="1049" VPOS="2951" CONTENT="nødes" WC="0.86" LANG="dan"/>
							<SP ID="SP163" WIDTH="20" HPOS="1257" VPOS="2951"/>
							<String ID="STRING190" STYLEREFS="STYLE1" HEIGHT="72" WIDTH="72" HPOS="1277" VPOS="2952" CONTENT="de" WC="0.67" LANG="dan"/>
							<SP ID="SP164" WIDTH="20" HPOS="1349" VPOS="2952"/>
							<String ID="STRING191" STYLEREFS="STYLE1" HEIGHT="92" WIDTH="106" HPOS="1369" VPOS="2947" CONTENT="til," WC="0.59" LANG="dan"/>
							<SP ID="SP165" WIDTH="34" HPOS="1475" VPOS="2947"/>
							<String ID="STRING192" STYLEREFS="STYLE1" HEIGHT="90" WIDTH="174" HPOS="1509" VPOS="2952" CONTENT="hvad" WC="0.68" LANG="dan"/>
							<SP ID="SP166" WIDTH="28" HPOS="1683" VPOS="2952"/>
							<String ID="STRING193" STYLEREFS="STYLE1" HEIGHT="103" WIDTH="588" HPOS="1711" VPOS="2953" CONTENT="Underviisningen" WC="0.78" LANG="dan"/>
							<SP ID="SP167" WIDTH="20" HPOS="2299" VPOS="2953"/>
							<String ID="STRING194" STYLEREFS="STYLE1" HEIGHT="77" WIDTH="316" HPOS="2319" VPOS="2985" CONTENT="angaaer," WC="0.86" LANG="dan"/>
						</TextLine>
						<TextLine ID="LINE28" HEIGHT="115" WIDTH="1667" HPOS="941" VPOS="3043">
							<String ID="STRING195" STYLEREFS="STYLE1" HEIGHT="62" WIDTH="75" HPOS="941" VPOS="3057" CONTENT="at" WC="0.77" LANG="dan"/>
							<SP ID="SP168" WIDTH="17" HPOS="1016" VPOS="3057"/>
							<String ID="STRING196" STYLEREFS="STYLE1" HEIGHT="80" WIDTH="291" HPOS="1033" VPOS="3044" CONTENT="overlade" WC="0.74" LANG="dan"/>
							<SP ID="SP169" WIDTH="25" HPOS="1324" VPOS="3044"/>
							<String ID="STRING197" STYLEREFS="STYLE1" HEIGHT="78" WIDTH="67" HPOS="1349" VPOS="3045" CONTENT="til" WC="0.55" LANG="dan"/>
							<SP ID="SP170" WIDTH="31" HPOS="1416" VPOS="3045"/>
							<String ID="STRING198" STYLEREFS="STYLE1" HEIGHT="85" WIDTH="437" HPOS="1447" VPOS="3043" CONTENT="Rectorernes" WC="0.8" LANG="dan"/>
							<SP ID="SP171" WIDTH="33" HPOS="1884" VPOS="3043"/>
							<String ID="STRING199" STYLEREFS="STYLE1" HEIGHT="88" WIDTH="341" HPOS="1917" VPOS="3048" CONTENT="Enevolds" WC="0.85" LANG="dan"/>
							<SP ID="SP172" WIDTH="43" HPOS="2258" VPOS="3048"/>
							<String ID="STRING200" STYLEREFS="STYLE1" HEIGHT="100" WIDTH="307" HPOS="2301" VPOS="3058" CONTENT="Bestyrel" SUBS_TYPE="HypPart1" SUBS_CONTENT="Bestyrelse," WC="0.74" LANG="dan"/>
							<HYP CONTENT="-"/>
						</TextLine>
						<TextLine ID="LINE29" HEIGHT="114" WIDTH="1310" HPOS="940" VPOS="3132">
							<String ID="STRING201" STYLEREFS="STYLE1" HEIGHT="101" WIDTH="100" HPOS="940" VPOS="3132" CONTENT="se," SUBS_TYPE="HypPart2" SUBS_CONTENT="Bestyrelse," WC="0.66" LANG="dan"/>
							<SP ID="SP173" WIDTH="58" HPOS="1040" VPOS="3132"/>
							<String ID="STRING202" STYLEREFS="STYLE1" HEIGHT="75" WIDTH="86" HPOS="1098" VPOS="3159" CONTENT="og" WC="0.67" LANG="dan"/>
							<SP ID="SP174" WIDTH="38" HPOS="1184" VPOS="3159"/>
							<String ID="STRING203" STYLEREFS="STYLE1" HEIGHT="79" WIDTH="122" HPOS="1222" VPOS="3140" CONTENT="bor" WC="0.74" LANG="dan"/>
							<SP ID="SP175" WIDTH="26" HPOS="1344" VPOS="3140"/>
							<String ID="STRING204" STYLEREFS="STYLE1" HEIGHT="61" WIDTH="166" HPOS="1370" VPOS="3159" CONTENT="være" WC="0.91" LANG="dan"/>
							<SP ID="SP176" WIDTH="22" HPOS="1536" VPOS="3159"/>
							<String ID="STRING205" STYLEREFS="STYLE1" HEIGHT="90" WIDTH="186" HPOS="1558" VPOS="3148" CONTENT="glade" WC="0.82" LANG="dan"/>
							<SP ID="SP177" WIDTH="34" HPOS="1744" VPOS="3148"/>
							<String ID="STRING206" STYLEREFS="STYLE1" HEIGHT="95" WIDTH="108" HPOS="1778" VPOS="3145" CONTENT="til," WC="0.68" LANG="dan"/>
							<SP ID="SP178" WIDTH="56" HPOS="1886" VPOS="3145"/>
							<String ID="STRING207" STYLEREFS="STYLE1" HEIGHT="63" WIDTH="70" HPOS="1942" VPOS="3166" CONTENT="at" WC="0.67" LANG="dan"/>
							<SP ID="SP179" WIDTH="42" HPOS="2012" VPOS="3166"/>
							<String ID="STRING208" STYLEREFS="STYLE1" HEIGHT="74" WIDTH="74" HPOS="2054" VPOS="3155" CONTENT="de" WC="0.7" LANG="dan"/>
							<SP ID="SP180" WIDTH="45" HPOS="2128" VPOS="3155"/>
							<String ID="STRING209" STYLEREFS="STYLE5" HEIGHT="93" WIDTH="77" HPOS="2173" VPOS="3153" CONTENT="af" WC="0.84" LANG="dan"/>
						</TextLine>
						<TextLine ID="LINE30" HEIGHT="121" WIDTH="1333" HPOS="1098" VPOS="3231">
							<String ID="STRING210" STYLEREFS="STYLE1" HEIGHT="101" WIDTH="287" HPOS="1098" VPOS="3231" CONTENT="Forhold" WC="0.61" LANG="dan"/>
							<SP ID="SP181" WIDTH="33" HPOS="1385" VPOS="3231"/>
							<String ID="STRING211" STYLEREFS="STYLE1" HEIGHT="74" WIDTH="117" HPOS="1418" VPOS="3244" CONTENT="ved" WC="0.71" LANG="dan"/>
							<SP ID="SP182" WIDTH="43" HPOS="1535" VPOS="3244"/>
							<String ID="STRING212" STYLEREFS="STYLE1" HEIGHT="97" WIDTH="441" HPOS="1578" VPOS="3241" CONTENT="Universitetet" WC="0.77" LANG="dan"/>
							<SP ID="SP183" WIDTH="43" HPOS="2019" VPOS="3241"/>
							<String ID="STRING213" STYLEREFS="STYLE1" HEIGHT="83" WIDTH="207" HPOS="2062" VPOS="3249" CONTENT="kunne" WC="0.82" LANG="dan"/>
							<SP ID="SP184" WIDTH="36" HPOS="2269" VPOS="3249"/>
							<String ID="STRING214" STYLEREFS="STYLE2" HEIGHT="91" WIDTH="126" HPOS="2305" VPOS="3261" CONTENT="dog" WC="0.84" LANG="dan"/>
						</TextLine>
						<TextLine ID="LINE31" HEIGHT="121" WIDTH="1696" HPOS="939" VPOS="3331">
							<String ID="STRING215" STYLEREFS="STYLE1" HEIGHT="77" WIDTH="150" HPOS="939" VPOS="3334" CONTENT="dem" WC="0.66" LANG="dan"/>
							<SP ID="SP185" WIDTH="36" HPOS="1089" VPOS="3334"/>
							<String ID="STRING216" STYLEREFS="STYLE1" HEIGHT="77" WIDTH="208" HPOS="1125" VPOS="3351" CONTENT="nogen" WC="0.86" LANG="dan"/>
							<SP ID="SP186" WIDTH="30" HPOS="1333" VPOS="3351"/>
							<String ID="STRING217" STYLEREFS="STYLE1" HEIGHT="104" WIDTH="348" HPOS="1363" VPOS="3331" CONTENT="Slutning" WC="0.68" LANG="dan"/>
							<SP ID="SP187" WIDTH="32" HPOS="1711" VPOS="3331"/>
							<String ID="STRING218" STYLEREFS="STYLE1" HEIGHT="59" WIDTH="110" HPOS="1743" VPOS="3361" CONTENT="om" WC="0.56" LANG="dan"/>
							<SP ID="SP188" WIDTH="38" HPOS="1853" VPOS="3361"/>
							<String ID="STRING219" STYLEREFS="STYLE1" HEIGHT="88" WIDTH="318" HPOS="1891" VPOS="3340" CONTENT="Lærernes" WC="0.77" LANG="dan"/>
							<SP ID="SP189" WIDTH="36" HPOS="2209" VPOS="3340"/>
							<String ID="STRING220" STYLEREFS="STYLE1" HEIGHT="100" WIDTH="390" HPOS="2245" VPOS="3352" CONTENT="Duelighed" WC="0.67" LANG="dan"/>
						</TextLine>
					</TextBlock>
					<TextBlock xs:type="TextBlockType" ID="ZONE1148453" HEIGHT="75" WIDTH="146" HPOS="2392" VPOS="3461" xlink:type="simple">
						<TextLine ID="LINE32" HEIGHT="74" WIDTH="146" HPOS="2392" VPOS="3461">
							<String ID="STRING221" STYLEREFS="STYLE1" HEIGHT="74" WIDTH="146" HPOS="2392" VPOS="3461" CONTENT="eller" WC="0.85" LANG="dan"/>
						</TextLine>
					</TextBlock>
					<TextBlock xs:type="TextBlockType" ID="ZONE1148454" HEIGHT="48" WIDTH="12" HPOS="1842" VPOS="4218" xlink:type="simple">
						<TextLine ID="LINE33" HEIGHT="48" WIDTH="12" HPOS="1842" VPOS="4218">
							<String ID="STRING222" STYLEREFS="STYLE6" HEIGHT="48" WIDTH="12" HPOS="1842" VPOS="4218" CONTENT="i" WC="0.46" LANG="dan"/>
						</TextLine>
					</TextBlock>
				</ComposedBlock>
			</PrintSpace>
		</Page>
	</Layout>
</alto>
