2922 4537
1701 500 100 86 35

124 686 43 50 2
196 681 43 60 a
266 681 139 72 300
432 656 385 101 Academici;
871 661 93 92 thi
992 666 71 77 de
1088 659 247 100 Norsse
1372 661 229 98 Muser
1642 670 163 85 vilde

123 762 124 89 vift
305 764 142 76 lade
509 761 93 95 sig
669 761 142 92 nøje
877 766 142 75 med
1089 783 76 59 en
1229 765 246 79 mindre
1541 770 267 95 prægtig

126 854 376 101 Bygning,
554 862 118 76 end
732 863 152 85 den,
941 856 641 97 Krigs-Gudinden
1618 867 192 82 inden

126 956 111 96 for
278 955 489 95 Kjøbenhavns
812 953 235 87 Volde
1102 957 121 97 har
1280 959 221 96 opført
1540 961 103 96 for
1686 968 127 94 sine

131 1054 491 98 fredsommelige
661 1052 325 97 Dyrkere.
1125 1055 161 87 Det
1329 1059 247 95 Norske
1619 1061 167 101 Præ-

128 1153 230 99 steskab
398 1154 172 94 giver
608 1159 158 75 aarl.
810 1175 76 59 en
926 1153 258 97 anseelig
1224 1156 593 107 Academie-Skat,

128 1252 133 98 som
295 1253 110 93 jjeg
467 1267 166 65 troer
676 1250 275 86 Landets
996 1253 215 86 Børn
1252 1254 161 97 frem
1476 1256 101 96 for
1617 1270 206 75 andre

131 1352 203 86 kunde
399 1350 221 95 tilegne
679 1352 113 97 sig.
945 1352 251 85 Endnu
1269 1375 55 62 et
1387 1357 251 85 Raad:
1719 1368 105 77 der

128 1448 539 100 Kjøbenhavnfke
712 1451 397 98 'Universitet
1176 1454 201 81 kunde
1446 1462 159 76 deele
1672 1468 145 77 med

129 1558 82 71 vs
249 1554 186 90 nogle
477 1547 76 96 af
591 1552 128 94 sine
747 1549 418 95 Rigdomme.
1249 1552 196 98 Ney!
1489 1579 90 58 nu
1621 1557 204 86 bliver

129 1646 497 85 Nordmanden
666 1667 186 75 grov.
981 1648 289 85 Aldeeles
1313 1653 141 83 ikke.
1559 1657 155 88 Det
1756 1682 66 57 er

128 1748 191 93 ingen
348 1743 381 100 Uartighed,
776 1745 173 96 hvad
986 1746 337 104 Billighed
1368 1755 253 84 kræver.
1704 1756 125 88 Vi

137 1848 124 96 har
313 1843 24 79 i
393 1864 76 59 en
537 1841 154 91 Did
767 1848 216 93 dyrker
1057 1855 74 84 de
1191 1850 241 100 boglige
1475 1854 291 98 Kunster
1807 1859 25 80 i

138 1940 408 101 Fællesskab.
702 1942 150 85 Om
896 1948 66 80 vi
1006 1969 92 58 nu
1144 1950 332 98 adskilles,
1516 1976 64 59 er
1620 1963 102 75 det
1764 1958 70 94 jo

140 2042 241 95 billigt,
438 2043 65 80 vi
554 2041 121 83 bør
728 2049 197 91 deele,
986 2046 175 99 hvad
1206 2052 21 76 i
1268 2049 441 102 Fællesskaber
1765 2078 68 61 er

141 2143 343 94 erhvervet.
631 2140 143 98 Jeg
833 2148 87 76 vil
983 2151 101 76 vel
1137 2164 169 83 troe,
1365 2166 71 64 at
1497 2156 73 77 de
1635 2155 201 98 ivrige

146 2235 392 106 Forfægtere
580 2238 77 96 af
696 2244 74 79 de
818 2241 322 100 Danskes
1178 2252 478 96 Monopolium
1700 2276 135 74 paa

143 2355 76 64 at
253 2337 162 94 have
455 2355 58 64 et
555 2335 376 105 Academie,
973 2345 166 82 vilde
1181 2347 180 94 ansee
1401 2354 196 78 denne
1635 2351 170 105 Paa-

141 2440 185 95 stand
367 2458 107 61 om
507 2457 75 60 en
601 2438 295 100 Deeling
935 2438 101 98 for
1071 2448 291 97 urimelig
1402 2470 80 76 og
1518 2456 318 97 umuelig;

140 2534 175 85 Men
352 2538 95 94 jeg
487 2535 270 100 Hænder
816 2545 157 91 den,
1030 2541 133 92 som
1220 2546 205 83 kunde
1482 2550 175 94 giøre
1716 2560 123 74 den

147 2633 228 96 ligesaa
413 2637 242 95 rimelig
699 2636 136 97 som
873 2645 273 95 müelig,
1189 2666 203 74 naar,
1439 2653 231 95 nemlig
1711 2670 124 63 vor

147 2730 367 101 Naadigste
552 2735 262 102 Konge,
857 2741 372 98 overbeviis
1276 2745 80 96 af
1382 2743 456 106 Sandheden,

152 2852 85 75 og
300 2833 271 96 bevæger
624 2832 77 100 af
744 2839 301 97 Sagens
1112 2841 251 102 Nytte,
1426 2848 161 81 vilde
1642 2848 201 94 befale

153 2936 105 77 det
281 2929 529 106 Kjøbenhavnffe
837 2939 339 85 Academie
1221 2961 69 64 at
1333 2950 353 96 forflyttes,
1727 2948 111 92 saa

154 3022 212 92 kunde
418 3052 66 72 10
540 3055 74 59 en
652 3034 296 102 Deeling
990 3039 84 96 af
1102 3049 140 77 dets
1288 3041 342 102 Beneficia
1668 3068 172 63 være

154 3134 147 77 dem
370 3131 223 96 ligesaa
649 3138 248 100 tjenlig,
958 3136 135 97 som
1147 3154 118 89 os,
1341 3151 86 76 da
1487 3152 74 75 de
1605 3151 236 82 derved

157 3226 207 86 kunde
403 3216 177 111 spare
621 3240 101 79 det
763 3239 185 98 halve
991 3239 81 96 af
1101 3239 709 116 Bygnings-Omkost-

158 3331 321 95 ningerne.
640 3334 167 85 Men
848 3342 205 96 skulde
1092 3347 157 77 dette
1288 3343 257 100 Raad,
1616 3363 233 79 uagtet,

158 3431 112 107 sid
321 3434 146 82 dets
523 3427 374 112 Billighed,
961 3444 128 95 dog
1145 3440 186 102 synes
1385 3441 108 103 for
1559 3447 238 90 Haardt
1817 3503 34 40 »

917 3536 65 90 C
1022 3567 44 54 s
1742 3537 106 90 vel
