2961 4461
1708 448 95 80 15

123 609 500 101 Kjøbenhavns
683 611 420 97 Universitet,
1169 610 124 80 kan
1367 609 442 101 beqvemmelig

123 715 204 77 deeles
369 714 20 76 i
429 716 217 75 tvende
689 709 260 96 Gasser.
1117 708 224 98 Nogle
1399 713 158 94 har,
1611 711 200 85 Gud-,

121 809 121 95 ffee
285 810 171 82 Lov!
511 830 229 77 mange
785 809 247 98 Penge.
1133 808 201 97 Disse
1377 811 219 94 bliver,
1633 822 179 84 nogle

120 905 150 97 faae
304 916 370 89 undtagne,
754 909 128 88 som
922 910 120 94 har
1082 926 76 58 en
1204 925 200 78 meget
1448 911 180 90 stærk
1664 909 122 85 Na-

118 1023 154 81 tur,
332 1008 110 94 saa
488 1008 172 93 snart
700 1013 76 76 de
812 1006 262 80 mærker
1118 1012 120 74 den
1274 1006 544 101 Kjøbenhavnsse

118 1104 188 100 Luft,
378 1122 178 64 enten
610 1123 170 64 reent
836 1112 184 90 gale,
1092 1110 140 74 eller
1292 1129 80 74 og
1432 1107 112 90 saa
1600 1112 212 96 dorffe

112 1227 81 77 og
254 1212 241 86 dovne,
562 1221 69 64 at
698 1211 73 76 de
836 1207 153 79 intet
1050 1204 171 96 gider
1278 1204 241 95 bestille.
1668 1209 141 101 For

117 1301 430 97 Tidsfordriv
609 1311 228 92 lægger
897 1309 74 77 de
1025 1306 94 94 sig
1179 1310 98 74 vel
1315 1303 152 94 efter
1511 1313 184 88 nogle
1741 1312 82 98 af

111 1403 318 85 Srædets
471 1402 380 101 Nærheder,
881 1422 70 62 at
991 1402 272 98 Sviire,
1307 1403 264 102 Støye,
1599 1405 182 97 Spil-

109 1509 52 75 le
203 1526 86 58 m.
331 1520 130 80 m.;
497 1504 176 81 Men
707 1508 312 90 alvorlige
1059 1500 182 98 Ting
1285 1504 122 81 kan
1445 1511 72 74 de
1541 1513 270 79 aldeeles

107 1603 123 79 ikke
271 1604 249 78 komme
565 1601 223 98 afstæd
831 1608 163 76 med.
1101 1600 221 85 Andre
1357 1601 117 100 har
1513 1605 125 80 kun
1665 1605 145 97 faae

106 1701 274 99 Penge,
446 1708 126 91 dog
614 1707 182 90 nogle
832 1699 132 94 som
1006 1706 74 74 de
1124 1700 122 80 kan
1288 1702 198 99 hjelpe
1528 1707 90 96 sig
1660 1716 144 74 med

110 1803 22 79 i
170 1800 472 96 Begyndelsen.
746 1797 198 103 Disse
990 1822 190 60 maae
1218 1800 178 99 sørge
1418 1803 108 94 for
1550 1803 234 96 Efterti-

110 1907 162 89 den,
362 1920 80 76 og
510 1897 361 96 beskjæftige
956 1902 134 94 sig,
1174 1906 144 75 med
1387 1900 108 93 faa
1572 1925 234 81 mange

106 1997 217 99 Ting,
384 2000 105 92 saa
532 2007 71 72 de
648 1997 517 99 snart-glemmer
1210 2000 589 98 Fæderne-Landet.

107 2097 272 97 Endelig
421 2102 200 77 andre
665 2099 280 79 kommer
991 2106 146 88 der,
1195 2098 134 92 som
1373 2103 120 94 har
1537 2105 132 92 stær
1703 2108 74 80 in-

103 2215 92 63 tet
237 2216 70 64 ar
345 2204 130 76 leve
513 2193 90 98 af.
737 2197 200 97 Disse
993 2220 190 58 maae
1223 2217 180 62 enten
1447 2203 166 94 strax
1653 2204 148 96 rejse

105 2298 252 96 tilbage,
407 2304 136 74 eller
589 2319 166 60 naar
801 2303 74 74 de
919 2298 120 92 har
1079 2318 222 76 megen
1321 2299 212 100 Lykke,
1577 2301 220 87 kande

99 2397 171 95 finde
313 2396 245 85 Naade
585 2395 99 96 for
716 2417 210 76 nogen
949 2396 75 94 af
1041 2394 521 104 Professorernes
1589 2403 213 99 Øjne;

100 2493 124 101 Og
286 2502 86 78 da
430 2498 196 81 bliver
684 2503 74 76 de
810 2503 136 91 lagt
990 2500 112 78 ind
1162 2518 132 74 paa
1332 2515 58 64 et
1430 2503 180 78 dertil
1656 2505 114 81 ind-

100 2614 182 62 retter
342 2596 262 98 Huns,
648 2595 104 96 for
810 2613 72 64 ar
940 2594 150 98 føde
1146 2596 446 100 Forstanden,
1652 2610 146 78 med

108 2693 306 97 Grædffe
458 2718 78 75 og
576 2695 348 100 Hebraiffe
970 2696 240 94 Gloser
1252 2719 80 74 og
1364 2697 262 98 opkogte
1646 2699 122 89 Di-

104 2791 327 99 sputatser.
534 2795 193 100 Disse
767 2817 94 60 ere
901 2818 92 56 nu
1034 2798 21 78 i
1096 2802 119 76 den
1239 2801 354 94 prægtigste
1620 2799 173 101 Vey

105 2894 74 78 til
239 2914 278 79 eengang
571 2917 68 60 at
697 2899 166 76 blive
921 2896 296 82 Støtter
1277 2894 104 99 for
1419 2897 248 84 Kirken
1709 2926 80 74 og

95 2989 290 87 Staten.
491 2992 166 87 Ved
709 3013 70 64 at
821 3008 316 84 omgaaes
1181 2994 108 102 her
1327 3003 140 78 med
1515 2999 164 100 Folk
1717 3002 82 96 af

93 3098 118 74 alle
285 3094 218 96 flags,
565 3095 378 96 forvandles
987 3102 76 74 de
1105 3092 316 101 saaledes,
1493 3117 74 64 at
1605 3103 190 89 inden

88 3187 209 106 Aaret
342 3214 64 60 er
430 3200 168 93 ude,
635 3195 120 97 skal
784 3197 190 94 ingen
1001 3195 237 96 skjænde
1262 3202 140 79 dem
1433 3193 101 98 for
1558 3197 204 87 Nord-

92 3298 232 76 mænd.
468 3292 130 89 De
670 3317 186 58 maae
926 3302 88 74 da
1082 3300 162 96 have
1306 3309 82 68 os
1450 3301 340 98 undskyldt

88 3389 400 99 Messieurs!
532 3395 110 94 saa
670 3403 192 90 længe
890 3395 322 99 Sagerne
1238 3400 206 95 saaer
1470 3415 132 80 paa
1626 3422 132 60 nær-

88 3498 288 82 værende
418 3494 221 102 Foed,
704 3495 121 84 kan
862 3495 69 103 I
970 3498 209 98 aldrig
1218 3515 185 68 vente
1436 3515 69 68 at
1530 3499 222 95 see-Uno
1668 3523 114 59 no-
