2886 4487
240 1173 37 72 /

240 1173 37 72 /

1150 424 82 66 3®
2758 452 21 26 -

1055 588 128 78 fan
1215 605 162 60 man
1431 582 124 82 ikke
1601 594 186 66 vente
1831 582 92 93 sig
1975 585 124 77 den
2147 580 382 99 Færdighed
2581 577 80 101 af
2707 596 60 66 et

1055 698 167 82 ungt
1273 677 379 98 Menneske,
1709 681 309 93 allerhelst
2077 674 151 96 efter
2279 685 121 76 den
2443 679 274 82 Maade-

1051 781 296 91 hvorpaa
1052 782 296 92 hvorpaa
1394 784 104 74 det
1546 776 234 77 læresi
1828 774 380 99 Skolerne,
2266 793 72 64 at
2384 778 132 94 han
2557 775 207 96 skulde

1048 874 213 82 kunne
1302 871 273 94 forklare
1632 873 87 93 sig
1774 872 19 78 i
1838 870 113 99 frie
2006 871 587 94 Raisotmements.
2650 874 87 84 El-

1049 980 87 72 ler
1175 970 125 79 kan
1331 971 129 93 han
1491 976 135 89 det,
1705 990 63 58 er
1827 976 103 77 det
1961 986 73 64 at
2077 954 315 115 befrygte,
2489 989 71 64 at
2621 972 141 98 diste

1048 1066 558 85 Raisonnements
1648 1085 98 61 ere
1794 1061 326 102 ligesaavel
2148 1074 304 77 udenads
2490 1069 270 99 Lectier,

1046 1166 137 94 som
1220 1165 173 96 hvad
1446 1162 131 94 han
1638 1166 283 79 reciterer
1986 1162 75 96 af
2080 1168 79 92 sit
2206 1165 551 99 Compendium,

1049 1284 82 72 og
1163 1277 70 65 at
1259 1267 64 72 al
1353 1257 296 97 Examen
1681 1264 84 78 vil
1789 1281 168 60 være
1983 1257 238 100 forbie,
2295 1260 293 95 saasnart
2619 1265 138 93 som

1045 1342 437 114 Examinator
1518 1359 176 94 viger
1736 1366 104 76 der
1854 1359 264 95 mindste
2149 1356 103 97 fra
2272 1365 100 76 det
2389 1360 369 98 Foredrag,

1052 1458 177 88 hans
1260 1452 345 84 Candidat
1644 1475 61 60 er
1736 1473 165 64 vant
1948 1459 73 79 til
2048 1460 19 76 i
2100 1456 293 83 Skolen.
2424 1496 116 19 —
2590 1459 165 87 Det

1041 1547 402 101 fornuftigste
1511 1570 122 65 var
1701 1552 208 92 altsaa
1955 1569 72 65 at
2073 1574 206 74 prøve
2329 1556 156 94 ham
2525 1557 24 78 i
2589 1557 138 81 Mo-

1055 1652 413 78 dersmaalet.
1573 1649 179 81 Men
1783 1650 119 94 ffer
1933 1654 165 79 det?
2157 1672 79 75 og
2277 1651 125 81 kan
2447 1658 103 77 det
2580 1652 121 96 skee

1038 1745 114 93 saa
1186 1750 196 89 længe
1414 1744 538 84 Modersmaalet
1984 1746 128 80 ikke
2158 1770 170 60 meer
2360 1753 236 93 dyrkes
2612 1753 20 78 i
2674 1760 80 76 de

1037 1841 256 94 larinffe
1320 1839 297 98 Skoler,
1675 1850 120 76 end
1827 1848 102 77 det
1959 1866 94 59 nu
2097 1846 198 96 giør?
2349 1888 116 16 —
2531 1847 218 101 Dog!

1043 1960 109 58 om
1183 1958 77 59 en
1311 1935 303 99 ffiønsom
1657 1939 435 97 Examinator
2131 1943 193 96 ogsaa
2381 1946 209 81 kunde
2629 1954 93 76 ud-

1034 2035 178 97 finde
1250 2051 58 62 et
1338 2035 264 82 Middel
1636 2037 68 79 til
1748 2054 72 60 at
1866 2057 244 77 prøve,
2200 2061 110 58 om
2354 2042 174 94 hans
2574 2047 150 95 Ung-

1038 2137 155 77 dom
1248 2129 207 92 havde
1512 2132 191 95 bragt
1770 2156 207 75 nogen
2034 2139 279 100 grundig
2368 2138 381 99 Kundskab

1041 2232 146 72 med
1217 2229 90 90 sig
1335 2225 20 78 i
1383 2248 76 58 en
1495 2233 142 74 eller
1663 2238 216 74 anden
1915 2231 429 99 Videnskab,
2384 2232 360 99 saa-fattes
2537 2233 208 100 fattes

1037 2321 155 95 ham
1223 2319 129 90 Tid
1382 2327 200 78 dertil.
1686 2326 96 82 At
1804 2329 354 92 examinere
2188 2329 196 96 sexten
2412 2332 332 99 Personer

1032 2419 21 79 i
1078 2420 193 92 sexten
1304 2417 453 100 Videnskaber
1792 2446 135 72 paa
1956 2447 109 61 een
2090 2426 227 97 Dag,
2374 2430 341 84 kanumue-

1033 2518 80 94 lig
1130 2514 132 114 skee
1279 2524 142 76 med
1455 2518 466 98 Grundighed.
2025 2524 192 82 Man
2243 2545 190 61 maae
2479 2532 144 79 lade
2649 2534 92 96 sig

1031 2616 145 78 nole
1203 2617 143 76 med
1381 2630 71 62 at
1489 2617 189 93 høre
1705 2624 163 75 dem.
1973 2619 177 83 Men
2195 2641 149 61 over
2369 2630 201 79 denne
2585 2629 79 97 H
2676 2650 38 60 o-

1026 2731 116 59 ren
1162 2708 162 79 blive
1358 2708 124 96 ofte
1520 2720 76 75 de
1636 2713 354 102 Dueligste
2028 2718 376 95 Subjecrer
2424 2724 287 84 ubemær-

1027 2809 186 88 kede,
1271 2825 78 74 og
1371 2812 74 76 de
1475 2813 290 93 uduelige
1795 2816 194 95 flippe
2019 2816 312 96 igiennem
2353 2826 122 76 ved
2517 2832 220 90 engod

1027 2902 465 100 Hukommelse
1519 2915 143 72 eller
1685 2908 531 103 Slumpelykke,
2287 2921 141 75 eller
2457 2918 279 86 Borne»

1024 3008 202 90 puds.
1324 2999 178 87 Den
1528 3011 192 91 eneste
1774 3006 402 103 Kundskab,
2230 3009 132 96 som
2406 3010 330 98 forundes

1026 3118 213 76 nogen
1270 3117 167 60 meer
1476 3096 129 93 Tid
1652 3112 119 74 ved
1816 3104 343 100 Examen,
2223 3129 64 58 er
2320 3113 105 79 det
2480 3119 255 97 latinske

1027 3191 276 81 Svroa.
1403 3196 176 78 Men
1611 3204 126 71 luft
1769 3210 106 66 det
1901 3204 252 73 latinlke
2207 3205 260 74 Svroa
2513 3215 222 66 æter**

240 1173 37 72 /

240 1173 37 72 /
