3005 4582
1651 443 78 46 XI

135 615 324 96 Mrepaa
475 633 110 60 een
599 609 202 84 Vei?
853 607 174 100 Han
1047 605 176 94 fetter
1245 605 578 94 Underviisningen

135 713 24 80 i
187 713 368 96 Sprogene
593 711 232 92 tilside,
909 707 286 92 hvorved
1239 703 298 82 Arbeidet
1597 723 62 58 er
1717 707 108 74 det

137 811 274 96 sværeste
435 831 134 76 paa
591 809 172 94 hans
801 803 224 94 Side,
1057 825 80 74 og
1149 803 188 94 ingen
1355 804 169 79 Ære
1553 799 98 96 for
1671 797 158 98 ham

139 925 76 62 at
245 909 228 92 vinde,
503 927 78 74 og
611 899 350 98 føffelfetter
981 903 128 84 sine
1125 899 330 96 Discipler
1487 904 139 74 med

441 1003 282 94 hvorved
755 1005 64 72 al
857 995 306 82 Arbeidet
1191 997 216 80 'bliver
1467 1003 184 76 deres
1673 1047 22 44 ,
1753 1015 80 76 og

145 1101 132 94 han
309 1101 116 88 selv
457 1097 128 78 kan
611 1115 166 58 være
795 1095 178 94 rolig.
1047 1091 180 84 Saa
1249 1113 236 76 mange
1517 1093 316 94 Definio«

141 1213 112 60 ner
285 1195 66 76 til
395 1197 120 76 den
559 1191 226 92 Dag!
837 1189 110 90 saa
997 1211 234 74 mange
1283 1189 246 94 Theses
1577 1191 68 76 til
1683 1197 154 72 den!

139 1311 80 76 og
259 1287 126 82 kan
425 1295 88 76 du
583 1291 146 76 dem
775 1283 142 82 ikke.
1313 1285 278 82 Læreren
1651 1287 190 92 horer

141 1405 80 74 og
251 1385 376 92 brummer,
695 1379 376 98 Discipelen
1115 1383 284 80 reciterer
1443 1405 78 74 og
1557 1383 282 96 ffielver;

141 1485 124 76 den
299 1501 110 58 ene
455 1483 176 78 lader
683 1477 270 98 Ørene,
1027 1485 120 74 den
1193 1487 212 76 anden
1431 1479 252 88 Næver
1725 1478 114 92 faa

141 1581 198 94 længe
373 1577 110 96 til,
535 1577 186 80 indtil
751 1575 238 82 Seetten
1033 1595 62 60 er
1125 1581 178 92 lært,
1371 1599 80 76 og
1503 1577 308 86 Candida-

143 1689 106 66 ten
265 1675 106 82 vis
407 1695 136 76 paa
599 1677 80 94 sit
709 1671 318 98 Optime
1075 1673 68 82 til
1177 1671 316 98 Examen.

293 1865 166 88 Det
493 1889 66 60 er
599 1865 205 94 altsaa
851 1887 108 62 een
975 1869 346 96 Virkning
1359 1869 76 88 af
1473 1879 122 72 den
1653 1871 192 96 første

143 1965 378 92 academiffe
551 1965 330 96 Examen,
913 1983 70 62 at
1003 1971 120 74 den
1153 1967 142 92 giør
1325 1969 276 82 Lærerne
1617 1973 18 76 i
1651 1971 168 82 Sko-

147 2071 168 76 lerne
341 2063 228 80 lunkne
599 2085 76 74 og
713 2063 302 94 magelige
1033 2065 18 76 i
1087 2071 186 72 deres
1303 2065 302 86 Embeds
1623 2069 196 98 Førel-

147 2163 94 92 se,
295 2157 166 96 fordi
492 2164 222 77 Æren
761 2165 76 86 af
875 2165 182 76 deres
1107 2163 546 100 Underviisning,
1707 2167 136 90 som

145 2261 214 76 beroer
381 2279 134 74 paa
543 2257 448 96 Disciplernes
1035 2259 288 98 Forhold
1359 2269 120 74 ved
1521 2267 290 92 Universi-

147 2373 144 64 tetet
307 2407 24 46 ,
387 2375 64 62 er
481 2377 76 58 en
597 2353 220 98 Sag,
871 2353 134 90 som
1035 2361 122 76 den
1203 2361 218 94 største
1461 2361 378 96 Stymper,

147 2461 108 74 der
289 2459 198 76 allene
518 2448 310 98 forsaaer
856 2455 81 94 sit
1519 2459 128 82 kan
1679 2465 166 82 øeele

145 2559 140 76 med
321 2557 120 76 den
475 2551 288 96 dueligste
793 2551 214 84 Lærer.

293 2747 174 80 Men
527 2753 202 76 denne
777 2747 240 94 samme
1077 2747 294 98 Examen
1431 2753 412 98 indskrænker

153 2847 206 78 endnu
373 2867 130 70 paa
519 2865 238 76 mange
783 2853 202 76 andre
1005 2845 300 86 Maader
1325 2849 196 84 Lærer
1529 2855 276 96 nesJnd-

149 2945 134 92 sigt.
385 2941 174 88 Den
587 2943 126 90 hele
745 2945 508 98 Underviisning
1301 2949 18 78 i
1361 2951 476 100 Skolegangen

151 3059 66 60 er
263 3039 152 98 stilet
445 3061 128 72 paa
603 3047 200 74 denne
835 3039 314 98 Examen.
1253 3045 178 84 Den
1473 3071 62 58 er
1557 3049 252 100 Hensig-

147 3153 108 64 ten
271 3133 78 98 af
369 3141 116 76 alle
523 3137 468 98 Skolebøger,
1047 3137 77 94 af
1655 3147 182 84 Saa

145 3233 262 92 snartet
447 3231 208 88 Barn
685 3245 224 74 træder
955 3239 110 82 ind
1095 3239 22 78 i
1137 3239 308 102 Skolen,
1497 3244 181 95 saaer

147 3327 244 100 Bøger
425 3333 20 76 i
479 3331 332 102 Hænder,
879 3335 134 94 som
1071 3337 128 96 han
1243 3341 84 80 vil
1375 3343 254 80 komme
1669 3345 68 78 til
1767 3361 74 64 at

145 3431 392 94 exæmineres
579 3429 144 102 efter
753 3441 120 78 ved
903 3433 386 90 Academiet.
1407 3439 204 104 Diste
1649 3461 192 62 maae
