2914 4443
996 640 366 98 Kundskab
1394 654 110 72 øm
1545 631 361 96 Reglerne,
1960 644 72 64 at
2087 634 75 76 de
2187 626 215 81 kunde
2461 621 129 96 læse
2620 642 82 76 og

998 743 281 96 forsaae
1312 734 422 89 Autorerne,
1792 749 108 58 om
1932 732 74 74 de
2038 732 118 74 end
2186 723 128 79 ikke
2340 723 120 92 selv
2490 723 214 78 kunde

1004 842 296 77 anvende
1324 836 144 72 dem
1498 833 144 74 med
1676 829 200 92 større
1908 821 450 97 Nøjagtighed
2394 821 22 76 i
2448 817 256 92 latinske

1002 930 386 96 Exercitier;
1458 925 132 92 han
1648 927 164 76 vilde
1868 924 248 74 overalt
2168 923 300 75 anvende
2534 932 170 61 meer

999 1028 139 86 Tid
1173 1044 132 78 paa
1344 1030 73 74 de
1451 1025 198 90 gode,
1690 1023 132 74 end
1855 1038 132 74 paa
2018 1024 75 74 de
2124 1018 179 94 flette
2334 1011 367 100 Hoveder,

999 1127 28 78 i
1053 1133 104 73 det
1185 1120 262 94 mindste
1497 1117 164 78 vilde
1717 1115 130 92 han
1891 1114 224 94 ffienke
2159 1112 142 86 hine
2367 1115 146 90 den.
2535 1107 172 95 Bd,

1003 1221 142 90 som
1179 1238 124 58 var
1337 1214 182 94 spildt
1559 1233 136 74 paa
1735 1209 178 97 disse,
1989 1230 80 74 og
2119 1210 186 94 heller
2369 1203 340 96 sysselsætte

999 1310 156 98 disse
1183 1316 144 74 med
1401 1308 222 93 Bug,
1733 1307 134 88 som
1913 1312 74 72 de
2047 1306 22 76 i
2145 1306 234 83 enhver
2439 1299 240 98 Forfat-

1000 1411 164 93 ning
1209 1408 207 78 kunde
1457 1403 167 96 have
1669 1399 217 96 Nytte
1937 1396 105 98 af,
2121 1406 123 74 end
2285 1397 215 96 tvinge
2561 1405 151 74 dem

1004 1509 182 78 imod
1216 1502 142 94 Lyst
1412 1522 76 71 og
1534 1497 216 82 Genie
1786 1497 68 76 til
1892 1500 140 90 det,
2092 1495 186 95 hvori
2328 1501 76 74 de
2446 1501 126 88 dog
2618 1498 66 74 al-

1002 1602 148 94 drig
1208 1598 206 96 ffulde
1468 1595 214 76 kunne
1752 1593 174 92 giøre
2002 1594 250 93 taalelig
2312 1589 402 98 Fremgang.

1002 1701 222 81 Kort:
1274 1694 144 96 Jeg
1448 1692 118 89 seer
1602 1687 164 98 ikke,
1838 1691 174 89 hvad
2060 1684 378 86 Academiet
2500 1687 218 76 kunde

1002 1796 159 79 råbe
1182 1798 121 74 ved
1334 1798 201 74 denne
1574 1785 441 96 Forandring.
2132 1784 163 86 Det
2340 1785 165 80 vilde
2550 1783 23 76 i
2602 1781 89 81 Al-

1003 1890 432 92 mindelighed
1511 1879 146 96 faae
1729 1881 186 80 bedre
1957 1902 78 74 og
2095 1897 332 63 muntrere
2491 1879 200 93 Tilhø-

1001 2007 178 75 rere,
1235 2006 80 72 og
1351 1990 72 76 de
1447 1982 164 93 flette
1637 1977 118 92 selv
1779 1979 162 79 vilde
1973 1978 164 80 blive
2165 1977 290 96 flittigere
2473 2001 78 72 og
2574 1980 115 77 lær-

999 2082 408 94 Viklligerexs·s

1166 2272 144 94 Jeg
1338 2272 120 92 har
1498 2271 208 80 kaldet
1736 2275 122 76 den
1906 2268 380 95 academiffe
2332 2267 298 96 Examen
2660 2284 62 62 et

1010 2369 280 83 Baand
1328 2388 134 70 paa
1508 2365 526 82 Skolelærernes
2086 2364 288 95 Troffab
2404 2387 80 74 og
2526 2365 194 98 Flid,

1002 2486 97 73 dog
1128 2480 56 62 et
1214 2460 266 84 Middel
1518 2463 70 78 ril
1616 2477 72 62 at
1716 2459 258 94 forsikre
1994 2462 458 80 Skolarkerne
2480 2483 108 56 om
2620 2464 102 79 des-

1009 2570 116 69 res
1176 2559 549 92 Underviisnings
1796 2558 413 94 Redelighed.
2342 2557 383 98 Hvorledes

1019 2659 128 76 kan
1159 2658 100 92 jeg
1283 2662 84 74 da
1390 2655 181 96 ene
1599 2659 122 74 den
1745 2655 330 95 ophævet,
2107 2676 168 58 naar
2291 2657 98 94 jeg
2425 2655 126 80 ikke
2569 2664 152 74 veed

1011 2768 200 78 noget
1255 2756 196 74 andet
1505 2749 262 82 Middel
1829 2766 72 62 at
1937 2750 150 92 sette
2129 2752 18 76 i
2219 2754 296 93 Stedet,
2587 2753 136 90 som

1015 2849 216 77 kunde
1257 2866 172 60 være
1465 2847 18 74 i
1523 2853 104 72 det
1671 2847 268 95 mindste
1995 2846 224 96 ligesaa
2267 2849 272 92 virksom
2591 2851 130 96 hos

1013 2943 323 91 Lærerne,
1403 2942 133 90 som
1581 2941 299 92 Frygten
1923 2940 103 92 for
2077 2948 499 95 Universitetet?
2607 2989 115 19 —

90 3261 100 68 '»>
1170 3230 68 94 I
1284 3230 512 97 Almindelighed
1852 3249 172 63 troer
2090 3234 98 98 jeg
2226 3237 164 100 ikke,
2446 3257 70 64 at
2562 3261 164 62 man

1018 3321 284 91 behøver
1368 3347 237 78 mange
1668 3323 515 103 Tvangsmidler
2240 3334 99 93 for
2408 3355 73 62 at
2544 3341 183 92 holde
