2913 4517
1083 678 366 92 Roelighed
1495 672 124 78 kan
1659 667 218 100 opofre
1913 675 78 88 sit
2033 673 106 82 Liv
2185 674 70 78 ril
2291 674 468 95 Studeringer.

1087 777 178 85 Eller
1333 776 120 90 stal
1497 769 282 96 maaskee
1819 777 118 74 den
1983 773 106 96 her
2133 771 426 85 Studerende
2595 777 146 92 Ung-

1093 883 156 72 dom
1321 892 166 58 være
1559 873 222 95 gidsler
1851 869 100 94 for
2041 879 178 72 deres
2297 872 470 82 Landsmænds

1089 972 332 96 troeskab?
1495 970 112 84 O!
1663 969 140 98 disse
1845 991 92 60 ere
1977 971 126 80 kun
2151 978 118 74 den
2295 974 264 90 mindste
2587 972 178 83 Deel

1095 1071 81 94 af
1221 1075 273 81 Laudets
1539 1070 299 97 Styrke;
1915 1093 81 74 og
2039 1073 97 92 jeg
2177 1092 65 58 er
2281 1070 357 98 forsikkret,
2699 1087 69 64 at

1098 1195 166 58 naar
1306 1170 296 82 Neroner
1648 1193 78 72 og
1766 1169 436 84 Domitianer
2240 1170 144 80 kom
2426 1172 68 78 til
2534 1190 74 61 at
2650 1171 90 90 sid-

1094 1279 74 76 de
1202 1294 130 74 paa
1372 1276 129 93 den
1524 1264 280 99 Danske
1846 1265 268 94 Throne
2154 1270 18 76 i
2207 1269 227 97 fra-den
2460 1266 104 96 for
2590 1268 180 89 Titer

1086 1395 80 74 og
1202 1373 346 95 Auguster,
1588 1371 194 88 vidste
1828 1369 150 88 hver
2022 1371 172 93 ærlig
2232 1366 430 95 Nordutaud,
2690 1368 72 95 ak

1094 1475 130 92 han
1252 1472 272 94 skyldede
1568 1472 78 90 sir
1670 1470 456 97 Fædreneland
2154 1472 118 76 end
2316 1490 82 72 og
2438 1466 168 84 Livet
2630 1467 136 90 selv.

1086 1573 175 80 Men
1303 1574 242 74 overalt
1589 1576 160 73 derte
1794 1571 119 92 har
1950 1569 155 76 intet
2144 1566 255 94 Stæd;
2450 1566 181 93 Dog
2677 1573 88 72 da

1091 1679 202 74 denne
1345 1666 258 98 Aarsag
1683 1663 78 96 af
1833 1671 74 74 de
1963 1665 308 81 indbildte
2325 1662 418 97 Stats-Kyn-

1091 1773 140 92 dige
1273 1772 180 92 idelig
1507 1764 294 99 anføres,
1849 1769 120 90 har
2007 1765 98 96 jeg
2149 1766 48 90 ej
2241 1780 270 66 maattet
2549 1783 194 76 mang-

1091 1877 50 74 le
1187 1886 70 64 at
1303 1866 254 92 besvare
1603 1866 216 85 Dem.
1869 1907 128 14 —

1306 2066 202 84 Vore
1564 2064 140 93 visse
1746 2063 276 98 Konger
2064 2087 78 73 og
2190 2068 74 74 de
2310 2066 162 94 store
2514 2062 258 99 Mænd,

1088 2171 132 90 som
1280 2172 198 92 haver
1532 2181 192 64 været
1784 2171 142 72 med
1994 2167 18 76 i
2056 2168 224 76 raadet
2320 2168 70 76 til
2430 2180 72 62 at
2544 2159 226 94 Stifte

1086 2289 80 74 og
1228 2264 428 94 vedligeholde
1710 2279 58 64 et
1826 2263 340 82 Academie
2226 2266 18 74 i
2320 2259 450 89 Dannemark

1088 2391 80 72 og
1224 2366 122 80 ikke
1402 2370 20 72 i
1478 2362 238 98 Norge
1768 2363 120 96 har
1942 2359 244 96 derfore
2228 2362 116 94 vift
2390 2358 140 100 haft
2572 2367 200 74 andre

1085 2465 346 95 Aarsagen
1532 2462 119 84 Vi
1716 2461 121 88 har
1890 2465 159 76 altid
2106 2458 141 100 haft
2302 2460 269 96 Konger
2618 2457 153 96 hvis

1087 2567 144 92 visse
1289 2588 80 72 og
1433 2562 314 95 Naadige
1785 2561 352 96 Regiering
2183 2560 118 96 har
2343 2574 192 64 været
2573 2556 196 87 Dem

1087 2667 242 93 borgen
1369 2662 102 96 for
1511 2663 572 92 Undersaarrernes
2123 2659 420 95 Kjærlighed.
2645 2655 128 86 De

1089 2765 120 98 har
1267 2764 246 94 derfore
1565 2784 70 76 ey
1702 2764 221 77 tvivler
1981 2781 106 58 om
2129 2765 72 73 de
2241 2758 290 96 Norskes
2575 2754 173 110 Troe-

1085 2863 143 95 ikab
1301 2882 199 60 meere
1553 2870 121 72 end
1733 2883 124 56 om.
1905 2867 73 76 de
2029 2858 336 98 Dauffes.
2491 2856 168 82 Men
2701 2859 72 76 de

1096 2965 118 88 har
1274 2963 296 92 maaskee
1614 2960 308 96 forestillet
1986 2961 92 94 sig
2134 2976 70 62 at
2246 2954 526 100 Vtdenffaberne

1084 3067 166 80 vilde
1292 3068 120 74 ved
1460 3062 190 94 begge
1708 3059 368 84 Nationers
2118 3078 134 74 paa
2294 3074 56 62 et
2394 3054 210 86 Stæd
2644 3049 97 101 foe-

1082 3156 703 107 eenedejKrcefterfdes
1342 3158 290 94 Kræfter
1668 3166 116 77 des
1822 3161 204 80 bædre
2070 3158 364 94 ophjelpes;
2486 3154 92 82 At
2614 3149 120 100 Fol-

1086 3263 186 80 kenes
1322 3258 380 96 forskjællige
1744 3258 618 96 Beqvemmelighed
2398 3258 70 78 til
2488 3250 256 100 forskjæk-

1082 3365 121 90 lige
1266 3358 455 94 Videnskaber
1776 3361 143 78 ville
1978 3357 159 92 tjene
2186 3362 73 74 til
2296 3354 239 86 Deres
2576 3350 195 97 fælles

1083 3457 370 99 fremvæxr;
1505 3455 101 103 Alt
1643 3464 106 74 det
1785 3467 176 70 eenes
2001 3454 303 102 For-deele
2343 3456 142 78 ville
2523 3454 242 93 erstatte

1085 3565 104 78 der
1229 3566 236 74 anders
1507 3554 366 99 Mangeler.
1991 3555 236 90 Tilden
2273 3576 82 76 og
2395 3545 376 105 opfyldelsen

2651 3647 116 90 har
