2794 4455
1005 633 78 80 de
1131 639 160 66 man
1351 619 286 96 herimod
1695 633 156 58 vore
1913 611 236 84 Lærere
2213 631 80 76 og
2335 607 378 102 Discipler!

1001 725 266 90 Mange
1295 715 76 96 af
1389 723 74 70 de
1489 711 192 96 første
1711 711 258 78 arbeide
1993 713 210 76 under
2235 711 183 96 langt
2447 693 238 110 fordel-

999 819 282 98 agtigere
1295 813 302 82 Vilkaar
1613 815 120 76 end
1753 813 76 76 de
1865 805 284 96 Tydste;
2205 813 76 76 de
2311 811 166 90 fleste
2507 807 182 80 arbei-

1001 925 76 72 de
1109 915 124 78 ikke
1265 919 120 74 den
1421 909 188 96 halve
1641 902 138 110 Tid
1831 925 136 70 paa
2023 907 466 92 Ungdommen
2533 907 180 80 inrod

999 1013 176 94 hine;
1229 1011 184 92 nogle
1439 1005 256 82 arbeide
1723 1001 192 80 ikkun
1953 1005 104 76 det
2075 1003 186 94 halve
2295 1003 146 80 Aar
2475 1003 20 78 i
2509 1001 174 84 Sko-

999 1115 144 88 len,
1199 1127 80 72 og
1317 1107 164 92 have
1509 1109 108 74 det
1669 1103 196 78 ander
1917 1097 188 96 halve
2145 1099 146 82 Aar
2339 1103 242 78 aldeles
2639 1101 72 82 ril

995 1211 186 76 deres
1215 1217 134 80 eget
1379 1199 260 96 Brug;
1695 1219 78 72 og
1823 1201 126 90 dog
2001 1195 124 96 stal
2179 1219 164 58 man
2383 1197 124 94 ofte
2555 1195 156 98 hore

997 1307 206 88 endog
1257 1295 78 96 af
1395 1297 144 96 disse
1599 1299 218 90 sidste,
1873 1309 72 64 at
1993 1293 180 98 klage
2221 1315 150 60 over
2419 1305 108 74 det
2569 1295 142 92 sure

997 1397 518 96 Skolearbejde,
1589 1411 72 60 at
1694 1390 183 108 one
1933 1393 92 94 sig
2065 1391 350 96 asipændte
2479 1391 78 96 af
2607 1399 108 76 der

997 1491 446 98 haardeAag,
1499 1497 108 76 der
1643 1489 250 94 trykker
1923 1495 182 76 deres
2127 1491 354 96 Skuldre,
2537 1507 176 80 ogat

997 1593 176 96 giøre
1187 1593 90 94 sig
1311 1593 220 92 Umag
1547 1586 112 95 for
1703 1603 74 64 at
1803 1587 272 96 udfinde
2105 1587 578 98 Latinst-Danste-

999 1687 274 100 Flostler
1305 1689 68 78 ril
1417 1701 74 64 at
1521 1686 266 94 beskrive
1819 1689 184 78 deres
2037 1683 348 84 Slaverie.
2501 1685 208 98 Hvor

997 1803 240 78 mange
1254 1781 87 96 af
1521 1785 178 94 giøre
1713 1785 92 92 sig
1850 1782 318 92 bekjendte
2195 1791 120 74 ved
2343 1767 308 110 Skrifter
2673 1789 38 76 ?

995 1905 84 74 og
1105 1901 166 60 naar
1301 1901 162 60 man
1495 1891 190 80 horer
1717 1885 144 76 dem
1903 1885 124 78 tale
2063 1885 274 92 derom,
2391 1883 178 94 giver
2609 1889 74 74 de-

991 1991 112 68 res
1137 1979 484 82 Skolearbejde
1665 1987 146 74 dem
1863 1977 190 92 ingen
2097 1977 132 86 Bd
2273 1981 202 80 dertil.
2587 1979 126 100 Og

997 2095 94 62 nu
1125 2093 152 60 vore
1303 2073 364 92 Discipler!
1721 2069 486 98 Skolegangen
2237 2073 196 96 koster
2451 2083 148 74 dem
2617 2079 66 80 in-

999 2187 130 78 tet,
1185 2177 72 74 de
1283 2171 166 94 fleste
1489 2169 150 94 faae
1671 2173 206 90 endog
1923 2167 396 98 Belønning
2349 2171 22 76 i
2409 2171 272 96 Stipen-

995 2269 130 78 dier
1165 2287 78 76 og
1277 2267 376 96 Beneficier
1693 2263 278 94 foruden
2019 2273 120 72 den
2163 2263 114 94 frie
2327 2271 352 78 Underviis-

997 2367 172 92 ning.
1271 2363 122 94 Og
1441 2367 154 94 dog!
1665 2367 144 76 med
1849 2361 246 90 hvilken
2143 2367 182 90 Ulyst
2369 2365 220 100 besøge
2633 2375 76 74 de

995 2461 128 82 ikke
1159 2459 306 96 Skolen,
1523 2483 80 76 og
1639 2461 166 94 hvor
1847 2455 345 98 fornødne
2229 2465 170 90 sidde
2447 2471 74 76 de
2565 2471 142 76 der!

997 2565 76 76 de
1101 2557 158 92 beste
1287 2553 78 98 af
1397 2563 146 74 dem
1597 2559 176 94 giøre
1815 2555 126 82 ikke
1987 2575 179 75 meerti
2253 2565 120 74 end
2405 2561 176 96 hvad
2631 2569 78 76 de

997 2657 122 76 bør
1145 2655 210 94 giøre,
1415 2675 80 76 og
1527 2661 120 74 den
1695 2657 376 92 allerstørste
2123 2655 188 84 Deel
2353 2659 144 92 giør
2543 2663 162 80 intet

995 2757 172 72 uden
1209 2749 246 96 Tvang
1501 2773 78 74 og
1619 2751 396 98 Haardhed.
2127 2751 374 106 Lovbeden,
2567 2755 138 98 som

997 2867 64 60 er
1089 2863 190 78 noget
1311 2845 204 92 uhorr
1547 2851 18 76 i
1611 2871 74 56 en
1721 2849 176 94 tydst
1947 2847 266 98 Skole,
2263 2871 70 58 er
2379 2875 76 60 en
2499 2855 168 100 Pest
2685 2853 20 84 i

993 2963 154 62 vore
1167 2941 260 98 danste,
1513 2967 80 74 og
1613 2945 246 98 Forlov
1881 2965 64 60 er
1979 2953 122 74 den
2123 2949 218 94 største
2393 2949 282 102 Velgjer-

995 3043 156 92 ning
1167 3091 22 44 ,
1245 3059 78 58 en
1343 3043 190 94 danst
1559 3041 300 96 Discipel
1889 3043 128 80 kan
2055 3049 184 88 nyde.
2345 3047 212 100 Frygt
2599 3049 106 96 for

993 3137 234 82 Lærere
1241 3155 78 74 og
1337 3135 378 86 Academiet
1751 3159 62 60 er
1843 3147 104 76 det
1973 3143 194 92 eneste
2211 3141 240 86 Moriv
2479 3149 126 96 hos
2629 3155 76 78 de

992 3235 171 97 flese
1195 3233 70 78 til
1297 3229 368 102 Flittighed.
1767 3235 248 96 Deraf
2037 3237 286 86 kommer
2357 3251 166 74 delte
2552 3267 99 68 ne-

991 3332 232 93 llxagnt
1325 3329 312 100 enfoldige
1687 3355 78 74 og
1811 3335 356 96 pedantiste
2217 3337 290 102 Væsen,
2561 3343 142 92 som

995 3427 256 96 hænger
1279 3431 120 76 ved
1431 3435 74 78 de
1539 3433 168 96 fleste
1737 3437 182 78 deres
1963 3431 252 88 Livstid
2239 3489 26 50 ,
2325 3461 78 76 og
2443 3441 260 96 hindrer

2527 3547 76 76 de
