2937 4495
1714 482 88 57 Il

132 664 138 95 dige
326 659 456 102 Iagttagelser.
906 659 130 86 De
1088 655 352 98 forskjellige
1490 652 292 80 Maader-

117 767 146 86 Paa
131 780 134 74 paa
320 764 199 95 hvilke
574 761 275 82 Landets
920 760 435 97 Indbyggere
1429 773 186 61 mane
1668 749 145 97 søge

127 862 215 84 Livets
405 861 563 94 Underholdning,
1023 857 404 94 underkaster
1489 860 140 76 dem
1685 847 128 97 for«

130 962 256 97 stjellige
430 960 464 95 Sygdomme,
940 959 130 94 som
1114 978 94 58 ere
1234 957 250 79 mindre
1506 951 314 94 bekjendte

134 1082 83 76 og
262 1083 161 58 mere
463 1059 256 95 Faldne-,-
764 1064 117 76 end
930 1065 73 76 de
1042 1063 111 73 der
1186 1053 177 92 reiser
1404 1056 95 92 sig
1538 1048 273 99 afKjø«

133 1162 342 85 benhavns
553 1159 168 92 tykke
799 1158 146 95 Luft
1027 1178 80 74 og
1177 1156 392 92 uordentlige
1637 1151 152 80 Leve-

132 1267 248 73 maade.
481 1256 175 85 Den
695 1263 21 78 i
755 1258 355 84 Gruberne
1150 1276 82 75 og
1277 1249 543 97 Biergværkerne

132 1382 81 72 og
268 1359 79 96 af
398 1363 341 91 fieere.end
780 1382 105 58 een
930 1356 397 96 Elendighed
1382 1350 432 80 overvældede

125 1458 450 97 Biergmand,
617 1465 118 74 den
779 1457 428 93 vindffibelige
1245 1451 284 93 Arbejds
1557 1445 260 95 Mand,

123 1558 137 92 som
299 1563 21 76 i
361 1557 331 96 Skoven,
763 1580 135 74 paa
935 1555 275 98 Havet,
1251 1573 131 72 paa
1419 1556 73 74 de
1533 1546 281 96 farligste

126 1657 226 94 Veje,
396 1661 164 91 hvor
600 1655 474 100 Fornødenhed
1112 1660 228 87 drager
1384 1651 200 90 ham,
1638 1665 150 60 over-

122 1754 217 100 faldes
379 1756 78 96 af
497 1762 74 74 de
609 1755 480 96 usædvanligste
1104 1750 315 97 Bifælde,
1460 1746 145 97 disse
1627 1764 190 61 maae

127 1859 185 78 altiid
365 1876 133 74 paa
537 1856 281 94 Mangel
855 1851 81 98 af
987 1851 249 97 erfarne
1275 1843 542 88 Mands-Raad
1601 1843 217 84 Raad

128 1962 156 74 ende
324 1971 56 64 et
422 1959 234 92 nyttigt
690 1953 146 99 Liv,
898 1975 164 58 naar
1120 1958 72 76 de
1232 1949 332 94 erfarneste
1608 1943 206 95 Læger

132 2054 111 96 her
294 2057 305 89 arbeyder
658 2074 133 75 paa
846 2070 71 62 at
974 2055 183 94 holde
1210 2050 169 81 Livet
1434 2048 21 78 i
1504 2044 313 95 Jordens

127 2154 278 93 Byrder
439 2176 79 74 og
555 2152 402 94 Menniffers
977 2151 284 95 Afffum.
1369 2145 204 81 Naar
1603 2147 118 74 den
1743 2136 84 100 af

128 2254 328 91 Kaadhed
496 2250 402 96 forfuulnede
940 2251 306 95 Skjøge,
1310 2253 118 76 den
1478 2242 78 95 af
1601 2241 177 82 Lider-

126 2356 203 98 lighed
368 2353 423 96 forraadnede
830 2350 575 90 Sviire-Broder,
1454 2368 75 56 en
1552 2347 19 76 i
1592 2341 189 86 Dan-

125 2452 100 96 sen
287 2451 246 99 sprengt
591 2451 516 96 Spradebasse,
1167 2456 138 74 eller
1359 2449 22 78 i
1439 2444 348 94 Rendestee-

126 2576 124 59 nen
303 2575 131 59 nær
498 2553 402 80 omkommen
955 2549 515 88 Drukkenboldt
1523 2546 107 95 her
1691 2549 93 89 leg-

126 2666 114 84 ges
278 2657 110 76 ind
428 2676 128 70 paa
598 2653 435 98 Hospitaler,
1098 2659 308 87 opvartes
1448 2650 142 75 med
1632 2641 150 86 Om-

131 2754 402 96 hyggelighed
593 2753 76 90 af
721 2757 74 75 de
853 2752 298 94 dueligste
1191 2748 206 97 Læger
1455 2768 80 76 og
1591 2753 220 88 pleyes

129 2858 145 76 med
315 2859 73 74 de
429 2852 177 97 bæste
647 2855 437 93 Lægemidler,
1133 2869 187 59 maae
1357 2855 109 75 der
1505 2854 121 78 den
1665 2860 119 80 nyt-

128 2954 174 92 tigste
362 2951 178 87 Deel
592 2953 78 96 af
720 2959 102 75 det
882 2950 460 96 Menneskelige
1394 2948 232 97 Kjon,
1686 2951 122 75 den

128 3050 479 94 Arbeidsomme
645 3056 254 94 nemlig,
942 3051 87 94 see
1068 3052 93 96 sig
1201 3048 398 98 underkastet
1641 3050 144 79 utal-

129 3154 119 94 lige
307 3149 247 101 Farer,
647 3175 79 76 og
789 3157 294 78 overladt
1139 3150 73 82 ril
1269 3169 107 62 een
1435 3149 378 79 omløbende

122 3251 460 94 Qvakfalvers
606 3259 132 76 eller
766 3251 468 98 ubarmhjertig
1250 3248 562 101 Hæste-Docters

122 3352 211 84 Cuur.
446 3351 203 96 Disse
686 3373 151 63 vore
880 3350 601 96 Medynksomheds
1522 3351 281 91 værdige

117 3450 487 117 Lande-Mænd
699 3453 310 95 Arbejder
1055 3449 104 95 for
1199 3467 70 64 at
1303 3446 282 99 forskaffe
1607 3455 204 73 andre

123 3558 75 76 de
233 3550 457 103 Riigdomme,
751 3552 133 94 som
939 3551 317 87 Naturen
1319 3553 121 96 har
1480 3547 260 96 nedlagt
1787 3552 21 74 i

1600 3647 208 96 Bjer-
