3005 4582
1673 439 87 73 17

143 611 78 78 de
255 605 354 98 Dueligste
635 605 208 82 iblant
875 609 144 78 dem
1051 599 106 98 fra
1185 617 74 66 at
1285 599 116 96 vise
1429 609 180 76 deres
1621 601 184 88 Due-

141 707 244 96 lighed,
445 725 80 76 og
559 705 142 96 give
735 707 72 76 de
841 701 202 100 Folk,
1099 707 74 76 de
1211 701 250 80 komme
1493 705 18 76 i
1537 703 298 94 Selstad

143 811 186 88 med,
385 823 78 60 en
487 809 124 88 god
645 799 224 88 Tanke
909 821 108 58 om
1043 805 182 76 deres
1257 797 278 100 Indsigt
1571 823 78 76 og
1671 803 130 80 Lær-

143 907 178 76 dom.
427 899 186 80 Man
686 897 83 92 see
829 917 76 60 en
961 917 138 74 ung
1129 895 288 96 Danst,
1475 921 76 72 og
1585 923 72 54 en
1695 921 140 74 ung

145 999 216 98 Tydst
415 995 430 82 Studerende
895 997 18 76 i
951 991 291 96 Selskab
1281 1001 142 72 med
1481 993 354 98 hinanden!

147 1097 178 84 Den
359 1095 172 94 sidste
557 1095 124 78 kan
723 1093 140 80 vide
891 1107 202 80 meget
1127 1093 182 94 lidet,
1369 1115 78 72 og
1493 1101 124 88 dog
1649 1093 186 94 si-nes

145 1207 200 80 meget
391 1193 186 92 lærd,
632 1192 165 77 naar
827 1195 120 74 den
983 1189 228 96 første,
1267 1173 132 108 fom
1428 1192 374 92 maner-seede-

136 1290 202 96 sidder

1733 1193 70 78 be-

137 1293 202 94 sidder
375 1287 172 96 hiins
565 1285 366 101 Kundskab
977 1287 298 96 dobbelt,
1345 1287 126 80 kan
1515 1287 186 96 synes
1754 1310 85 59 en

147 1385 204 94 Idiot
375 1387 174 78 imod
587 1385 174 94 ham.
863 1385 218 98 Hvad
1119 1405 62 60 er
1213 1383 384 100 Aarsagen.2
1651 1385 96 84 D
1763 1409 68 58 ur

135 1483 246 98 Tydste
409 1485 156 96 siger
597 1485 90 78 ud
711 1487 64 76 al
813 1487 100 76 der
937 1481 292 96 lider.han
1261 1487 184 90 veed;
1477 1488 228 84 den-O

257 1603 62 58 er
349 1581 208 94 bange
581 1577 100 96 for
703 1597 74 62 at
803 1581 124 94 sige
955 1585 200 90 endog
1189 1585 142 92 det,
1367 1581 462 98 hanbestveed.

137 1677 178 86 Den
341 1675 192 98 forste
588 1673 508 97 opmuntrer-as
1021 1675 76 96 af
1131 1675 140 96 Lyst
1291 1679 68 78 til
1419 1695 72 62 at
1541 1679 286 100 behage,

135 1783 124 74 den
289 1781 212 74 anden
549 1775 222 94 holdes
817 1775 232 94 tilbage
1079 1771 74 96 af
1179 1775 218 96 Frygt
1439 1773 100 90 for
1571 1795 70 62 ac
1673 1779 128 78 mis-

139 1873 178 96 hage.
415 1869 180 86 Den
645 1869 192 98 første
881 1871 124 80 kan
1055 1871 330 96 havelært
1433 1873 182 98 lider;
1681 1893 150 62 men

141 1971 134 94 han
303 1971 120 96 har
453 1973 136 76 lært
617 1973 100 76 det
745 1989 132 74 paa
903 1967 244 94 saadan
1163 1989 74 60 en
1263 1967 300 100 Maade,
1619 1987 68 62 at
1701 1973 138 92 han

137 2068 346 92 srax-veed
509 2083 72 64 at
607 2063 134 98 føre
785 2067 86 94 sig
905 2073 102 74 det
1053 2067 68 80 til
1159 2065 248 96 Nytte;
1461 2073 122 72 den
1619 2073 214 76 anden

143 2163 124 78 kan
297 2165 136 78 vide
461 2182 204 75 meget
757 2183 146 58 men
951 2161 130 96 han
1133 2161 278 96 behøver
1449 2161 130 90 Tid
1619 2161 102 92 for
1755 2181 76 66 at

141 2261 246 80 udvikle
415 2269 134 88 det,
621 2283 78 74 og
735 2261 174 96 giøre
971 2267 100 74 det
1117 2261 340 94 brugbart.
1561 2259 160 86 Det
1761 2281 64 62 er

133 2360 273 95 daarligt
445 2375 70 64 at
555 2355 142 100 føge
737 2359 336 82 Grunden
1115 2359 66 78 til
1241 2363 198 80 denne
1481 2357 272 100 Forstiel
1807 2363 20 78 i

135 2451 364 100 Forstiellen
525 2453 76 98 af
619 2461 100 76 det
745 2455 204 96 tydste
983 2477 78 74 og
1087 2455 272 96 nordiste
1389 2455 240 84 Clima.
1681 2459 142 98 Jeg

135 2573 62 56 er
223 2557 106 76 vis
373 2575 168 76 paa,
595 2569 74 64 at
703 2559 74 76 de
801 2553 278 90 Danste
1095 2551 188 96 fødes
1311 2553 222 98 ligesaa
1561 2575 262 62 muntre

139 2651 66 78 til
237 2651 280 82 Verden
551 2649 132 96 som
717 2657 72 76 de
825 2649 284 100 Tydste;
1179 2651 370 98 Forstiellen
1593 2673 62 58 er
1697 2655 96 96 hel-

137 2751 84 74 ler
253 2749 120 78 ikke
401 2749 106 92 saa
557 2751 126 94 ftor
741 2749 272 80 imellem
1053 2757 118 74 den
1215 2749 218 98 danste
1481 2771 76 76 og
1613 2751 208 96 tydste

137 2843 274 92 Almue,
463 2847 132 92 som
623 2847 272 80 imellem
922 2852 123 92 den
1073 2847 222 96 danste
1327 2869 78 76 og
1435 2847 202 95 tydske
1653 2849 134 82 Lær-

131 2947 94 65 de.
325 2943 326 69 Grunden
681 2965 62 47 er
773 2945 134 67 blot
939 2945 18 67 i
985 2947 578 65 llndervnsninnsn
1637 2927 180 85 Den
