2949 4520
1661 513 102 60 21

105 669 300 98 Skafter
491 695 78 74 og
637 677 366 94 grundigste
1063 673 464 98 Undersøgelser
1575 681 22 74 i
1649 683 120 76 alle

99 773 496 96 Videnskaber,
645 795 78 78 og
785 779 118 72 den
947 781 148 74 ædle
1139 775 236 96 Frihed
1427 773 130 92 som
1595 779 176 90 giver

99 871 530 96 Studeringerne
671 877 76 90 sit
791 873 128 92 Liv,
965 875 118 90 har
1123 875 170 90 siden
1339 873 190 96 bragt
1569 873 170 94 Upsa-

101 975 68 76 la
231 975 68 78 til
359 993 72 56 en
474 970 278 97 Ogd
817 969 130 92 som
993 977 102 76 det
1133 977 168 74 uden
1341 973 428 82 Emulation

97 1089 200 76 neppe
341 1073 202 90 havde
583 1087 288 78 opnaaet.

311 1169 166 80 Men
537 1173 72 72 de
669 1167 118 90 vise
843 1167 408 82 Academiets
1325 1167 292 94 Stiftere
1685 1189 84 80 og

97 1263 562 98 Videnskabernes
731 1265 376 98 Beffyttere
1173 1269 120 94 har
1349 1268 274 93 maaskee
1679 1291 88 74 og

101 1363 138 96 haft
279 1387 70 54 en
379 1371 208 74 anden
617 1365 268 96 Aarsag.
967 1365 130 86 De
1131 1367 118 96 har
1274 1366 275 97 maaskee
1577 1383 190 80 troet,

93 1481 70 62 at
179 1481 54 62 et
249 1463 334 82 Academie
601 1465 202 80 kunde
819 1485 162 58 være
999 1467 120 78 nok
1143 1463 100 96 for
1261 1465 188 96 begge
1475 1465 290 96 Rigerne

95 1583 80 72 og
215 1567 222 76 tvende
465 1567 162 76 vilde
645 1567 280 78 derimod
945 1565 126 78 kun
1085 1581 162 62 være
1265 1567 68 76 til
1347 1567 194 92 større
1569 1567 196 90 byrde

95 1683 82 74 og
203 1659 450 98 Omkostning.
729 1663 182 78 Man
934 1661 176 92 skulle
1131 1661 200 92 altsaa
1347 1679 132 62 troe
1497 1681 68 60 at
1581 1663 186 88 hvad

107 1775 58 62 et
217 1757 380 84 Academies
653 1759 310 94 oprettelse
1011 1763 22 74 i
1075 1757 232 94 Norge
1365 1759 164 76 vilde
1579 1757 194 96 koste,

95 1863 104 74 det
255 1857 202 94 ffulde
511 1875 164 60 være
725 1857 224 94 sparet.
1085 1855 140 96 Jeg
1279 1855 86 78 vil
1405 1855 48 90 ej
1499 1855 270 96 opholde

93 1957 132 94 mig
285 1959 142 76 med
489 1971 70 62 at
603 1957 386 94 undersøge,
1067 1953 304 88 hvorvidt
1421 1957 160 76 dette
1643 1953 126 92 har

93 2055 234 78 kundet
389 2055 158 92 have
607 2055 148 96 ftæd
811 2055 18 76 i
889 2061 118 72 den
1069 2033 448 112 sorbiegangne
1575 2047 196 100 Did;

95 2173 146 58 men
291 2167 68 64 at
419 2157 102 72 det
563 2173 78 74 og
687 2149 258 100 herefter
985 2151 124 80 kan
1153 2149 218 96 gjælde
1411 2153 102 74 det
1551 2149 220 94 ønffer

97 2251 92 96 jeg
235 2269 68 60 at
343 2247 82 94 see
467 2249 208 94 bevist.
783 2247 138 100 Jeg
965 2267 166 62 troer
1147 2265 70 60 at
1231 2265 56 60 et
1307 2247 336 84 Academie
1663 2269 98 56 nu

99 2349 196 80 kunde
331 2353 300 90 anlegges
675 2369 78 76 og
799 2353 238 94 vedlige
1079 2349 222 86 holdes
1343 2353 168 72 uden
1553 2367 212 74 nogen

95 2445 206 98 følelig
339 2447 432 98 Omkostning
811 2445 102 96 for
957 2449 286 82 Staten.
1347 2445 110 96 Ja
1495 2449 96 90 jeg
1629 2443 106 92 sæt-

95 2563 116 76 ter,
237 2565 118 62 vor
385 2547 298 94 dyrebare
719 2547 240 96 Konge
987 2545 80 94 af
1079 2541 466 98 landsfaderlig
1585 2541 148 86 Om-

97 2643 138 96 sorg
277 2651 158 74 vilde
457 2647 136 92 give
619 2669 72 56 en
711 2647 328 96 Kongelig
1063 2645 202 84 Gave
1293 2647 68 76 til
1393 2661 58 60 et
1489 2643 276 88 saadant

101 2741 394 96 Værk,-eller
519 2761 68 62 at
611 2753 70 72 de
707 2745 130 92 som
863 2747 240 80 kiender
1127 2763 78 76 og
1233 2765 150 58 ærer
1399 2741 338 96 Videnska-

103 2843 230 94 berne,
377 2843 132 78 blev
547 2851 344 76 anmodede
931 2867 108 56 om
1081 2859 74 64 at
1175 2845 384 90 understøtte
1583 2845 186 76 deres

99 2939 356 98 Opkomst,
513 2943 192 94 ffulde
761 2953 72 72 de
875 2945 338 100 Fordeele,
1255 2943 68 78 vi
1363 2939 188 94 deraf
1583 2945 182 76 torde

95 3045 138 74 love
273 3051 104 84 os,
413 3061 68 74 ey
523 3043 156 80 blive
719 3043 108 100 saa
867 3043 332 96 anseelige,
1235 3059 70 62 ar
1333 3045 70 74 de
1425 3041 164 80 vilde
1619 3041 144 94 give

93 3139 232 82 Landet
367 3161 80 76 og
489 3139 254 86 Staren
785 3165 76 60 en
899 3141 432 96 fuldkommen
1357 3137 400 98 Erstatning.

93 3235 172 86 Var
293 3245 104 74 det
431 3243 174 90 intet,
637 3261 68 60 ar
735 3265 70 58 en
827 3243 152 96 Egn
999 3249 138 74 eller
1161 3263 72 60 en
1255 3239 206 84 Stad
1483 3239 20 76 i
1533 3235 234 96 Norge

95 3341 224 78 derved
339 3339 202 80 kunde
557 3341 140 94 faae
713 3347 140 94 flere
871 3341 478 98 Næringsveje,
1367 3343 146 90 flere
1525 3337 242 94 duelige

98 3435 277 105 III-spildes
433 3439 354 100 Levebrod,
847 3465 62 58 er
951 3449 100 76 det
1093 3441 120 82 ikke
1251 3437 306 84 Starens
1597 3433 167 114 For-·

319 3543 176 80 torde
537 3561 156 62 man
733 3543 116 80 ikke
891 3543 248 98 haabe,
1197 3557 68 64 at
1307 3539 84 82 see
1425 3535 276 86 Landets
1741 3533 26 78 i

809 3641 88 90 B
935 3667 34 70 z
1583 3635 182 94 sidste
