2917 4577
1079 684 379 94 Bjergenes
1477 676 367 98 Indvolde.
1933 674 129 86 De
2085 693 197 62 vover
2307 679 101 75 det
2433 675 221 84 eenefte
2691 679 73 76 de

1084 784 160 92 har,
1286 797 58 62 et
1386 777 178 97 usselt
1598 776 132 97 Liv,
1772 773 102 96 for
1918 794 70 62 at
2028 772 282 101 forskaffe
2352 780 196 74 andre
2590 773 168 96 hvad

1080 888 79 74 de
1202 879 275 94 behøver
1516 878 71 80 til
1628 876 253 97 Klæde,
1944 874 189 100 Føde
2186 897 81 74 og
2308 871 337 99 Boeiiger,
2684 895 75 74 og

1085 980 104 96 for
1231 985 110 72 alt-.
1363 985 158 72 dette
1559 979 314 96 værdiges
1915 982 74 76 de
2027 974 122 80 ikke
2191 981 118 74 den
2353 972 298 95 Omhue,
2693 989 66 64 at

1085 1088 110 72 der
1235 1081 20 78 i
1291 1079 238 82 Landet
1567 1093 242 64 maatte
1847 1079 212 94 findes
2103 1082 120 71 den
2271 1071 322 98 fornødne
2631 1073 104 80 An-

1082 1184 170 92 stalt,
1314 1181 66 76 til
1434 1196 70 60 ac
1562 1175 352 96 conservere
1974 1182 102 76 det
2134 1173 148 100 Liv,
2350 1172 132 92 som
2528 1174 236 93 bruges

1082 1282 130 80 kun
1252 1275 100 98 for
1392 1284 216 76 andre.
1678 1315 30 34 -

1297 1477 188 84 Seer
1527 1478 68 76 vi
1651 1477 70 81 til
1763 1481 120 74 den
1921 1474 228 98 Fierde
2189 1470 548 101 Hoved-Viden-

1075 1580 185 96 stab,
1315 1577 137 92 som
1509 1582 185 74 læres
1737 1595 133 74 paa
1911 1572 399 97 Academier,
2367 1574 233 91 nemlig
2637 1575 119 74 den

1080 1679 324 94 verdslige
1440 1675 366 92 Viisdom,
1854 1679 86 74 da
1966 1674 164 78 vilde
2154 1673 20 76 i
2200 1677 100 74 det
2322 1674 266 92 mindste
2612 1673 154 78 dens

1078 1777 333 101 Pramste
1450 1775 219 85 Deele
1706 1779 169 78 uden
1916 1770 209 92 Tvivl
2192 1771 107 96 her
2354 1770 127 80 ikke
2518 1775 247 90 mangle

1079 1879 254 95 lykkelig
1353 1875 396 104 Fremgang.
1853 1872 252 84 Skulle
2143 1869 124 80 ikke
2305 1875 120 76 den
2469 1869 274 97 opmærk-

1079 1980 240 90 somme
1375 1973 590 94 Natur-Kyndige
2005 1972 108 96 her
2149 1971 174 94 finde
2363 1968 230 88 Værd
2651 1967 114 82 nok

1076 2076 104 96 for
1242 2072 522 98 Undersøgelser?
1866 2073 108 95 Jo
2040 2074 66 76 vi
2168 2069 118 94 har
2330 2069 308 96 formeger
2678 2071 62 78 til-

1076 2178 196 92 fælles
1310 2179 142 72 med
1496 2170 340 99 Soerrig,
1880 2174 68 76 ril
1992 2186 70 62 at
2102 2169 66 78 vi
2208 2167 124 80 ikke
2384 2168 182 94 stulle
2612 2167 126 96 haa-

1078 2276 109 92 be,
1245 2291 70 62 ar
1358 2273 205 78 kunde
1618 2274 165 91 ligne
1826 2277 145 74 dets
2012 2268 423 98 Fortjenester
2490 2268 23 78 i
2570 2272 195 75 denne

1075 2371 426 98 Videnstab;
1569 2370 124 97 Og
1755 2375 144 74 med
1943 2365 332 94 Tilladelse
2313 2368 168 80 mine
2519 2366 250 101 Herrer

1069 2473 311 96 Danste!
1449 2469 203 101 Disse
1711 2473 119 96 har
1877 2475 139 74 lært
2056 2463 422 88 baade-Eder
2299 2465 181 85 Eder
2521 2488 81 73 og
2647 2465 121 84 Os

1072 2591 224 83 meget.
1400 2571 234 97 Norge
1690 2573 120 94 har
1874 2575 192 89 længe
2108 2561 78 96 af
2220 2563 382 100 Fremmede
2646 2583 96 58 væ-

1072 2696 97 62 ret
1224 2674 141 95 søgt
1418 2671 135 94 som
1614 2688 59 64 et
1725 2670 216 82 See-Id
2000 2672 105 88 for
2158 2665 237 96 vigtige
2432 2664 305 91 Observa-

1073 2780 242 89 tioner,
1393 2795 80 73 og
1547 2788 122 62 vor
1743 2769 142 92 viise
1951 2766 284 93 Konge,
2341 2767 152 89 hvis
2555 2764 214 83 Navn

1069 2873 534 96 Videnstaberne
1645 2872 122 93 stal
1805 2865 339 98 forævige,
2203 2865 122 96 har
2383 2866 209 95 nyelig
2661 2869 98 74 der

1074 2976 230 94 udfort
1346 2991 56 62 er
1426 2973 358 95 Kongeligt
1806 2969 480 98 Foretagende;
2342 2965 176 85 Men
2562 2964 200 97 havde

1076 3078 236 95 Norge
1354 3071 140 96 haft
1556 3088 56 64 et
1650 3072 306 93 gammelt
2008 3086 78 74 og
2150 3069 398 78 velindrettet
2604 3061 134 88 Aca-

1073 3182 224 91 demie,
1340 3175 207 80 kunde
1578 3170 347 82 Nationen
1948 3162 119 96 selv
2096 3163 145 98 haft
2270 3171 121 76 den
2416 3168 197 93 ZEre,
2640 3161 125 102 fom

1073 3278 378 100 Fremmede
1491 3292 90 64 nu
1627 3272 236 93 bryster
1905 3271 90 89 sig
2043 3248 108 113 af;
2221 3263 126 100 Og
2405 3286 122 60 vor
2583 3263 178 80 milde

1073 3384 283 74 Landets
1401 3373 257 99 Fader,
1727 3371 177 96 stulle
1942 3365 280 95 maa-skee
2263 3373 123 77 ved
2431 3372 123 74 den
2593 3363 173 94 sidste

1076 3475 308 98 Lejlighed
1428 3468 140 100 haft
1610 3478 118 76 den
1748 3464 406 105 Fornøyelse,
2198 3485 72 62 at
2310 3467 280 86 Landets
2628 3479 140 78 egne

1076 3576 217 88 Børn
1332 3575 207 80 kunde
1576 3568 231 99 udført
1848 3569 173 94 hans
2066 3566 263 99 Villie;
2386 3564 137 102 Thi
2564 3563 203 90 aldrig

2667 3663 110 88 har
