2923 4556
1022 635 185 76 men,
1262 630 81 76 og
1368 614 165 84 den,
1606 602 134 88 som
1776 601 22 76 i
1842 605 202 76 denne
2092 599 120 94 har
2260 590 314 100 forholdet
2630 593 95 96 sig

1023 719 144 88 vel,
1223 710 278 90 behøver
1535 698 188 80 ikkun
1751 713 74 64 at
1853 695 86 92 see
1959 697 106 94 til,
2121 708 74 64 at
2235 694 132 94 han
2393 694 128 76 ikke
2533 694 164 92 glem-

1025 829 190 74 mer,
1271 804 172 92 hvad
1473 798 132 94 han
1643 795 234 96 vidste,
1955 815 80 76 og
2075 791 120 98 har
2247 788 128 80 ikke
2425 790 198 93 nødig
2649 799 80 66 at

1023 911 148 72 lære
1205 912 202 80 meget
1437 906 120 84 nyt
1605 892 84 79 til.
1831 889 166 86 Det
2053 895 184 85 Aar,
2333 884 136 96 som
2527 880 174 98 forlø-

1021 1001 118 78 ber
1195 997 270 76 imellem
1539 996 120 74 den
1723 983 190 100 første
1965 1009 78 76 og
2083 990 218 76 anden
2379 980 344 95 Examen,

1023 1115 71 58 er
1119 1089 211 93 derfor
1369 1104 61 64 et
1449 1084 285 95 virkeligt
1757 1083 361 84 Driveaar
2143 1078 103 96 for
2269 1086 75 76 de
2371 1079 359 95 allerfleefte

1022 1189 470 82 Studerende.
1596 1182 168 95 De,
1816 1179 136 94 som
2004 1181 198 94 haver
2234 1178 250 96 hurtige
2516 1176 186 81 Nem-

1024 1305 144 60 mer
1194 1304 80 74 og
1308 1286 160 94 gode
1486 1280 242 84 Gaver
1744 1277 68 80 til
1828 1299 70 58 ar
1910 1281 142 76 lære
2070 1281 174 76 uden
2258 1280 122 90 ad,
2438 1272 292 96 bekymre

1020 1385 98 92 sig
1142 1378 336 105 gemeenlig
1516 1376 128 80 ikke
1682 1393 108 60 om
1842 1379 182 76 deres
2074 1370 440 100 philosophiske
2558 1368 146 93 Exa-

1018 1495 206 74 men,
1276 1472 230 92 førend
1536 1474 22 76 i
1586 1474 118 76 den
1736 1473 178 92 sidste
1972 1471 312 82 Maaned
2340 1464 108 94 for
2500 1464 230 90 Tiden.

1018 1565 281 99 Mange
1328 1590 171 72 unge
1534 1563 383 94 Mennesker
1958 1563 79 96 af
2072 1569 79 76 de
2204 1564 161 96 beste
2416 1564 317 98 Hoveder

1021 1665 170 80 blive
1225 1663 288 91 saaledes
1567 1660 276 96 forførte
1907 1661 72 80 til
2029 1644 436 114 Lediggang/
2505 1682 80 74 og
2643 1659 64 82 Li-

1015 1761 536 94 derlighed/dens
1599 1758 330 85 Daatter.
2031 1757 136 86 De
2211 1764 192 90 veed,
2459 1772 72 64 at
2567 1775 168 62 naar

1017 1863 86 72 de
1135 1863 200 74 allene
1363 1852 288 100 forholde
1679 1858 90 91 sig
1793 1859 98 74 vel
1915 1855 20 78 i
1979 1861 122 76 den
2149 1860 216 74 anden
2407 1850 326 99 Examen,

1017 1951 274 98 spørges
1321 1952 128 78 ikke
1471 1974 148 74 om,
1675 1952 162 93 hvor
1869 1957 155 92 lang
2051 1951 132 90 Tid
2213 1956 76 76 de
2339 1952 168 92 have
2541 1950 198 97 brugt

1020 2047 78 80 ril
1128 2065 76 64 at
1232 2044 285 98 forskaffe
1548 2052 90 92 sig
1680 2054 120 71 den
1851 2047 405 98 Kundskab,
2311 2046 301 96 hvorpaa
2650 2053 78 74 de

1018 2143 136 78 bør
1190 2146 142 93 give
1376 2138 240 100 Prøve
1650 2142 20 76 i
1714 2139 336 96 Examen,
2138 2153 78 73 de
2262 2142 202 96 bruge
2513 2141 213 94 altsaa

1018 2243 130 78 Den
1188 2238 266 100 mindste
1496 2238 130 88 Tid
1678 2239 220 96 dertil,
1948 2239 134 90 som
2122 2240 282 96 mueligt.
2506 2240 222 96 Hvad

1020 2333 282 96 Begreb
1322 2356 158 58 maa
1512 2340 166 76 dette
1706 2339 266 76 allerede
2008 2337 142 94 give
2188 2342 74 74 de
2294 2356 174 78 unge
2522 2335 214 106 Men-;

1256 2452 109 58 om
1400 2429 455 92 Videnffaber
1884 2453 79 76 og
2000 2433 347 83 Lærdom?
2402 2454 81 76 og
2532 2433 203 97 hvilke

1021 2525 244 98 Folger
1293 2528 120 94 har
1455 2534 106 74 det
1593 2528 124 78 ikke
1751 2525 100 96 for
1891 2541 278 84 manges
2207 2530 126 92 hele
2381 2530 316 82 Studere-

1019 2625 134 92 tid,
1235 2640 70 62 at
1343 2630 200 76 denne
1607 2630 184 73 deres
1831 2623 188 98 første
2065 2625 670 97 Studenterexamen

1021 2721 226 94 giøres
1281 2726 144 74 dem
1477 2720 108 92 faa
1625 2725 132 74 let?
1811 2721 130 84 Lad
1973 2721 190 92 ogsaa
2199 2728 184 92 nogle
2411 2726 164 92 have
2595 2726 140 95 Lyst

1021 2833 80 60 at
1151 2815 220 95 besøge
1387 2814 528 98 Professorernes
1973 2819 368 97 Collegier,
2399 2844 80 74 og
2527 2840 70 64 at
2613 2829 90 72 ud-

1013 2911 149 82 vide
1187 2919 121 76 den
1357 2910 405 99 Kundskab,
1839 2921 75 74 de
1969 2915 163 92 have
2187 2918 201 96 bragt
2445 2926 145 74 med
2641 2921 93 96 sig

1014 3005 108 92 fra
1156 3008 380 96 Dkolerne;
1586 3010 110 90 saa
1750 3011 84 92 see
1886 3017 76 76 de
1994 3017 176 92 dog,
2246 3030 72 64 at
2360 3018 74 76 de
2472 3018 126 82 ikke
2628 3017 104 96 for

1018 3103 218 83 Alvor
1268 3104 208 80 kunde
1510 3108 306 92 applicere
1844 3109 90 94 sig
1964 3111 66 78 til
2068 3130 210 76 nogen
2316 3112 108 80 vis
2462 3114 238 84 Viden-

1012 3197 194 100 stab,
1262 3200 236 94 hvortil
1532 3202 180 88 deres
1750 3205 140 96 Lyst
1920 3229 78 72 og
2036 3205 458 101 Tilbøjelighed
2518 3214 212 81 kunde
