2983 4575
781 561 504 38 ========
1831 543 90 80 rz

145 721 196 94 Selige
385 713 236 88 Steen
659 711 86 100 af
781 713 280 100 Veyen,
1107 715 136 94 som
1287 731 124 60 var
1433 711 446 102 Forhindring
1907 717 26 80 i

143 841 124 64 vor
289 819 216 98 Lykke,
551 815 138 92 som
709 815 140 98 Jeg
875 817 126 80 kan
1025 819 186 92 stutte
1237 809 84 98 af
1335 811 294 100 følgende
1651 813 270 88 Drøm.

363 917 168 100 Hen
569 919 182 78 imod
791 915 294 96 Aftenen,
1115 923 96 74 da
1225 913 238 84 Solen
1503 913 312 98 begyndte
1857 935 74 66 ar

141 1023 190 90 dale,
390 1038 84 75 og
529 1015 404 86 Stiernerne
997 1007 214 104 faavel
1255 1013 138 94 som
1441 1013 310 84 Maanen
1795 1021 142 80 kode

143 1123 98 92 sig
279 1117 270 95 see-paa
405 1137 136 74 paa
571 1115 424 100 Himmelen;
1041 1105 306 104 mærkede
1379 1109 102 102 jeg
1523 1129 72 66 ar
1621 1113 314 84 Maanen

141 1239 130 62 var
325 1223 130 76 rød
519 1215 136 96 som
697 1215 200 86 Blod
915 1259 24 52 ,
1001 1235 82 76 og
1125 1223 184 76 deres
1353 1213 462 104 Forspringere
1853 1215 86 100 af

141 1341 82 60 en
269 1335 212 80 meget
541 1317 296 96 underlig
879 1317 314 98 Gestalt;
1275 1315 302 98 hvorpaa
1619 1297 318 102 Maanen

141 1419 256 98 flildtes
445 1423 88 74 ad
575 1421 22 76 i
637 1443 42 48 2
707 1415 240 98 Deele,
989 1439 82 74 og
1113 1421 120 76 den
1277 1431 142 64 eene
1451 1415 142 80 blev
1629 1417 302 94 siddende

139 1532 153 80 ma
321 1521 82 94 sit
427 1517 248 96 Sræd,
717 1531 148 66 men
905 1521 120 78 den
1069 1521 220 88 anden
1311 1513 138 100 fløy
1475 1507 122 104 hen
1623 1519 70 78 til
1717 1515 214 86 Nord

141 1625 150 78 med
331 1641 78 58 en
449 1617 408 96 ubeskrivelig
885 1615 418 100 Hastighed,
1347 1615 292 96 svingede
1671 1611 94 102 sig
1793 1633 110 66 om-

141 1719 188 96 kring
367 1735 138 78 paa
527 1715 410 100 Himmelen,
987 1733 82 78 og
1103 1709 344 100 forsvandt
1475 1717 124 78 ved
1637 1721 120 76 den
1793 1717 110 98 syd-

143 1821 260 94 vestlige
427 1815 354 102 Horizont.
869 1815 144 98 Jeg
1041 1813 256 100 spurgte
1325 1813 270 98 gandffe
1615 1811 292 100 forskræk-

141 1917 122 96 ket-
313 1917 182 94 hvad
541 1923 164 74 dene
749 1897 432 114 forunderlige
1209 1913 182 96 Syn
1435 1913 204 96 ffulde
1685 1915 250 100 betyde,

143 2039 90 76 vg
273 2017 90 96 fik
403 2019 74 78 til
519 2005 258 106 Svar,
835 2029 74 66 at
950 2018 73 77 de
1067 2009 216 102 hellige
1323 2001 238 106 Muser
1607 2029 84 82 og
1729 2017 172 98 Gyd-

147 2121 186 78 inder
375 2133 158 64 vare
567 2103 384 106 fortørnede.
1061 2095 238 100 Siden
1327 2111 275 96 saae-jeg
1503 2113 100 96 jeg
1641 2119 132 92 mig
1817 2127 116 72 om

143 2217 80 82 til
265 2221 124 76 den
431 2217 202 98 høyre
673 2213 228 94 Side,
949 2231 80 76 og
1075 2211 124 94 see!
1255 2219 110 76 der
1403 2227 126 64 var
1571 2231 58 64 et
1673 2215 254 100 kostelig

159 2315 332 96 opbygget
529 2313 298 98 Pallads
867 2319 146 84 med
1061 2339 42 54 2
1117 2309 294 106 .Porte,
1473 2335 76 56 en
1587 2331 134 78 paa
1765 2317 160 96 hver

145 2413 224 96 Side,
473 2413 140 98 Jeg
653 2413 302 80 mærkede
989 2411 170 98 strax
1203 2421 74 72 at
1295 2415 170 78 dette
1497 2425 124 68 var
1643 2413 284 98 Lykkens

145 2515 300 96 Tempel,
487 2535 82 74 og
611 2513 124 98 just
763 2519 104 76 det
903 2501 222 108 Sted,
1175 2505 166 108 hvor
1365 2505 326 92 Embeder
1717 2515 210 98 ffulde

143 2619 300 80 uddeles.
577 2699 18 10 .
735 2701 18 8 ^
1021 2651 12 14 -

577 2699 18 10 .
735 2701 18 8 ^

363 2699 320 110 Derefter
710 2700 153 105 faae
901 2701 102 108 jeg
1033 2725 76 68 en
1145 2703 214 106 talriig
1377 2703 320 106 Mængde
1721 2707 170 92 Men-

141 2813 204 100 nesker
371 2811 206 82 baade
599 2817 186 76 inden
811 2827 82 84 og
917 2817 172 78 uden
1109 2809 122 100 for:
1283 2817 74 78 de
1385 2811 136 94 som
1549 2831 154 64 vare
1731 2819 192 80 inden

141 2913 148 98 for,
337 2911 152 82 bare
529 2919 116 74 alle
687 2909 576 92 Laurbærkrandse
1305 2915 22 76 i
1367 2915 184 80 deres
1593 2913 330 100 Hænder,

139 2993 358 122 fornøyede
531 3031 148 62 over
703 3019 184 76 deres
907 3011 210 98 Lykke.
1207 3005 180 92 Den
1413 3015 216 96 største
1647 3015 242 100 Mæng-

141 3109 80 84 de
259 3111 174 98 søgte
477 3127 74 66 at
591 3111 246 82 komme
877 3113 114 80 ind
1031 3111 82 92 af
1145 3107 118 84 den
1303 3111 364 98 sydvestlige
1705 3109 214 106 Port,

143 3211 134 94 som
317 3213 102 94 jeg
469 3217 184 90 holdt
689 3211 102 98 for
833 3229 76 64 at
953 3227 170 66 være
1147 3209 430 102 Løngangen;
1623 3229 148 66 men
1807 3219 114 82 der

143 3313 140 78 blev
327 3311 126 80 ikke
493 3317 204 76 andre
733 3311 322 96 indladte,
1119 3317 120 74 end
1281 3319 72 76 de
1413 3315 134 90 som
1597 3311 212 98 havde
1851 3333 62 64 er

147 3407 288 94 særdeles
477 3409 404 98 Kiendetegn
939 3433 134 72 paa
1113 3417 184 76 deres
1337 3403 314 106 Klæder,
1711 3437 82 76 og
1835 3421 80 76 de

147 3507 140 80 blev
325 3515 122 74 alle
491 3513 280 94 hiulpne.
875 3507 304 100 Derpaa
1205 3503 102 104 gik
1327 3513 98 96 jeg
1453 3507 74 86 til
1547 3517 120 78 den
1693 3517 220 80 mørke

147 3605 184 98 Port
353 3661 24 46 ,
443 3605 138 98 som
619 3615 228 82 vendte
883 3615 180 86 imod
1107 3609 326 108 Norden,
1493 3629 84 80 og
1615 3613 144 96 saae
1803 3623 112 74 der

1751 3717 150 94 lige-
