3005 4582
1652 483 78 66 15

282 650 274 102 Hvem,
610 648 134 93 som
782 647 248 82 tiender
1086 658 186 84 noget
1334 644 66 84 til
1442 650 72 80 de
1570 647 252 100 latinsse

132 749 303 85 Skoleri
464 746 421 98 Tydssland,
961 765 78 74 og
1082 742 69 80 til
1188 748 117 76 den
1358 746 199 95 tydsse
1618 751 177 94 stude-

131 856 198 75 rende
371 850 346 92 Ungdom,
775 843 84 78 vil
917 841 172 94 finde
1147 860 76 60 en
1291 838 204 102 følelig
1559 843 268 100 Forssiel

129 949 278 82 imellem
439 950 72 74 de
545 941 200 97 tydsse
791 961 80 74 og
913 935 224 93 dansse
1175 936 304 100 Skoler,
1531 947 120 76 den
1687 947 108 90 tyd-

145 1047 94 95 sse
269 1064 78 76 og
379 1040 216 94 dansse
627 1041 332 92 Ungdom.
1063 1032 164 86 Det
1271 1058 64 56 er
1377 1038 124 79 ikke
1533 1039 264 96 Duelig-

133 1147 155 92 hed,
343 1154 185 64 enten
563 1136 123 96 hos
709 1133 231 82 Lærere
959 1139 143 72 eller
1123 1130 327 102 Lærende,
1517 1135 135 96 som
1685 1137 147 96 giør

132 1236 388 102 Forssiellen.
626 1232 116 83 Vi
780 1233 164 94 have
986 1228 226 98 ligesaa
1260 1234 238 94 duelige
1566 1231 260 102 Lærere,

132 1361 78 71 og
240 1332 224 100 ligesaa
506 1331 220 94 vittige
782 1327 370 98 Discipler,
1222 1326 156 96 heelt
1426 1335 154 74 mod
1626 1331 200 96 heelt,

128 1435 136 94 som
302 1434 22 78 i
340 1428 370 98 Tydssand.
824 1427 176 80 Men
1046 1424 374 98 Forssiellen
1492 1430 282 95 bestaaer
1806 1433 24 78 i

128 1528 496 96 Munterheden
660 1527 208 78 baade
906 1523 124 96 hos
1056 1525 234 81 Lærere
1322 1546 76 76 og
1430 1524 324 101 Lærende,
1802 1531 22 78 i

130 1631 141 97 Lyst
307 1628 72 80 til
407 1642 72 62 at
511 1621 332 94 undervise
876 1621 127 96 hos
1042 1627 73 75 de
1156 1616 227 100 første,
1455 1646 78 71 og
1578 1621 141 100 Lyst
1755 1629 72 86 ril

131 1745 72 64 at
241 1720 368 92 undervises
665 1721 122 90 hos
829 1723 72 74 de
945 1719 194 96 sidste.
1255 1718 190 82 Man
1490 1719 121 96 skal
1649 1725 174 92 finde

131 1824 440 84 Skolelærere
599 1818 22 78 i
669 1815 404 96 Tydssland,
1155 1816 136 92 som
1355 1822 144 76 med
1543 1839 76 58 en
1673 1821 150 98 ussel

129 1923 140 82 Løn
305 1918 250 84 arbeide
587 1935 134 74 paa
759 1915 456 92 Ungdommen
1275 1912 106 96 fra
1399 1936 106 57 om
1547 1913 248 102 Morge-

131 2041 129 63 nen
291 2016 129 96 tilig
455 2014 69 80 til
553 2011 177 99 sildig
775 2031 107 56 øm
909 2005 319 103 Aftenen,
1285 2032 81 74 og
1405 2016 127 91 dog
1561 2013 261 96 beholde

132 2110 410 96 Munterhed
576 2112 68 78 til
674 2113 182 76 deres
902 2105 318 99 Arbeide,
1302 2114 126 88 dog
1470 2105 182 100 stedse
1696 2119 126 74 tale

126 2221 226 76 derom
390 2214 140 76 med
558 2206 156 93 Lyst.
820 2201 266 100 Mange
1132 2204 258 88 beholde
1436 2211 202 92 endog
1696 2217 122 78 ved

124 2317 166 74 dette
330 2310 262 92 strænge
624 2302 278 85 Arbeide
934 2301 206 82 baade
1178 2302 130 86 Tid
1344 2324 78 74 og
1452 2302 140 97 Lyst
1634 2307 70 82 til
1746 2325 76 64 at

124 2406 208 97 ssrive.
448 2402 186 82 Man
681 2401 142 95 skal
864 2399 174 94 finde
1090 2398 504 98 Skolediscipler
1664 2411 152 92 der,

126 2505 131 92 som
296 2504 23 78 i
348 2506 123 76 den
504 2501 217 96 største
756 2495 301 98 Armod,
1113 2502 168 76 uden
1313 2520 206 74 nogen
1539 2495 284 106 offentlig

127 2600 542 98 Understøtning,
741 2599 144 76 med
951 2599 118 78 den
1117 2596 254 96 fletteste
1419 2594 228 101 Pleie,
1727 2603 64 78 bi-

129 2719 208 59 vaane
393 2702 144 76 med
583 2702 122 76 den
749 2695 220 96 største
1011 2689 414 99 Munterhed
1495 2694 206 85 baade
1729 2697 92 98 oft

127 2795 248 97 fentlige
411 2816 80 74 og
521 2792 256 96 private
825 2787 452 99 Skoletimer,
1337 2812 78 74 og
1449 2786 102 100 for
1579 2811 70 62 at
1689 2793 104 98 for-

131 2895 155 80 tiene
309 2898 141 90 der,
503 2891 313 93 hvormed
845 2893 77 76 de
957 2887 213 79 kunne
1209 2888 199 78 betale
1453 2896 77 76 de
1567 2893 253 90 private

122 2990 348 96 Lectioner,
520 2983 328 94 undervise
900 2985 20 78 i
958 2989 188 76 deres
1172 2980 112 96 frie
1322 2980 224 92 Timer
1578 2989 18 76 i
1627 2988 165 87 Bor-

124 3083 321 101 gerbssuuse
556 3084 132 83 De
732 3081 186 98 holde
962 3085 186 79 lærde
1172 3080 376 98 Journaler
1588 3087 18 76 i
1633 3083 163 90 Sel-

122 3181 484 102 skabsammeti,
660 3187 76 76 de
782 3177 126 94 læse
960 3187 76 76 de
1086 3182 200 96 nyeste
1324 3178 470 99 Skriftersam-

126 3303 188 79 men,
370 3286 76 76 de
474 3275 302 98 raadføre
810 3279 92 94 sig
938 3277 182 95 idelig
1154 3284 142 74 med
1330 3282 186 76 deres
1546 3279 277 106 Lærere,

125 3380 242 82 udbede
440 3380 95 96 sig
570 3376 171 96 hvad
798 3371 453 99 Videnssaber
1301 3396 82 76 og
1446 3374 247 101 Boger
1747 3391 76 76 de

127 3478 146 99 helst
305 3476 172 88 vilde
513 3474 160 100 have
707 3475 126 96 læst
875 3491 154 66 over
1065 3495 54 59 o.
1153 3494 60 62 a.
1241 3494 86 64 m.
1359 3516 112 26 —
1545 3475 130 84 Nu
1691 3481 106 92 hol-

1639 3581 76 80 de
