3006 4538
99 600 129 78 paa
251 581 183 80 deres
473 572 541 98 Brødstudium,
1067 571 143 76 eller
1223 583 131 73 paa
1369 567 119 80 den
1521 564 237 83 Viden-

98 678 177 96 flab,
332 673 239 95 hvortil
608 679 75 75 de
736 689 157 60 vare
940 668 309 93 bestemte.
1366 655 129 97 Thi
1526 659 261 92 hvorfor

99 775 153 93 skeer
285 777 104 76 det
423 770 128 78 ikke
581 774 118 74 ved
735 776 72 71 de
847 764 201 94 tydske
1091 758 491 99 Universitetet-?
1653 759 110 83 En-

105 874 153 92 hver
314 867 172 97 tydsk
515 865 317 82 Student
883 861 283 77 kommer
1228 858 68 78 til
1355 856 437 95 Universitetet

104 972 145 75 med
278 987 73 62 en
382 966 107 78 vis
516 961 275 97 Hensigt
818 981 79 72 og
936 951 471 98 Bestemmelse.
1508 954 143 95 Jeg
1666 955 101 93 stu-

105 1072 177 72 derer
317 1063 68 78 til
418 1059 317 92 Doctor-,
791 1059 156 92 siger
983 1064 118 68 den
1137 1070 149 74 ene,
1341 1051 97 91 jeg
1469 1050 68 78 til
1569 1048 203 80 Ildvo-

106 1160 101 77 cat
280 1163 116 74 den
428 1157 210 77 anden
652 1204 24 44 ,
704 1154 98 91 jeg
834 1153 66 74 til
930 1143 374 101 Professor,
1332 1147 98 92 jeg
1462 1152 68 72 til
1554 1144 242 97 Præst.

104 1256 177 80 Men
338 1251 107 93 faa
488 1249 163 94 ulige
700 1254 183 74 deres
944 1241 489 100 Bestemmelser
1496 1260 133 75 ere,
1686 1241 113 91 saa

101 1352 159 94 have
287 1355 75 74 de
397 1354 123 87 dog
557 1344 145 96 visse
753 1344 319 94 Collegier
1117 1336 305 97 tilfælles,
1495 1337 197 95 hvilke
1721 1346 79 74 de

100 1454 126 74 alle
258 1447 189 94 høre,
498 1442 272 93 foruden
794 1445 186 89 dem,
1034 1439 132 92 som
1196 1437 260 95 egentlig
1468 1436 124 78 bør
1634 1443 132 72 dan-

105 1566 72 56 ne
213 1550 140 73 dem
391 1544 72 76 til
485 1548 182 73 deres
686 1532 549 106 Hovedftudium.
1336 1531 239 96 Ingen
1594 1531 171 82 Stu-

105 1646 149 74 dent
285 1639 285 78 kommer
613 1643 107 73 der
761 1635 69 78 ril
859 1633 411 89 Academiet,
1325 1651 71 56 ar
1429 1629 131 93 han
1571 1629 69 92 jo
1659 1629 133 89 især

108 1736 21 76 i
162 1744 99 74 det
288 1733 191 97 første
504 1731 145 82 Aar
678 1734 185 92 hører
894 1746 63 62 et
974 1730 132 71 Cui
1124 1727 100 74 fus
1256 1726 18 76 i
1308 1723 491 100 Philosophien,

115 1834 22 78 i
159 1834 468 89 Naturlæren,
691 1828 22 78 i
745 1820 368 105 Historien,
1197 1826 20 74 i
1255 1828 72 72 de
1377 1823 252 92 fliønne
1657 1821 117 83 Vi-

111 1927 367 95 denskaber,
574 1930 98 75 vel
718 1923 190 96 ogsaa
939 1928 21 74 i
1019 1920 571 95 Mathematiken;
1658 1940 152 58 men

112 2028 235 93 derhos
374 2022 373 96 forsømmer
808 2021 133 90 han
970 2020 127 77 ikke
1144 2025 71 73 de
1246 2014 557 98 Forelæsninger,

109 2122 130 92 som
287 2123 270 94 henhøre
613 2118 66 81 til
733 2122 172 80 hans
969 2113 550 100 Hovedstudium.
1633 2113 172 83 Det

108 2220 240 92 samme
386 2220 160 77 vilde
575 2214 117 95 skee
742 2214 120 93 hos
892 2222 120 84 vs,
1070 2230 166 60 naar
1284 2230 158 57 man
1458 2206 160 97 først
1644 2209 130 90 hav-

112 2324 69 74 de
198 2319 167 93 givrt
398 2336 77 58 en
498 2310 317 97 fornuftig
836 2309 591 95 Studeringsplan
1450 2306 351 98 antagelig,

113 2436 75 74 og
231 2416 189 92 bragt
459 2420 119 74 den
609 2411 21 76 i
651 2408 237 82 Mode.
985 2406 121 97 Og
1125 2411 85 74 da
1237 2425 157 59 man
1427 2402 123 80 ikke
1589 2403 213 96 havde

114 2532 72 58 en
226 2521 102 68 vis
372 2508 294 94 Examen
696 2508 20 76 i
776 2505 254 95 Sigte,
1112 2504 316 92 behøvede
1480 2522 160 59 man
1680 2501 96 93 hel-

115 2612 80 76 ler
225 2609 122 78 ikke
373 2624 70 62 at
459 2606 368 95 bestemme,
883 2605 164 91 hvor
1079 2620 222 76 megen
1336 2596 130 89 Tid
1507 2618 160 59 man
1689 2600 88 78 vil-

111 2710 73 76 de
215 2708 287 77 anvende
531 2725 133 76 paa
699 2708 73 72 de
797 2699 473 95 Kundskaber,
1323 2695 139 90 som
1493 2696 125 78 ikke
1633 2699 173 92 støde

108 2802 23 78 i
164 2823 203 74 nogen
400 2800 401 81 umiddelbar
822 2794 405 103 Forbindelse
1254 2799 147 72 med
1422 2813 121 59 vor
1564 2792 213 85 Brød-

109 2901 302 91 studium.
507 2896 386 88 Tvertimod
991 2895 242 90 dersom
1263 2890 42 92 f.
1327 2889 82 86 E.
1443 2890 356 98 Juristens

101 2994 409 98 besynderlige
533 2993 453 96 Tilbøjelighed
1009 2992 171 93 faldt
1212 2990 66 78 til
1307 2995 103 74 det
1438 2989 384 94 mathema-,

100 3094 133 92 tiske
268 3091 381 97 Studium,
702 3092 109 92 saa
828 3091 165 81 vilde
1024 3092 131 93 han
1206 3088 127 80 ikke
1364 3093 141 74 lade
1534 3090 91 91 sig
1664 3088 147 76 nøle

101 3198 177 87 med,
329 3189 138 94 som
505 3212 90 57 nu
633 3191 193 93 fleer,
895 3206 72 62 at
1009 3190 152 93 høre
1217 3189 182 92 nogle
1461 3182 246 97 Bøger
1739 3180 83 94 af

104 3289 298 83 Euclides
436 3288 20 78 i
488 3310 74 57 en
586 3287 134 79 kort
746 3286 172 96 Tid;
976 3286 132 96 han
1132 3284 160 80 vilde
1310 3287 146 74 med
1488 3278 148 100 Flid
1662 3285 114 91 læg-

107 3407 66 81 ge
202 3388 87 95 sig
323 3383 150 97 efter
518 3384 561 98 Mathematiken;
1152 3381 283 95 hvorved
1492 3378 133 94 han
1682 3385 125 89 dog

1573 3475 129 82 ikke
