2922 4456
1051 623 100 80 gtt
1205 603 110 95 fra
1353 616 102 68 vs.
1559 600 144 86 Een
1757 605 210 78 anden
2015 599 176 99 Sag
2257 620 60 58 er
2383 606 140 92 det,
2593 621 164 59 naar

1049 709 71 76 vi
1199 706 277 94 omsider
1565 700 123 82 kan
1785 699 247 80 komme
2123 700 301 94 saavitzl,
2521 716 73 62 at
2687 705 63 76 vi

1054 803 116 94 frie
1222 802 102 94 for
1388 796 632 104 Nærings-Sorger
2094 799 120 80 kan
2276 800 192 78 tænke
2506 818 132 72 paa
2684 817 66 62 at

1058 903 164 90 tjene
1278 918 152 62 vore
1490 900 466 99 Medborgere;
2030 899 174 82 Men
2246 900 18 78 i
2306 896 448 94 Kjøbenhavn

1052 1007 120 84 har
1234 1002 154 96 hver
1442 998 130 96 som
1650 1000 318 81 Student
2044 999 124 78 nok
2232 1004 142 74 med
2450 1000 90 94 sig
2616 996 134 92 selv.

1054 1099 160 90 Det
1252 1096 442 102 efterfølgende
1740 1099 122 80 kan
1902 1101 277 92 maaskee
2220 1104 180 88 lære,
2462 1118 108 58 om
2598 1119 152 57 man

1056 1205 125 78 kan
1224 1204 241 92 haabe,
1524 1220 73 60 ar
1656 1200 85 92 see
1782 1193 143 102 disse
1972 1195 517 102 Forhindringer
2530 1206 227 84 ryddet

1053 1303 76 94 af
1173 1299 284 99 Veyen,
1517 1308 118 74 ved
1695 1319 58 64 et
1803 1299 218 100 Norff
2077 1297 384 86 Academies
2499 1296 228 98 Opret-

1053 1403 150 94 telse.

1264 1599 169 97 Ikke
1457 1620 198 60 meere
1699 1603 120 74 end
1867 1605 74 72 de
1967 1592 420 94 ovenanførte
2407 1596 344 96 Aarsager,

1053 1703 125 80 kan
1239 1706 103 74 vel
1401 1704 203 76 denne
1653 1697 219 92 ansees
1931 1715 71 62 at
2041 1715 167 60 være
2243 1692 79 94 af
2357 1694 395 98 Vigtighed,

1052 1803 134 90 som
1234 1820 160 60 man
1438 1798 128 96 ofte
1606 1800 188 94 horer
1856 1793 80 98 af
1994 1797 188 96 begge
2222 1792 330 82 Nationer
2598 1795 165 94 paa-»

1386 1902 232 96 nemlig
1664 1906 234 72 denne:
1970 1895 94 84 At
2104 1895 236 95 Norge
2382 1900 112 74 des
2542 1896 198 82 bædre

1048 2025 158 56 maa
1248 2002 224 86 holdes
1524 2004 18 72 i
1580 1999 336 96 Lydighed.
2042 1995 132 86 De
2220 1994 212 80 kalder
2474 2000 162 74 dette
2678 2015 70 58 en

1048 2100 276 101 Politisk
1380 2096 292 98 Aarsag;
1754 2119 144 56 men
1958 2097 204 94 ffulde
2220 2112 158 60 man
2422 2094 120 78 ikke
2588 2094 160 98 have

1044 2199 259 95 Aarsag
1372 2198 71 78 til
1504 2214 73 64 at
1634 2198 175 79 kalde
1880 2201 165 76 dens
2086 2190 399 101 Forfægtere
2538 2192 225 94 smags

1053 2295 598 97 Stats-Kyndige,
1695 2294 134 93 som
1869 2293 118 94 seer
2027 2299 226 74 alleene
2299 2296 68 76 til
2415 2290 330 100 Bugenes

1045 2401 362 93 Overflade
1453 2420 78 72 og
1573 2402 316 74 udvortes
1947 2389 314 99 Anseelse;
2345 2390 136 98 Thi
2519 2396 122 76 den
2679 2413 66 58 er

1045 2503 120 94 vist
1205 2500 208 94 aldrig
1459 2496 274 82 kommet
1771 2497 20 80 i
1811 2493 454 96 Betragtning
2299 2492 124 96 hos
2467 2496 76 76 de
2581 2492 164 96 store

1045 2599 276 93 Konger
1369 2620 78 74 og
1493 2593 526 96 Stats-Mænd,
2061 2591 130 94 som
2245 2590 200 98 haver
2485 2590 260 96 regjerer

1043 2683 547 111 Tviliing-Niigec
1721 2693 133 86 De
1897 2695 195 88 haver
2136 2689 171 96 elsket
2353 2690 193 98 begge
2579 2689 165 101 Folk

1048 2823 80 72 og
1174 2802 122 76 ved
1338 2816 72 62 at
1454 2794 496 100 Lyksaliggjøre,
1992 2793 50 94 ej
2082 2797 118 75 ved
2242 2808 72 64 at
2358 2796 218 92 tvinge
2615 2785 145 100 for-.

1298 2900 92 94 sig
1436 2918 110 60 om
1586 2898 232 96 begges
1862 2893 332 98 Lydighed.

1258 3094 114 102 Ja
1424 3096 132 94 hvo
1614 3101 154 78 veed
1818 3093 160 98 ikke,
2038 3107 72 64 at
2162 3090 572 96 Undersaatternes

1042 3191 323 105 Troeffab
1409 3202 284 92 grunder
1736 3199 93 94 sig
1871 3213 130 76 paa
2016 3191 399 95 Kongernes
2438 3190 303 98 Dyder?

1041 3299 112 92 saa
1179 3303 196 93 længe
1417 3304 86 76 da
1523 3297 378 92 Christian
1941 3299 116 76 den
2075 3291 274 98 Førstes
2375 3290 188 100 Dyd
2607 3291 104 89 hvi-

1037 3407 88 72 ler
1167 3418 134 75 paa
1343 3402 174 94 hans
1567 3394 524 98 Efterkommere,
2134 3390 353 99 saalænge
2291 3400 198 90 længe
2531 3392 122 80 kan
2677 3388 64 97 I

1040 3519 81 77 og
1163 3497 198 83 Mine
1401 3496 252 102 Herrer
1693 3496 212 95 smaae
1941 3491 600 103 Stats-Kyndige,
2583 3505 168 67 være

2627 3588 126 98 for-
