2906 4448
1711 426 100 84 17

143 588 389 102 forstkkrede,
570 609 70 62 at
683 589 435 85 Normanden
1154 591 50 94 ej
1246 594 200 80 under
1486 597 74 78 de
1599 591 181 87 Dan-

146 690 88 97 ste
278 697 224 79 alleene
548 696 116 76 den
704 690 390 96 Lyksalighed
1136 707 72 64 ar
1256 690 264 96 regjeres
1558 689 76 96 af
1666 699 114 73 den-

145 810 78 61 ne
264 793 447 94 BLdelmodige
758 787 345 83 Stamme.
1214 789 173 99 Foer
1428 790 122 78 kan
1594 794 187 94 velsig-

145 893 156 74 nede
351 885 414 96 Christian!
845 888 350 91 Scepteret
1249 894 140 72 med
1447 886 368 100 Viisdom,

145 1008 81 75 og
293 987 265 98 Himlen
615 985 317 97 Velsigne
1001 980 165 91 Din
1237 983 363 100 Efterflægt
1669 996 141 82 med

142 1084 440 99 Forfædrenes
646 1083 286 95 Dyder,
990 1082 108 93 saa
1154 1083 408 97 forfremmes
1624 1087 192 101 begge

144 1182 363 99 Riggernes
566 1182 213 97 bæste,
846 1206 79 74 og
984 1182 431 101 Foreemngen
1480 1188 203 83 saaer
1740 1196 73 78 ril

137 1280 278 85 Verden
481 1278 218 94 falder.
823 1280 92 86 Et
969 1289 474 89 undertvunget
1485 1283 164 100 Folk
1689 1288 126 86 kan

134 1381 273 94 maaskee
457 1376 103 100 for
615 1403 102 58 een
775 1377 149 99 Pid
987 1382 224 95 holdes
1263 1384 20 78 i
1345 1380 285 90 Tømme
1687 1394 123 74 ved

132 1478 328 98 Magten,
500 1502 144 57 men
700 1479 316 97 Venffab
1078 1482 310 95 bestyrkes
1440 1489 118 76 ved
1604 1481 204 98 fælles

134 1576 322 101 Fordeele.
558 1578 170 83 Men
772 1600 164 60 naar
994 1580 120 93 har
1154 1585 72 76 de
1262 1577 277 98 Danske
1578 1590 204 75 under-

135 1692 272 79 tvunget
465 1680 130 80 os?
685 1679 242 78 Dnud
985 1684 118 77 den
1157 1681 160 92 store
1381 1682 196 97 vidste
1633 1683 178 96 hvad

137 1774 300 97 Indtryk
477 1774 256 84 Gulder
769 1776 216 96 gjorde
1023 1799 132 74 paa
1179 1775 220 97 Dem,
1443 1778 130 95 som
1597 1788 218 82 endnu

136 1877 54 92 ej
237 1873 257 94 kjændre
539 1874 279 95 Magten
860 1874 78 94 af
969 1882 141 75 dets
1151 1875 319 99 forforiffe
1505 1879 305 95 Glands,

136 1994 82 73 og
270 1978 138 77 med
474 1972 114 97 List
658 1980 442 90 overumplede
1172 1975 170 99 Han
1416 1984 74 75 de
1570 1997 242 81 trygge.

134 2068 169 83 Men
344 2069 365 99 Magnus
752 2077 117 76 den
930 2078 157 90 gode
1136 2075 207 94 havde
1386 2078 171 92 siden
1602 2079 179 97 Mag-

133 2184 118 69 ten,
387 2168 68 98 I
497 2176 70 74 de
603 2171 274 96 sildigere
921 2170 218 94 Tuder
1183 2175 120 96 har
1343 2180 120 79 den
1501 2177 276 97 Lyksalig-

133 2266 155 99 hed,
349 2265 129 95 som
537 2270 185 97 begge
779 2269 205 99 Riger
1049 2271 117 98 har
1239 2274 199 96 hostet
1507 2273 81 96 af
1641 2275 137 101 For-

126 2369 332 94 eeningen,
518 2368 166 96 gjort
732 2365 420 99 Venffabets
1190 2369 266 91 Baand
1496 2378 284 93 u-oplose-

126 2467 155 98 ligt,
330 2489 77 75 og
448 2466 193 96 fælles
686 2467 161 88 Rær
886 2473 75 79 til
1002 2487 69 68 at
1108 2471 269 96 regjeres
1422 2471 77 98 af
1530 2481 71 72 de
1626 2477 181 95 bæste

129 2562 268 99 Konger
435 2568 114 90 har
589 2569 166 94 gjort
801 2574 100 80 det
941 2590 138 65 eene
1123 2569 162 100 Folk
1321 2568 324 101 færdigere
1683 2582 120 76 end

129 2666 104 77 det
287 2672 188 80 ander
527 2666 70 82 til
651 2685 70 64 at
787 2674 250 90 adlyde.
1143 2669 172 85 Men
1355 2670 95 97 jeg
1495 2673 198 92 sætter
1733 2692 72 62 at

129 2758 233 101 Norge
434 2782 120 64 var
624 2783 54 64 et
762 2774 478 89 undertvunget
1296 2768 224 101 Land,
1600 2795 80 75 og
1738 2790 74 66 at

128 2858 210 99 Magt
376 2884 76 74 og
494 2886 70 58 en
604 2863 426 98 forurenende
1058 2867 116 98 List
1202 2887 124 65 var
1352 2876 74 76 de
1446 2887 150 66 rette
1620 2873 160 85 Mid-

128 2964 89 77 ler
275 2961 68 80 til
399 2980 68 62 ar
506 2962 197 100 lholde
744 2971 101 77 det
884 2968 21 78 i
948 2966 355 100 Lydighed,
1360 2968 175 98 hvad
1602 2973 205 81 kunde

123 3062 106 77 der
281 3063 88 76 da
427 3062 170 94 ffade
635 3063 508 96 Dannemark,
1205 3084 70 64 at
1319 3066 234 99 Norge
1597 3071 210 96 havde

123 3175 59 62 er
241 3155 283 88 Academ
551 3165 77 76 e?
701 3171 101 76 der
859 3186 63 60 er
965 3171 97 74 vel
1103 3187 69 72 ey
1197 3171 71 77 de
1307 3166 249 84 Lærdes
1605 3165 169 87 Sæl-

124 3256 142 95 ffab
308 3279 80 75 og
434 3257 566 107 Videnskabernes
1040 3263 332 103 Dyrkere,
1414 3266 134 105 som
1592 3269 184 97 Mag-

120 3370 103 63 ten
286 3357 117 98 har
458 3376 71 66 ar
574 3356 199 103 frygte
816 3362 105 96 for
960 3364 21 80 i
1020 3381 57 62 er
1116 3363 199 87 Land,
1446 3364 187 99 Ney!
1700 3364 107 98 for

117 3453 146 100 Hisse
325 3477 196 75 gaaer
583 3465 104 80 det
743 3463 234 83 Landet
1031 3464 300 100 velnok,
1391 3486 168 65 naar
1615 3465 132 87 De
1783 3470 26 76 i

917 3560 89 92 V
1629 3563 177 93 Roe-
