2922 4480
2201 501 26 36 *

964 538 98 72 tt

1200 711 186 84 Saa
1430 710 286 98 uhældig
1760 710 126 80 kan
1930 725 58 64 et
2012 705 371 99 Menneskes
2410 704 128 97 ofte
2558 723 182 80 være,

966 834 89 78 øg
1088 812 123 97 faa
1250 815 283 92 ustadig,
1602 812 241 103 flibrig,
1886 809 303 82 vaklende
2230 824 83 82 og
2358 811 379 94 misundelig

967 928 86 68 tt
1101 913 238 96 Lykken
1399 919 144 72 dem
1597 910 134 94 fom
1793 915 162 78 leede
1995 907 152 96 efter
2187 914 160 90 den,
2391 932 80 72 og
2513 925 228 80 trænge

963 1014 78 80 ril
1081 1035 212 74 nogen
1319 1011 250 102 Hiælp;
1623 1018 86 76 da
1751 1012 138 92 hun
1915 1013 348 79 tvertimod
2291 1010 256 96 ligesom
2571 1005 172 98 søger

969 1130 78 64 at
1091 1113 154 98 hitte
1283 1117 238 91 andre,
1565 1118 110 76 der
1709 1112 124 81 ikke
1879 1111 200 94 bryde
2121 1113 92 93 sig
2255 1112 160 94 stort
2455 1129 110 60 om
2611 1109 104 94 hin-

965 1216 127 78 des
1147 1211 193 94 sande
1395 1211 341 97 Venffab.
1855 1211 523 98 Spørgsmaal:
2450 1231 108 58 om
2599 1207 119 92 Lyk-

966 1312 160 85 kens
1170 1313 216 96 Uhyre
1426 1314 212 94 aldrig
1684 1312 124 80 kan
1852 1309 428 99 forebygges,
2348 1330 80 78 og
2502 1329 110 62 om
2674 1315 72 74 de

968 1412 442 84 Studerende
1464 1412 122 82 ikke
1646 1418 120 76 alle
1830 1411 128 80 kan
2020 1417 164 74 blive
2226 1416 162 76 dens
2432 1410 312 83 Vennen

964 1512 147 100 Jeg
1156 1533 245 60 meener
1440 1511 99 93 jo!
1594 1510 143 98 Thi
1780 1531 111 60 om
1928 1531 161 60 man
2132 1512 171 80 vilde
2344 1516 159 74 deele
2542 1515 145 82 dem
2716 1509 25 78 i

967 1640 50 48 2
1061 1612 290 97 Classer,
1411 1610 250 99 hvoraf
1697 1616 120 76 den
1863 1611 196 94 første
2097 1611 204 91 ffulde
2341 1614 270 92 udgiore
2653 1605 80 84 Ån-

969 1716 206 91 delige
1211 1709 376 102 Personer,
1627 1708 136 94 som
1803 1717 120 72 ved
1965 1709 254 88 Midler
2265 1708 164 94 have
2469 1707 246 92 indsam-

965 1820 88 76 let
1097 1814 344 83 Viisdom
1487 1832 81 74 og
1609 1808 455 99 Erfarenhed,
2115 1809 70 94 ja
2261 1812 122 76 ved
2439 1805 306 100 Fødselen

971 1914 474 97 ere-besemte
1140 1915 290 90 bestemte
1484 1914 68 78 til
1614 1918 102 74 det
1756 1910 250 101 Høye;
2060 1931 80 76 og
2196 1908 72 80 til
2334 1914 118 74 den
2510 1915 234 88 anden,

976 2012 228 88 Børn
1260 2011 82 94 af
1380 2013 246 103 ringere
1682 2011 392 99 Herkomst,
2105 2007 158 93 som

970 2114 118 92 saa
1128 2129 72 64 at
1246 2115 146 94 sige,
1436 2132 80 74 og
1562 2108 322 97 tilfældige
1934 2109 176 96 Ting
2154 2114 118 74 ved
2318 2109 314 94 ordentlig
2674 2121 70 64 at

968 2214 151 82 løbe
1162 2211 259 84 Banen
1456 2211 309 95 igiennem
1806 2211 165 88 have
2008 2209 255 96 ligesom
2288 2212 233 91 anviist
2546 2207 195 82 Sted

971 2314 258 78 iblandt
1271 2311 180 96 hine,
1495 2308 112 94 saa
1647 2310 122 80 kan
1809 2315 126 90 dog
1979 2309 190 96 begge
2239 2308 162 78 blive
2451 2309 286 94 hiulpen,

969 2414 26 80 i
1033 2404 116 102 sær
1208 2431 176 60 naae
1439 2417 72 73 de
1565 2412 182 94 sidste
1793 2412 212 95 havde
2043 2413 208 91 aflagt
2291 2406 276 100 Prøver
2607 2427 136 86 paa

963 2520 195 74 deres
1199 2510 395 98 Duelighed
1647 2514 21 78 i
1727 2534 77 56 en
1841 2505 81 98 af
1971 2507 569 97 Videnskaberne,
2595 2513 141 76 eller

966 2618 206 94 fieere,
1220 2615 246 94 ffiøndt
1528 2616 76 76 de
1642 2612 124 80 ikke
1808 2631 136 74 paa
1986 2606 296 102 saaende
2322 2608 182 98 Foed
2530 2607 214 88 havde

962 2724 144 90 lagt
1146 2709 442 94 fuldkommen
1636 2712 420 84 Grundvold
2112 2709 70 82 til
2224 2716 142 74 dem
2408 2714 160 89 alle,
2656 2729 80 74 og

966 2820 116 78 lad
1126 2819 144 74 dem
1294 2813 124 80 ikke
1444 2814 144 80 vide
1644 2818 172 76 uden
1872 2833 74 60 en
1994 2813 218 93 eneste,
2254 2808 110 96 faa
2408 2812 186 92 heder
2634 2813 104 74 det

967 2924 136 88 dog
1143 2931 72 64 at
1259 2935 74 58 en
1376 2913 323 83 Student
1724 2914 123 79 kan
1873 2931 166 60 være
2063 2914 206 94 nyttig
2295 2910 70 80 til
2387 2916 118 74 alle
2530 2907 205 98 Ting,

961 3038 93 76 og
1119 3033 72 62 at
1245 3021 76 74 de
1373 3017 208 92 flestes
1619 3012 286 100 Hierner
1957 3031 96 60 ere
2095 3009 282 90 saaledes
2427 3015 312 86 dannede,

961 3136 78 62 at
1079 3122 74 76 de
1203 3115 126 80 kan
1375 3131 148 77 tage
1565 3114 178 82 imod
1785 3119 66 74 al
1895 3110 536 96 Underviisning,
2475 3131 78 74 og
2597 3125 133 76 paa-

955 3215 252 90 kortere
955 3216 253 82 kortere
1259 3211 137 92 Tid
1457 3218 123 76 end
1647 3218 205 76 andre
1921 3231 249 76 opnaae
2243 3216 121 74 den
2419 3206 313 98 forønffte

954 3316 300 100 Høyde,
1310 3313 168 92 samt
1534 3314 234 92 tænke,
1830 3317 128 78 tale
2030 3331 82 74 og
2170 3310 194 96 ffrive
2404 3310 18 78 i
2470 3331 70 54 en
2572 3312 128 76 Ved-

955 3416 218 94 borkig
1210 3413 284 97 Orden,
1545 3411 218 100 altsaa
1794 3416 220 91 flutter
2054 3411 96 95 jeg
2194 3428 72 62 at
2306 3416 74 74 de
2420 3423 202 80 meget
2648 3415 84 74 let

954 3516 130 82 fan
1128 3519 338 76 anvendes
1504 3514 70 78 til
1618 3512 568 100 Fædrenelandets
2234 3508 254 98 Nytte,
2532 3529 81 76 og
2654 3525 74 64 at

955 3622 83 91 de
1077 3616 128 101 just
1227 3633 94 70 ere
1345 3613 554 100 debeqvemmeste
1913 3606 568 101 Redskaber-som
2347 3606 136 98 fom
2507 3605 224 100 Hans

2537 3707 194 86 Kon-
