3005 4582
649 475 12 12 ‘
1685 473 79 45 21

170 646 148 104 ligt,
372 660 74 65 at
486 661 208 76 nogen
720 639 126 83 kan
874 640 250 84 komme
1164 641 66 80 til
1262 634 412 97 Academiet,
1728 629 136 96 fom

168 766 75 56 er
276 746 241 78 aldeles
564 739 271 94 forsøm
880 740 21 76 i
950 744 95 92 sin
1088 737 261 94 lgrinffe
1404 729 455 91 Grammatik.

167 842 176 92 Han
379 859 154 58 maa
575 839 160 92 have
765 836 110 96 saa
895 838 162 78 liden
1087 835 140 96 Lyst
1271 837 70 78 til
1375 820 492 105 Studeringer,

165 938 112 92 saa
309 938 148 78 lidet
513 933 238 88 Talent
805 934 68 76 til
911 932 294 97 Sprog,
1261 933 132 90 som
1435 928 146 96 han'
1613 933 114 76 vil:
1799 947 66 60 er

171 1036 133 94 han
333 1032 153 95 først
521 1047 283 80 antagen
831 1030 19 76 i
895 1030 323 97 Skolen,
1293 1048 159 58 maa
1511 1028 133 92 han
1679 1025 187 98 iglen*

172 1152 142 58 nem
346 1128 98 94 for
476 1143 72 64 at
576 1149 164 58 naae
780 1126 414 99 Academiet,
1254 1147 76 72 og
1366 1122 222 98 bringe
1606 1122 108 94 saa
1732 1143 104 58 me-

162 1244 106 78 get
302 1234 142 72 med
474 1227 88 90 sig
592 1227 18 76 i
640 1225 302 97 Latinen,
998 1241 72 65 at
1106 1227 132 94 han
1254 1223 128 78 ikke
1414 1220 122 94 stal
1570 1222 168 77 blive
1768 1217 80 94 af-

160 1324 161 94 viist.
422 1320 277 85 Læreren
720 1328 185 90 veed,
974 1342 73 60 at
1090 1343 77 60 en
1218 1316 293 92 Vildelse
1552 1316 23 78 i
1622 1314 249 81 Stilen

167 1420 192 78 bliver
395 1420 18 76 i
445 1416 110 95 sær
605 1417 134 94 høit
797 1433 308 79 anregnet
1149 1419 118 78 ved
1323 1423 120 71 den
1482 1409 387 97 akademiske

165 1514 334 97 Examen;
555 1517 130 90 han
717 1513 176 95 søger
925 1512 210 93 derfor
1167 1509 100 96 for
1299 1519 66 73 al
1391 1508 174 97 Ting
1609 1527 74 63 ar
1715 1507 150 96 sette

165 1616 93 92 sin
289 1616 308 92 Ungdom
635 1609 123 97 fast
803 1612 18 76 i
865 1618 74 72 de
981 1608 544 100 grammaticalffe
1573 1606 292 97 Reglers

164 1710 256 96 Brug;
482 1731 76 70 og
602 1715 112 72 der
750 1706 248 82 komme
1028 1713 96 74 vel
1176 1707 112 94 saa
1342 1708 68 76 til
1450 1704 416 95 Academiet,

166 1806 134 92 som
360 1808 64 88 jo
454 1805 210 80 kunne
696 1807 172 94 giøre
914 1826 72 60 en
1020 1804 184 87 Stiil
1248 1813 170 74 uden
1450 1810 84 72 de
1588 1807 280 90 groveste

166 1899 544 101 grammaticalffe
734 1901 152 97 Feil.
988 1902 176 79 Men
1210 1899 97 98 jeg
1360 1916 166 62 troer
1574 1900 165 95 ikke,
1794 1915 74 64 at

171 2018 184 60 enten
385 1998 226 82 Lærere
655 2007 140 70 eller
839 1998 286 82 Lærende
1175 1999 166 94 have
1371 2000 128 92 stor
1527 1993 254 98 Aarsag
1797 2011 74 64 at

171 2116 162 58 være
363 2098 174 92 stolte
577 2091 78 96 af
677 2101 200 74 denne
907 2093 403 94 Kundskab-,
1369 2114 168 58 naar
1567 2115 160 58 man
1741 2077 94 94 "be-

171 2210 238 78 tragter
441 2200 116 71 den
583 2191 130 88 Tid
755 2214 76 72 og
873 2192 196 80 Møie
1099 2199 104 76 det
1245 2191 122 96 har
1399 2190 188 98 koster
1603 2214 70 56 ar
1693 2189 142 80 brin-

166 2310 72 76 ge
282 2306 56 64 et
381 2288 347 95 Menneffe
790 2289 341 97 saa-vide,
952 2292 180 93 vidt,
1187 2287 131 94 som
1371 2286 321 82 Naturen
1737 2289 125 88 har

168 2402 206 80 negtet
408 2391 64 75 al
508 2385 216 84 Genie
752 2388 68 78 til
852 2386 292 97 Sprog,
1202 2395 118 72 den
1342 2382 516 101 Misfornøjelse,

166 2490 100 74 det
308 2484 124 94 har
486 2481 320 94 forvolder
856 2506 138 72 paa
1064 2485 270 82 Læreres
1370 2504 78 74 og
1526 2482 338 84 Lærendes

164 2580 225 94 Side,
442 2586 121 75 den
598 2579 247 91 Tvang
878 2588 105 74 det
1014 2584 119 93 har
1163 2582 164 97 givet
1344 2574 357 101 fornøden,
1740 2587 123 72 den

167 2676 356 96 Tidsspilde
553 2701 78 72 og
661 2678 496 113 Forsømmelse,
1213 2679 134 92 som
1399 2684 74 74 de
1517 2684 158 88 gode
1709 2677 124 94 Ho-

169 2782 180 74 veder
379 2781 224 76 derved
635 2777 118 94 har
782 2793 278 72 maatte-:
1103 2779 150 92 lide,
1313 2795 78 75 og
1445 2778 236 93 endelig
1735 2781 126 74 den

163 2872 175 94 ringe
365 2872 253 95 Nytte,
671 2873 133 92 som
822 2892 56 60 et
912 2872 348 92 Menneske
1287 2871 127 83 kan
1444 2871 163 95 have

165 2967 481 104 Tie-Kundskab
752 2971 206 83 Naar
984 2972 128 79 ikke
1144 2969 296 94 Examen
1476 2990 162 78 var,
1694 2971 170 80 vilde

166 3063 277 96 maaskee
504 3087 76 58 en
632 3065 196 86 Lærer
908 3072 226 92 opsette
1184 3075 76 76 de
1312 3067 552 96 grammaticalffe

168 3160 273 92 Øvelser
456 3163 245 100 tilsidst,
760 3166 133 98 han
924 3168 167 81 vilde
1114 3167 125 78 ikke
1264 3161 279 99 foretage
1562 3172 123 76 den
1712 3169 149 76 med

167 3260 114 94 lige
327 3260 406 99 Strænghed
795 3270 144 72 med
981 3272 158 89 alle;
1191 3265 130 94 han
1373 3262 164 80 vilde
1589 3266 140 78 lade
1771 3263 90 94 sig

167 3358 138 76 nøle
353 3363 188 90 med,
593 3375 68 64 at
709 3367 106 91 de,
877 3360 134 92 som
1043 3362 130 97 han
1203 3359 194 84 forud
1425 3356 180 102 saae,
1661 3359 206 96 ffulde

165 3452 125 80 ikke
319 3454 165 84 blive
567 3459 155 96 store
799 3458 297 99 Latiner,
1179 3459 213 98 havde
1463 3454 111 96 saa
1639 3477 225 76 megen

908 3556 88 88 B
1058 3581 32 70 3
1514 3554 246 85 Kund-
