2912 4466
1850 494 89 60 11

383 662 228 102 Hvad
649 661 186 82 ellers
875 666 106 78 det
1019 660 392 95 anbelanger
1451 671 72 68 at
1547 677 76 62 en
1651 654 260 86 Maade-

165 766 90 96 lig
329 764 190 82 klædt
583 759 366 101 Student,
1025 758 154 96 efter
1249 760 242 91 samme
1559 756 384 103 Forfatters

165 864 355 97 Meening,
557 863 127 80 ikke
727 863 205 96 ffulde
971 858 149 98 faae
1157 858 245 99 Brod,
1439 865 143 78 eller
1625 878 75 60 en
1733 856 183 94 Dos-

166 986 142 62 mer
354 966 164 94 iglen
562 961 248 92 snarere
848 970 396 88 employeres
1294 957 104 98 for
1456 961 130 96 sine
1642 958 308 96 prægtige

168 1064 322 86 Klæders
532 1061 206 98 flyld;
794 1069 88 76 da
926 1064 124 80 kan
1084 1062 100 96 jeg
1224 1062 126 97 sige
1392 1059 22 80 i
1458 1057 378 99 Sandhed,
1876 1074 76 70 at

170 1166 140 96 han
362 1162 132 82 kun
554 1161 120 100 har
724 1165 162 90 havt
936 1166 166 90 flette
1160 1159 264 93 Tanker
1472 1181 112 62 om
1624 1165 146 73 dem
1808 1152 140 98 som

177 1270 262 76 uddeele
478 1262 363 97 Embeder,
894 1268 107 74 der
1044 1262 291 98 befindes
1375 1265 94 78 alt
1506 1257 107 96 for
1656 1258 177 96 kloge
1871 1260 78 78 til

173 1382 76 64 at
289 1370 146 74 lade
473 1366 96 93 sig
605 1361 270 94 bedrage
909 1360 82 96 af
1021 1368 320 78 udvortes
1375 1361 352 100 glimrende
1763 1356 154 88 Væ-

167 1464 152 94 sen;
373 1462 68 98 I
487 1468 106 75 det
631 1465 270 92 mindste
943 1464 124 78 bør
1103 1482 162 63 man
1291 1481 70 74 ey
1403 1459 196 86 tænke
1635 1459 314 93 saaledes,

168 1569 91 96 og
293 1560 265 99 følgelig
593 1563 90 78 vil
727 1569 100 76 det
855 1563 250 81 komme
1139 1566 92 78 ud
1255 1579 134 74 paa
1413 1575 82 78 et,
1541 1575 182 68 enten
1747 1554 168 90 Stu-

170 1668 308 76 denterne
516 1681 166 74 gaae
724 1667 120 76 alle
886 1666 146 78 med
1070 1666 158 78 rode
1272 1657 312 92 Klæder,
1640 1662 142 80 eller
1826 1662 126 76 den

170 1762 310 84 NLrbare
518 1759 164 92 sorte
720 1759 288 99 Dragt-
1050 1756 134 96 som
1228 1778 120 65 vor
1392 1747 338 114 Forfatter
1770 1758 184 94 giver

172 1860 426 102 Fortrinnet;
638 1865 144 74 med
810 1860 250 82 mindre
1078 1858 468 86 Studenterne
1570 1859 20 74 i
1606 1855 346 105 Forveyen

172 1950 256 90 Kender
464 1966 124 75 den
626 1957 268 100 Herres
934 1958 297 96 Gemyt,
1292 1955 134 94 som
1472 1959 134 94 han
1650 1956 122 96 ffal
1810 1956 113 96 giø-

167 2080 70 60 re
295 2058 440 96 Opvartning
793 2061 168 94 hos,
1023 2080 82 76 og
1145 2080 64 58 er
1241 2056 383 92 overbeviis
1665 2078 150 74 om,
1873 2070 80 66 at

169 2158 250 96 samme
471 2158 182 91 settes
701 2161 20 74 i
775 2179 74 56 en
895 2155 468 96 overordentlig
1405 2154 380 96 Bevægelse
1819 2160 128 78 ved

175 2262 132 82 den
347 2264 96 76 alt
465 2238 104 115 for
597 2259 318 93 verdslige
961 2278 82 70 og
1083 2259 306 93 pralende
1425 2261 160 78 røde
1625 2253 322 85 Couleur.

397 2360 175 102 Paa
611 2363 73 78 de
737 2355 197 96 første
975 2354 229 90 Sider
1261 2356 121 89 har
1427 2375 161 64 man
1631 2353 319 97 betragtet

164 2480 84 62 en
288 2456 194 100 fattig
526 2457 362 84 Students
928 2456 280 94 ynkelige
1250 2454 332 89 Skiæbne
1622 2474 82 74 og
1728 2452 190 86 Ende-

166 2562 160 94 ligt,
368 2562 72 92 ja
480 2565 200 88 endog
722 2555 272 98 afmalet
1036 2554 264 95 samme,
1342 2555 250 98 ffiøndt
1628 2554 124 82 ikke
1794 2558 150 78 med

166 2664 84 78 de
286 2661 452 94 almindeligste
774 2663 144 77 eller
962 2658 288 96 groveste
1272 2653 296 100 Farver:
1614 2651 126 99 Og
1764 2650 150 100 spør-

162 2780 115 76 ger
324 2780 213 80 nøgen
588 2779 109 60 om
756 2754 381 98 Aarsagen,
1204 2760 93 78 da
1356 2755 93 80 vil
1504 2759 123 74 den
1666 2756 277 94 ventelig

161 2860 174 80 blive
395 2866 122 77 den
563 2857 276 100 samme,
875 2857 138 95 som
1067 2854 106 102 for
1227 2875 238 76 mange
1519 2853 148 88 Aar
1721 2856 226 98 siden,

161 2962 278 96 nemlig:

375 3060 144 100 Jeg
565 3059 118 96 har
723 3057 132 98 ofte
899 3054 406 101 suppliceret,

481 3158 177 83 Men
697 3165 219 76 endnu
951 3156 91 94 fik
1083 3158 189 96 ingen
1315 3153 241 92 Svar.

372 3258 172 90 Der
576 3279 64 60 er
678 3263 188 94 ingen
906 3258 346 96 designeret

484 3360 208 83 Som
730 3367 120 74 den
902 3358 232 98 Fattig
1178 3374 178 81 tager
1402 3375 148 68 var.

380 3458 168 94 Der
590 3481 64 58 er
694 3463 188 92 ingen
926 3458 98 94 fat
1070 3460 20 78 i
1126 3454 234 101 Dag,

472 3560 209 89 Som
720 3559 123 100 ffal
882 3564 271 82 dømme
1194 3560 21 84 i
1254 3564 127 83 den
1420 3557 203 104 Sag.

1743 3654 188 92 San
