2921 4455
1184 428 85 74 48

1099 593 305 103 offentlig.
1503 589 143 99 Jeg
1677 588 123 98 har
1825 589 169 96 giorr
2011 595 235 86 mange
2291 582 347 102 Forflage,
2693 590 111 78 det

1106 717 66 60 er
1202 694 228 94 sandr;
1484 709 146 59 men
1660 686 162 94 hvor
1862 703 62 60 er
1958 690 104 74 det
2098 682 264 94 mueligr
2398 701 72 60 at
2506 703 144 59 røre
2676 686 126 76 ved

1111 815 78 58 en
1224 790 215 93 Ting,
1490 783 135 94 som
1650 784 29 78 i
1701 801 234 78 mange
1970 780 327 94 hundrede
2340 778 145 82 Aar
2522 779 119 94 har
2672 798 99 60 væ-

1111 905 98 62 ret
1237 899 194 75 mørt
1459 903 80 76 og
1565 881 364 94 uantastet,
1999 884 172 75 uden
2191 893 72 64 at
2289 878 176 94 finde
2505 892 200 80 meget
2729 888 80 67 at

1110 981 344 98 forandre,
1508 994 200 80 meget
1756 991 70 66 at
1871 975 361 95 foreflaae?
2301 972 143 98 Jeg
2481 963 329 102 forlanger

1112 1081 179 95 ikke,
1344 1095 70 64 at
1446 1083 120 73 alle
1592 1076 168 80 mine
1798 1071 310 98 Forflage
2130 1069 384 94 ffuldevære
2536 1075 76 76 de
2632 1068 174 92 beste.

1119 1173 162 93 Det
1319 1198 62 60 er
1409 1173 130 96 mig
1571 1172 122 80 nok
1709 1220 22 47 ,
1795 1171 156 96 ifald
1989 1168 98 95 jeg
2139 1167 120 94 har
2289 1168 140 92 viist
2457 1169 184 92 nogle
2673 1162 138 98 Feil

1117 1301 83 71 og
1231 1274 317 97 Mangler
1593 1276 119 74 ved
1769 1289 121 60 vor
1927 1267 454 92 Universitets-
2419 1283 79 74 og
2559 1260 261 84 Skole-.

1120 1372 294 95 Væsen,
1468 1367 134 94 som
1632 1386 96 58 ere
1770 1364 234 97 vigtige
2024 1363 122 79 nok
2176 1363 70 78 til
2276 1359 227 92 arse-ere
2532 1357 254 98 Patrio-

1122 1489 93 64 ter
1238 1472 21 76 i
1298 1462 417 98 Bevægelse,
1768 1483 83 74 og
1878 1473 351 81 opmuntre
2244 1465 181 89 dem,
2480 1455 137 92 som
2648 1454 169 96 have

1125 1569 216 93 Magt
1375 1547 220 109 dertil,
1649 1574 72 66 at
1753 1557 196 82 tænke
1977 1576 136 72 paa
2139 1555 250 81 Midler
2415 1550 100 95 for
2531 1569 74 64 at
2637 1552 182 98 hæve

1123 1673 169 74 dem.
1391 1657 285 97 Vigtige
1715 1656 361 92 Manglers
2107 1649 281 98 Indsigt
2439 1669 65 60 er
2547 1655 105 76 det
2681 1646 107 94 før-

1124 1767 88 92 ste
1250 1758 262 84 Skridt
1540 1756 68 80 til
1660 1750 460 100 Forbedring,
2200 1769 80 73 og
2324 1752 172 77 uden
2542 1747 278 98 Forflag

1124 1856 365 100 iverksettes
1532 1853 193 95 ingen
1768 1846 451 101 Forbedring..
2328 1842 143 96 Jeg
2528 1843 121 92 har
2707 1839 112 95 faa

1127 1958 179 92 nøie,
1357 1950 134 93 som
1523 1950 298 93 mueligt,
1875 1945 178 93 holdt
2087 1943 130 92 mig
2261 1940 68 78 til
2369 1942 134 78 min
2549 1939 244 97 Hoved-

1130 2050 300 95 materie,
1488 2055 86 74 da
1599 2044 99 98 jeg
1724 2049 222 87 ellers,
2002 2039 276 93 nåarjeg
2296 2034 218 95 skulde-
2531 2037 263 94 haveud-

1126 2149 143 100 ført
1310 2152 74 74 de
1424 2139 571 93 Nebenmaterier,
2076 2130 136 97 som
2259 2135 194 101 sor-des’
2476 2131 20 80 i
2548 2131 248 96 Forbin-

1213 2242 170 96 delse
1405 2246 310 92 dermed,
1771 2249 245 68 maatte
2045 2234 166 93 have
2235 2231 230 93 ffrevet
2491 2227 238 97 eirheel

1416 2339 246 99 .Bog;
1737 2333 229 100 hvilket
2009 2332 129 79 ikke
2195 2346 127 66 var
2373 2327 139 82 min

1830 2429 298 99 Hensigt.
