2921 4454
1686 367 85 66 23

157 544 182 100 Lyst,
407 548 168 85 naar
623 549 82 76 de
775 540 188 96 tillige
1041 535 242 96 besidde
1343 542 118 76 den
1537 526 322 102 fornødne

159 641 369 93 Kundskab
549 661 79 76 og
661 639 379 100 Færdighed
1065 631 101 94 for
1209 649 73 64 at
1309 633 209 79 kunne
1543 634 175 96 giøre
1751 637 107 74 det

162 748 148 74 med
342 740 238 94 Nytte.
680 739 140 94 Jeg
854 752 168 62 troer
1056 729 248 98 derfor,
1360 748 68 62 at
1456 750 158 60 man
1638 737 190 72 allere-

158 845 84 75 de
268 840 206 92 havde
502 837 170 96 givet
712 835 274 82 Lærerne
1024 847 56 62 et
1122 833 158 92 stort
1314 829 240 79 Motiv
1586 827 66 80 til
1698 825 132 100 Flik-

162 937 255 93 lighed,
470 951 167 62 naar
650 951 159 58 man
822 936 125 74 ved
972 946 71 61 ar
1062 927 259 96 ophæve
1342 932 123 74 den
1478 925 381 94 academiffe

159 1033 290 93 Examen
479 1029 84 96 fik
593 1027 92 94 fat
703 1035 146 74 dem
877 1030 20 76 i
929 1022 258 86 Stand
1207 1025 70 78 til
1297 1038 72 64 at
1385 1022 262 90 forrette
1669 1029 186 76 deres

159 1127 288 83 Embede
469 1133 142 74 med
631 1125 142 95 Lyst
791 1146 80 74 og
889 1124 232 92 Nytte.
1155 1121 190 82 Man
1361 1118 176 98 forge
1555 1121 188 80 ikkun
1757 1121 70 80 til-

151 1222 265 100 ligefor,
468 1239 72 63 at
1215 1222 143 78 med
1381 1218 281 97 Mænd,
1715 1217 143 94 som

150 1325 168 92 have
350 1322 170 96 giver
558 1321 250 84 Beviis
850 1340 134 74 paa
1032 1315 540 97 Arbejdsomhed,
1640 1337 80 74 og
1752 1313 84 96 af-

148 1427 136 89 lagr
320 1420 240 98 Prove
584 1439 134 74 paa
752 1425 122 73 den
908 1414 322 94 fornødne
1272 1413 306 84 Lærdom.
1678 1411 176 86 Der

143 1539 70 60 er
242 1526 85 74 da
352 1520 163 78 liden
548 1515 259 82 Grund
839 1514 70 78 til
937 1528 72 64 at
1037 1530 174 79 troe,
1277 1528 72 62 ar
1389 1532 76 58 en
1518 1509 303 84 Skolelæ-

147 1636 104 59 rer
281 1616 202 94 ffulde
513 1613 184 86 chlive
735 1608 340 96 efterladen
1115 1611 18 78 i
1189 1611 78 92 sit
1321 1606 312 84 Embede.
1751 1609 100 82 At

145 1718 314 76 meddeele
499 1711 94 92 sin
626 1706 359 98 Kundskab
1019 1711 66 76 til
1115 1713 244 87 andre,
1413 1726 62 62 er
1505 1728 76 58 en
1613 1721 206 66 natur-

144 1813 86 93 lig
283 1804 213 93 Drift
529 1805 123 94 hos
681 1804 411 95 Menneffer,
1145 1803 135 90 som
1305 1807 229 77 lønner
1573 1806 89 91 sig
1697 1801 151 102 selv,

146 1929 84 73 vg
264 1906 124 78 ikke
428 1905 272 92 behøver
742 1908 212 74 anden
996 1898 502 98 Opmuntring,
1570 1905 118 76 end
1724 1907 124 76 den

144 2004 326 97 giensidige
506 1999 281 95 Lærelyst
826 1998 122 92 hos
968 2005 253 86 andre;
1276 2017 148 59 men
1454 2001 238 93 qvæles
1714 1997 130 82 kan

139 2109 124 76 den
283 2122 76 72 og
373 2097 220 99 ganske
611 2094 376 99 udslukkes,
1041 2113 168 62 naar
1227 2113 158 60 man
1405 2114 62 62 er
1497 2100 160 74 nodt
1677 2095 68 80 til
1761 2109 80 66 at

137 2203 138 78 lære
287 2198 172 78 imod
479 2198 90 91 sin
599 2192 596 97 Overbeviisning,
1229 2211 66 60 er
1325 2190 246 82 bunder
1593 2193 68 76 til
1679 2193 130 80 Me-

139 2297 263 91 thoder,
433 2290 135 94 som
595 2311 161 62 man
783 2290 415 97 misbilliger,
1229 2297 143 76 eller
1397 2290 185 96 ingen
1603 2289 199 98 Frem-

134 2412 170 79 gang
342 2392 118 94 seer
504 2389 122 96 hos
672 2397 76 80 de
790 2388 304 82 Lærende.

280 2588 387 100 Imidlertid
698 2589 165 81 vilde
894 2586 97 96 jeg
1028 2590 125 91 dog
1182 2583 125 80 ikke
1324 2632 23 48 ,
1404 2600 71 62 at
1490 2604 159 60 man
1686 2583 19 80 f
1720 2581 111 96 faet

131 2687 194 97 vigtig
349 2710 74 58 en
469 2688 178 95 Sag
709 2691 104 75 lod
863 2692 106 74 det
1023 2681 246 98 ganske,
1293 2683 252 79 komme
1565 2703 86 58 an
1695 2701 140 74 paa

133 2783 310 84 Lærernes
463 2783 344 98 LErlighed
843 2806 78 72 og
939 2780 532 96 Samvittighed.
1575 2778 226 83 Skole-

129 2887 253 75 lærerne
419 2884 119 77 bor
581 2882 164 90 blive
769 2886 209 74 under
1021 2899 85 58 en
1155 2877 283 97 Opsigt,
1511 2874 135 94 som
1697 2877 133 80 kan

130 2979 224 94 hindre
394 2986 138 76 dem
560 2979 106 94 fra
708 2995 72 64 at
810 2998 168 60 være
1016 2977 358 96 uredelige,
1432 2994 108 60 om
1586 2978 76 75 de
1704 2981 126 78 end

128 3077 210 88 havde
370 3078 136 95 Lyst
534 3079 194 82 dertil.
834 3074 176 82 Men
1038 3080 198 77 denne
1270 3073 248 95 Opsigt
1556 3070 124 81 kan
1698 3069 128 82 ikke

124 3175 253 79 komme
412 3174 103 92 fra
560 3175 451 96 Biskopperne
1058 3177 217 74 allene.
1410 3170 183 84 Den
1660 3189 165 60 maa

123 3291 164 61 være
319 3272 472 82 Skolelærerne
819 3288 204 80 meget
1055 3289 174 74 nær,
1280 3265 113 98 faa
1429 3282 72 64 at
1529 3272 74 76 de
1635 3269 190 94 ingen

123 3369 184 97 Dag
341 3390 64 60 er
431 3371 184 95 sikker
645 3369 102 98 for
787 3374 140 80 den.
1029 3366 180 87 Den
1235 3386 164 63 maa
1439 3384 166 64 være
1639 3365 20 80 i
1690 3382 101 62 me-

125 3540 2 2 .
1016 3490 52 69 4
1615 3481 107 82 gec
