2956 4507
1721 412 85 64 35

188 578 156 98 kelig
384 574 408 100 Standart,
848 572 134 94 som
1012 571 124 82 kan
1164 571 176 98 holde
1376 582 78 70 vs
1480 575 120 78 den
1643 571 204 80 almin-

189 679 195 94 delige
190 680 195 94 delige
410 681 163 90 gode
620 675 251 93 Smag
924 693 81 74 og
1052 669 469 88 Tænkemaade
1560 673 21 76 i
1608 667 267 86 Videm

191 776 296 94 ffaberne
525 769 100 96 for
655 771 222 93 Ørne,
935 791 78 72 og
1049 767 136 92 fore
1223 778 82 66 os
1349 768 224 95 tilbage
1605 767 66 82 til
1713 775 166 91 den,

193 870 158 94 ifald
391 874 64 76 vi
497 871 204 96 ffulde
741 886 162 60 være
933 885 132 74 paa
1109 865 226 82 Veien
1377 866 70 78 til
1477 883 70 62 ar
1577 865 302 81 tabeden.

195 966 121 98 Og
348 970 239 95 ethvert
627 964 161 99 Folk
838 964 180 78 taber
1056 965 118 76 den
1224 980 166 60 meer
1424 967 140 74 eller
1594 963 286 93 mindre,

196 1072 296 76 naaridet
520 1061 158 98 først
710 1062 118 92 har
868 1060 190 93 bragt
1094 1057 328 95 Smagen
1454 1062 18 74 i
1514 1060 368 96 Videnffa«

192 1162 189 80 berne
420 1163 69 78 til
516 1183 77 56 en
636 1161 243 95 Høide.
994 1155 163 84 Det
1210 1176 197 74 gaaer
1450 1162 85 73 da
1584 1163 121 74 ned
1754 1162 129 94 ad,

188 1280 79 75 og
653 1262 142 74 med
813 1254 206 98 stærke
1041 1251 274 84 Skridt.
1413 1252 124 97 Og
1569 1259 140 90 det,
1745 1252 140 92 som

185 1376 64 60 er
291 1366 102 72 det
441 1359 256 92 værste,
767 1358 100 76 det
911 1349 262 80 mærker
1205 1348 126 80 ikke
1373 1352 92 92 sin
1495 1369 150 76 egen
1687 1348 168 97 Afm-

183 1452 153 98 gelfe
413 1475 147 58 men
588 1458 121 76 den
899 1448 167 97 Hob
1095 1447 210 92 holder
1433 1446 177 89 Tids
1629 1447 253 101 Smag

184 1552 182 98 stedfe
396 1548 102 98 for
532 1555 122 76 den
688 1549 174 95 beste.
964 1543 160 86 Det
1160 1565 64 58 er
1264 1542 368 101 Aarsagen,
1690 1547 162 92 hvor-

184 1647 104 97 for
326 1652 162 78 intet
540 1650 250 77 levende
828 1644 298 95 Sprogs
1158 1638 304 94 Skrifter
1490 1663 96 58 ere
1620 1640 263 97 skikkede

189 1748 72 80 til
287 1764 72 64 at
409 1746 162 78 tiene
613 1741 70 80 ril
724 1738 249 94 saadan
1029 1759 76 58 en
1163 1738 314 95 urykkelig
1513 1747 368 75 Standart

189 1852 146 72 eller
377 1839 234 101 Fakkel
635 1837 100 96 for
771 1836 348 95 Smagen.
1221 1834 188 80 Man
1437 1838 118 90 har
1593 1839 20 76 i
1639 1843 74 74 de
1735 1860 122 72 nye-

189 1960 69 60 re
291 1940 253 94 Sprog
585 1954 235 76 mange
863 1935 317 95 ypperlige
1233 1930 345 99 Skrifter,
1651 1932 245 98 hvoraf

194 2056 234 76 mange
458 2039 204 88 endog
692 2033 18 75 i
742 2032 172 78 mine
958 2029 260 86 Tanker
1251 2036 322 98 overgaae
1606 2029 250 84 Latiner-

190 2144 116 72 nes
350 2154 78 74 og
448 2129 412 113 Grækernes.
962 2123 150 100 Ja,
1180 2125 100 95 jeg
1311 2127 310 107 raske-Jeg
1666 2145 72 62 at
1760 2132 124 80 ved

186 2236 123 74 alle
360 2228 315 97 offentlige
728 2222 257 84 Skoler
1024 2243 121 60 var
1186 2211 419 114 LeilighedM
1624 2239 77 66 at
1736 2230 145 78 lære

187 2335 74 75 de
289 2346 184 74 nyere
505 2323 274 96 Sprog.
881 2320 178 79 Men
1081 2325 144 75 med
1255 2324 94 74 alt
1403 2328 102 74 det
1533 2315 218 102 holder
1779 2324 100 96 jeg

185 2442 58 62 et
275 2430 158 76 dødt
475 2421 296 96 Sprogs
803 2415 302 96 Skrifter
1157 2415 222 80 allene
1416 2418 261 95 skikkede
1699 2421 66 79 til
1803 2438 76 66 at

188 2522 158 80 blive
378 2542 74 58 en
474 2518 360 92 almindelig
860 2536 76 76 og
956 2515 320 95 bestandig
1296 2512 206 100 Negel
1522 2513 102 96 for
1646 2517 206 83 Sma-

188 2635 132 79 gen.
420 2616 118 93 Og
566 2621 84 74 da
702 2617 72 77 de
828 2613 248 96 latinffe
1126 2633 78 76 og
1250 2614 264 95 grædffe
1551 2611 329 97 Skrifter
1818 2636 64 60 er

190 2716 161 96 have
378 2736 77 56 en
484 2712 323 96 Værdie,
858 2708 135 94 som
1024 2731 65 60 er
1158 2710 297 98 bestemt,
1510 2731 81 74 og
1626 2709 133 94 som
1804 2720 77 76 de

193 2814 198 94 aldrig
421 2810 208 81 kunne
665 2810 188 94 tabe,
911 2808 330 95 Smagen
1257 2806 22 78 i
1317 2812 74 76 de
1415 2829 186 76 nyere
1619 2807 260 99 Sprog

193 2930 154 60 maa
389 2906 298 96 forandre
733 2908 88 94 sig
853 2904 134 92 som
1029 2911 120 78 den
1175 2907 126 95 vil;
1354 2903 106 94 faa
1487 2907 122 78 bør
1623 2913 108 74 der
1751 2926 98 60 væ-

187 3027 69 59 re
299 3002 305 102 offentlige
673 3003 483 99 Indretninger
1217 3002 67 80 til
1337 3020 73 64 at
1483 3005 183 92 holde
1737 3004 145 98 disse

194 3104 258 96 Sprog
480 3105 20 76 i
530 3103 138 96 Agt
704 3124 80 72 og
809 3103 224 83 Ære-,
1116 3099 182 84 Latin
1348 3122 78 74 og
1460 3099 274 100 Grædff
1754 3102 124 80 bør

190 3200 210 96 derfor
434 3200 248 95 fordres
706 3198 77 98 af
806 3202 269 92 enhver,
1146 3197 134 94 som
1308 3198 310 96 igiennem
1668 3221 76 58 en
1788 3196 71 98 of-

191 3297 218 101 fentlig
441 3299 220 82 Skole
689 3318 196 76 gaaer
925 3298 70 79 til
1043 3295 390 83 Academæt.
1537 3295 176 84 Men
1735 3303 118 79 Her-

195 3394 104 100 for
321 3396 312 100 forsvarer
663 3395 96 98 jeg
793 3394 126 82 ikke
953 3402 120 73 den
1117 3399 186 93 tange
1347 3392 170 99 Tid,
1571 3417 158 60 man
1763 3416 90 62 an-

929 3490 75 87 C
1055 3517 45 52 2
1541 3497 253 86 vender

2612 1766 145 76 iik

2519 3670 103 60 Fiske
2570 3670 52 60 fk
