2936 4558
103 2108 45 71 S
279 2091 37 110 f

104 2164 44 68 fe

104 2164 44 68 fe
183 2183 5 44 :
278 2163 78 76 Mik

1137 531 115 65 20

1368 696 224 98 Hertil
1641 693 283 79 kommer
1982 708 70 62 at
2096 708 58 60 er
2197 689 211 96 Norsk
2449 691 373 85 Academies

1152 794 320 97 oprettelse
1512 798 168 76 vilde
1718 795 142 92 give
1900 792 190 92 begge
2120 790 440 81 Academierne
2584 797 212 75 anleed-

1146 903 157 88 ning
1356 898 70 78 til
1470 914 74 58 en
1584 888 102 99 for
1726 890 528 94 Videnskaberne
2294 891 203 93 nyttig
2522 894 274 76 LEmula-

1151 1003 156 74 tioir.
1413 990 176 88 Den
1671 989 502 98 Efterladenhed
2247 991 20 72 i
2325 1003 68 64 at
2457 987 362 102 frembringe

1121 1099 6 20 :
1155 1110 192 81 noget
1391 1092 176 98 Nyt,
1613 1097 198 76 denne
1845 1088 556 96 Vedhængenhed
2429 1089 18 78 i
2479 1092 98 76 det
2605 1095 216 90 gamle,

1147 1205 200 72 denne
1401 1192 369 97 Stolthed,
1839 1191 134 92 som
2041 1205 230 76 mange
2329 1183 77 98 af
2457 1193 72 73 de
2589 1188 237 96 Herrer

1154 1291 406 104 Professorer
1604 1289 124 94 ofte
1772 1289 190 82 rober
2004 1288 174 78 imod
2222 1289 68 74 de
2328 1285 100 96 her
2458 1287 340 81 Studeren-

1150 1403 112 86 de,
1306 1414 80 74 og
1428 1390 132 92 som
1602 1387 126 96 ofte
1770 1410 194 77 gaaer
1986 1384 70 84 til
2082 1406 74 58 en
2186 1385 336 93 skammelig
2552 1384 272 100 Foragt;

1148 1495 257 84 Denne
1430 1487 573 99 Selvnokfomhed
2028 1490 125 94 hos
2178 1490 161 89 dem,
2364 1485 123 90 som
2510 1486 189 96 hviler
2720 1484 109 92 saa

1153 1599 196 87 roebg
1363 1594 20 76 i
1401 1596 72 74 de
1485 1586 720 99 erlangteFortjenefter,
2233 1607 76 72 og
2327 1589 110 74 den
2453 1582 350 96 dybeTaus-

1153 1695 144 94 hed,
1317 1691 134 93 som
1471 1696 72 74 de
1565 1683 284 98 udenfor
1871 1686 130 90 læse
2025 1682 318 93 Timerne,
2371 1705 78 74 og
2483 1686 72 76 de
2567 1680 260 98 fastsatte

1149 1789 475 95 Dispmatzer,
1699 1785 111 94 saa
1855 1788 181 92 hellig
2081 1784 261 79 bevarer
2385 1785 19 78 i
2439 1788 93 76 alt
2569 1788 121 90 det,
2729 1788 95 75 der

1148 1891 210 80 kunde
1396 1906 146 62 røre
1584 1891 120 76 ved
1744 1884 552 94 Videnskaberne,
2340 1902 180 60 maae
2544 1880 118 80 ikke
2686 1880 110 97 Op-

1150 1986 306 96 rindelsen
1498 1990 70 76 til
1608 1991 94 74 alt
1744 1993 160 72 dette
1946 1982 396 95 Academiffe
2378 1981 198 84 Onde
2598 1982 224 78 tildeels

1150 2091 191 92 søges
1404 2090 167 90 deri,
1630 2101 71 62 at
1756 2085 369 80 Academiet
2162 2088 21 74 i
2226 2081 191 98 begge
2460 2081 273 95 Rigerne
2766 2099 55 60 er

1145 2197 108 72 det
1295 2190 222 82 eeneste
1541 2182 78 91 af
1635 2185 76 90 sit
1737 2183 260 95 Slags.
2103 2179 472 103 Professorerne
2601 2178 220 98 frygter

1145 2287 126 78 ikke
1297 2302 70 62 at
1389 2288 116 76 lide
1525 2282 250 81 Skaar
1795 2287 18 74 i
1833 2285 96 94 sin
1943 2280 308 97 Næring,
2271 2281 200 96 ffjom
2487 2278 338 84 Academiet

1141 2387 149 80 kom
1331 2386 21 76 i
1413 2384 371 80 Miscredit.
1891 2381 131 85 De
2063 2404 95 58 ere
2221 2379 145 100 visse
2411 2401 129 74 paa
2583 2382 107 92 lige
2727 2376 97 94 saa

1138 2504 240 76 mange
1436 2480 340 100 Tilhørere
1830 2483 22 76 i
1914 2480 144 82 Aar
2118 2480 132 92 som
2312 2485 20 74 i
2376 2479 198 102 Fjor;
2626 2478 84 96 thi
2758 2482 64 73 de

1140 2587 128 92 har
1324 2591 76 75 de
1462 2582 236 94 samme
1756 2592 250 84 tvangs
2056 2580 248 82 Midler
2356 2583 20 76 i
2448 2579 370 99 Hænderne,

1132 2691 85 74 de
1280 2704 97 61 ere
1428 2704 73 72 ey
1562 2684 209 93 bange
1830 2699 71 63 at
1962 2688 101 74 det
2104 2685 195 75 andet
2340 2678 333 85 Academie
2712 2676 109 96 skal

1139 2789 204 90 drage
1401 2782 332 98 Rigernes
1777 2779 434 84 Studerende
2251 2781 306 94 Ungdom
2601 2780 66 78 til
2705 2778 104 94 sig;

1135 2883 178 82 Men
1373 2888 108 74 lad
1541 2904 90 58 nu
1691 2899 56 64 et
1797 2887 194 75 ander
2051 2878 386 86 Academies
2479 2873 336 99 Oprettelse

1128 2983 186 96 gjøte
1355 2986 183 76 deres
1585 2980 377 93 Tilhøreres
2007 2978 411 100 Forsamling
2447 2981 115 78 lidt
2590 2978 228 78 mindre

1134 3083 240 93 ralriig,
1420 3102 80 74 og
1544 3086 144 75 dem
1716 3081 120 94 selv
1862 3083 114 78 lidt
2006 3100 196 58 meere
2230 3077 194 96 uvisse
2450 3081 20 76 i
2504 3078 122 94 sine
2652 3074 142 98 Ind-

1134 3183 294 91 komster,
1470 3178 110 92 saa
1620 3201 64 58 er
1728 3181 96 94 jeg
1862 3180 108 78 vis
2012 3198 132 74 paa
2184 3193 72 64 ak
2300 3175 516 97 Videnskaberne

1126 3283 163 76 intet
1331 3282 90 78 vil
1461 3280 144 78 tabe
1648 3283 255 78 derved.
2006 3278 129 82 Lad
2175 3287 82 68 os
2286 3277 129 82 kun
2454 3277 81 93 see
2577 3276 68 78 til
2671 3291 148 61 vore

1129 3377 316 82 Naboer!
1499 3376 234 97 Aldrig
1769 3399 126 60 var
1933 3376 238 96 Upsala
2209 3377 20 78 i
2271 3375 242 94 saadan
2549 3370 266 96 anseelse,

1123 3475 236 94 førend
1415 3474 182 84 Aboe
1669 3479 140 78 blev
1853 3482 240 88 anlagt.
2203 3475 386 84 Skrivende
2629 3494 77 74 og
2747 3487 68 76 ey

1122 3575 136 84 blot
1314 3574 492 100 Disputerende
1866 3574 458 102 Professores,
2394 3581 76 78 de
2556 3572 264 94 vittigste

2578 3664 232 101 Skrift
