2951 4500
1611 353 75 65 31

94 526 183 95 hvad
307 541 162 62 man
511 517 88 81 vil
637 514 430 97 examinerei,
1141 532 78 78 og
1262 512 171 97 hvad
1479 537 158 62 man
1697 521 88 82 vil

98 617 475 102 exammeresi,
626 621 179 89 eller,
860 610 229 96 hvilket
1108 630 63 61 er
1200 616 101 75 det
1326 611 269 98 samme,
1626 639 161 58 man

100 725 229 90 vælger
362 716 145 97 visse
538 712 468 94 Compendier,
1062 708 233 94 hvortil
1324 731 155 60 man
1512 713 121 80 kan
1652 717 107 78 bin-

101 824 80 75 de
209 821 92 92 sig
325 837 134 72 paa
478 813 185 93 begge
696 805 263 97 Sider,
992 826 79 74 og
1099 804 136 92 som
1272 806 125 81 kan
1426 808 159 81 blive
1601 813 160 82 Mid-

102 919 164 80 delet
296 913 66 80 til
402 927 72 65 at
504 903 240 98 foreene
783 903 109 92 faa
924 904 164 94 ulige
1122 902 366 99 Indsigter.
1604 909 188 83 Man

103 1029 240 74 prøver
375 1015 86 74 da
487 1003 155 96 ikke,
697 997 176 91 hvad
899 1000 256 84 Grund
1203 1016 58 64 er
1303 1021 168 75 ungt
1511 1005 250 83 Menne-

105 1110 87 94 ske
223 1109 115 94 har
367 1111 131 88 lagt
531 1103 21 78 i
580 1122 74 57 en
710 1108 140 72 eller
900 1104 214 74 anden
1151 1094 382 98 Videnskab
1645 1125 151 60 men

105 1206 257 93 hvorvel
405 1201 127 89 han
577 1196 119 98 har
759 1202 139 74 lært
935 1202 105 76 det
1071 1196 23 76 i
1159 1201 199 74 denne
1404 1194 387 100 Videnskab

103 1300 327 99 gangbare
469 1295 487 94 Compendium
999 1298 173 76 uden
1215 1300 125 91 ad;
1405 1316 83 75 og
1533 1317 79 58 en
1659 1298 107 91 hen-

102 1404 149 91 læ§rd
286 1392 336 101 Professor
672 1398 144 76 med
868 1390 486 96 Compendium
1380 1390 26 78 i
1446 1391 348 100 Haanden

103 1518 80 75 og
205 1493 416 83 Candidaren
653 1487 102 96 for
813 1492 132 92 sig,
1001 1508 62 56 er
1099 1485 122 81 ikke
1263 1493 232 94 andet,
1551 1499 120 74 end
1711 1499 80 74 en-

103 1592 447 93 Skolehseeee,
102 1593 449 94 Skolehører,
600 1594 114 73 der
768 1591 174 77 lader
976 1586 92 94 sig
1089 1604 77 59 en
1189 1584 205 82 .Lectie
1420 1584 369 97 forrecitere.

102 1690 163 87 Det
286 1686 523 92 Compendium,
838 1681 133 93 som
996 1680 343 98 forelegges
1376 1685 195 95 ham,
1628 1709 159 61 maa

110 1790 137 95 han
275 1783 350 104 examinere
649 1777 194 100 ester,
901 1800 78 74 og
994 1766 131 108 han
1158 1779 133 78 kan
1316 1781 133 80 ikke
1476 1790 143 74 med
1632 1785 133 82 Bil-

112 1885 205 96 lighed
350 1881 267 94 forkaste
650 1885 142 87 det,
848 1881 103 77 det
976 1894 191 60 maae
1194 1895 163 60 være
1388 1877 123 81 nok
1552 1879 110 92 saa
1688 1887 108 91 flet

112 2004 83 73 og
217 1977 170 96 fuldt
414 1977 75 92 af
511 1975 154 98 Feil.
779 1972 218 97 Hvad
1048 1972 285 95 afgio-res
1374 1996 93 59 nu
1514 1983 121 74 ved
1662 1979 109 92 saa-

110 2086 132 75 dan
288 2097 72 58 en
394 2073 344 96 Examen?
792 2064 150 88 Om
970 2076 72 74 de
1084 2090 168 72 unge
1288 2068 364 99 Mennisser
1686 2077 85 94 ha-

108 2194 80 61 ve
216 2179 133 90 lagt
386 2193 74 58 en
526 2176 123 89 god
706 2165 255 85 Grund
990 2166 19 76 i
1044 2186 77 58 en
1184 2162 433 99 Videnskab-?
1684 2195 114 60 om

107 2272 275 83 Lærerne
423 2269 161 92 have
647 2264 348 96 underviist
1039 2270 145 76 dem
1213 2271 146 78 med
1387 2266 378 95 Skiønsom-

118 2370 112 91 hed
270 2389 76 74 og
378 2365 414 95 Smag?—
854 2359 474 99 Ingenlunde;
1382 2385 146 60 men
1572 2366 224 83 ikkun:

109 2488 107 57 om
247 2463 323 86 Børnene
603 2462 165 96 have
797 2456 239 84 Gaver
1067 2458 68 78 til
1163 2474 72 62 at
1275 2464 141 75 lære
1455 2469 171 76 uden
1669 2471 129 94 ad,

111 2586 79 73 og
221 2581 107 60 om
367 2561 279 82 Lærerne
689 2559 165 95 have
897 2558 175 86 holdt
1111 2560 145 76 dem
1323 2561 293 93 tilgavns
1663 2567 109 79 der-

113 2662 220 80 til.—
395 2657 139 82 Vil
569 2677 161 59 man
777 2656 165 94 sige,
1007 2667 74 64 at
1113 2672 75 61 en
1237 2650 435 99 Examinator
1703 2667 103 78 vel

113 2758 124 81 kan
259 2761 296 90 modtage
607 2770 58 62 et
717 2749 528 99 Compendium,
1317 2775 78 73 og
1455 2759 124 91 dog
1651 2755 148 96 faae

112 2852 296 97 Lejlighed
438 2851 70 80 til
546 2868 72 64 at
646 2849 196 94 høre,
914 2866 112 60 om
1072 2846 178 94 hans
1304 2849 494 98 Candidathar

113 2971 168 62 meer
313 2955 112 74 end
451 2956 136 73 lært
621 2954 102 73 det
753 2950 172 76 uden
951 2950 126 92 ad,
1147 2948 120 78 ved
1311 2963 72 64 at
1421 2950 254 85 indlade
1707 2957 94 94 sig

110 3055 148 76 med
290 3049 153 94 ham
482 3047 22 76 i
532 3069 75 57 en
642 3049 143 75 eller
836 3046 217 76 anden
1096 3042 327 100 Materie;
1474 3047 111 94 saa
1622 3053 177 80 lader

108 3152 167 77 dette
304 3145 91 94 sig
432 3137 73 96 af
528 3142 299 96 adssillige
860 3137 321 99 Aarsager
1200 3140 121 83 ikke
1350 3148 101 75 vel
1480 3145 190 96 giøre.
1722 3149 73 98 I

114 3244 173 95 hvad
316 3233 253 105 Sprog
596 3242 121 93 stal
754 3242 133 94 hap
924 3236 355 96 raifonnere
1312 3248 145 75 med
1486 3247 95 88 sin
1609 3243 152 84 Can-

111 3342 357 95 didat?—
356 3379 112 20 —
496 3335 67 104 Z
594 3336 408 88 Latinen.—
1102 3334 176 93 Men
1306 3357 20 60 t
1350 3343 162 80 dette
1530 3339 256 102 Sprog
