2896 4531
1040 676 300 100 Fjender,
1370 668 154 89 hvis
1550 668 156 92 heele
1722 667 173 79 Ære
1917 664 278 96 besaaer
2232 671 18 72 i
2274 681 68 63 at
2366 664 202 82 kunde
2592 667 146 92 laste

1042 798 83 72 og
1168 774 163 78 belee
1368 775 95 74 alt
1506 770 175 82 hvad
1724 771 107 74 der
1872 764 123 80 ikke
2034 786 65 58 er
2144 769 179 74 deres
2362 784 151 76 eget,
2542 787 193 58 naaer

1043 874 124 78 ikke
1209 891 82 74 op
1335 889 72 60 at
1447 866 352 96 bessjemme
1839 875 98 68 os.
2099 862 132 85 De
2291 863 112 94 faa
2467 862 262 97 Norsse,

1037 972 139 96 Thi
1203 976 75 75 de
1307 991 65 58 er
1401 969 126 77 kun
1551 966 149 95 faa,
1737 965 130 94 som
1899 964 122 78 kan
2051 962 258 91 bestride
2337 968 74 74 de
2431 962 277 95 Omkost-

1044 1074 262 94 ninger,
1374 1067 454 94 Studeringer
1886 1068 120 74 ved
2068 1062 366 97 Sagernes
2478 1081 232 62 nærvæ-

1042 1178 194 74 rende
1274 1168 408 99 Indretning
1728 1163 372 95 udfordrer,
2148 1161 122 88 har
2312 1169 128 87 dog
2482 1165 142 94 viist
2660 1183 74 74 og

1043 1270 212 97 viiser,
1299 1273 176 88 hvad
1517 1286 156 58 man
1718 1265 205 78 kunde
1966 1262 205 96 haabe
2211 1283 108 58 om
2356 1262 379 97 Mængden.

1039 1370 110 98 Ja
1187 1372 96 95 jeg
1325 1387 190 73 troer,
1555 1382 74 62 ar
1657 1383 164 60 naar
1845 1383 158 59 man
2039 1367 318 92 undtager
2381 1384 106 56 een
2513 1365 222 92 eeneste

1039 1467 431 98 Viidenssab,
1511 1466 125 96 ssal
1677 1469 109 74 der
1823 1466 217 75 endnu
2083 1464 21 76 i
2145 1467 73 72 de
2261 1464 219 92 øvrige
2517 1462 215 91 findes

1038 1570 230 98 ligesaa
1306 1584 234 78 mange
1568 1586 78 76 og
1682 1558 382 99 haabefulde
2088 1558 250 99 Norsse
2364 1558 132 92 som
2520 1558 188 87 Dan-

1028 1672 91 96 sse
1156 1667 333 98 Dyrkere.

1267 1867 155 102 Her
1461 1884 191 60 maae
1685 1863 97 96 jeg
1825 1883 93 59 nu
1959 1866 103 76 vel
2103 1878 167 63 være
2309 1859 263 82 betænkt
2605 1881 123 76 paa

1042 1990 74 64 at
1174 1975 222 76 møcde
1450 1988 104 60 een
1624 1964 482 95 Indvending,
2178 1959 130 92 som
2374 1980 154 60 vore
2582 1967 152 88 gode

1040 2072 290 84 Venner
1390 2066 124 79 nok
1568 2066 88 76 vil
1718 2061 178 98 gjøre
1956 2072 98 66 os.
2158 2059 130 86 De
2348 2064 88 76 vil
2494 2059 238 95 maaske

1037 2170 280 96 spørge,
1415 2162 268 96 hvorfor
1755 2161 124 78 kan
1955 2158 142 96 diste
2173 2161 240 93 duelige
2493 2158 242 97 Norsse

1039 2292 74 74 ey
1169 2274 246 76 udrette
1473 2268 100 74 det
1621 2260 238 94 samme
1927 2260 108 90 her
2101 2258 132 91 som
2295 2280 108 57 om
2479 2264 74 74 de
2613 2259 118 92 selv

1035 2368 211 94 havde
1288 2383 58 62 et
1383 2363 379 92 Academie,
1833 2354 271 105 hvorfor
2145 2357 123 80 kan
2309 2365 79 71 de
2425 2358 123 80 ikke
2589 2363 117 92 lige-

1032 2470 212 92 saavel
1306 2467 104 96 her
1470 2460 134 94 som
1666 2466 110 75 der
1824 2461 144 96 give
2008 2454 120 86 Os
2184 2479 74 58 en
2303 2455 406 95 Mælk-Kir-

1030 2566 418 99 ke-Hisorie,

2574 2457 136 82 Kir-

1030 2567 419 99 ke-Historie,
1490 2561 483 96 Lov-Historie,
2014 2580 55 56 o.
2110 2554 41 91 s.
2202 2575 61 62 v.
2340 2554 159 98 Ney
2538 2556 167 83 Mes-

1035 2672 248 92 sieurs!
1355 2665 118 84 Vi
1527 2684 62 58 er
1645 2667 94 74 alt
1795 2655 100 96 for
1949 2658 510 96 taknemmelige,
2525 2658 70 80 til
2663 2675 68 64 at

1033 2770 69 78 vi
1143 2768 181 94 ssulle
1383 2771 129 73 æde
1547 2760 246 95 Daa
1839 2757 253 95 Brød,
2163 2779 81 74 og
2289 2755 301 95 Arbeyde
2631 2753 101 98 for

1032 2878 80 70 os
1154 2866 142 92 selv.
1400 2865 174 81 Men
1598 2860 64 98 I
1684 2861 164 94 ryste
1872 2878 130 76 paa
2024 2856 324 100 Hoveder.
2456 2856 270 84 Staaer

1030 2974 163 76 dette
1252 2963 221 84 Svar
1538 2962 123 80 ikke
1716 2957 177 86 Eder
1932 2964 135 74 an?
2130 2957 159 94 Ney
2314 2963 14 72 !
2380 2956 69 98 I
2506 2955 223 83 tænker

1025 3066 162 98 nok,
1265 3065 176 96 hvad
1529 3070 74 74 de
1685 3067 162 74 æder
1905 3078 186 60 maae
2157 3063 76 74 de
2315 3055 122 93 selv
2515 3058 210 78 betale.

1027 3166 114 98 Ja
1181 3170 164 78 dette
1379 3183 62 60 er
1485 3158 110 98 for
1631 3157 250 97 saavidt
2215 3177 148 60 men
2401 3162 118 76 den
2543 3154 154 81 Nor-

1022 3268 92 94 sse
1154 3259 603 98 Taknemmelighed
1824 3256 276 99 strækker
2146 3259 94 94 sig
2288 3259 182 95 vidt;
2543 3254 179 95 Dog

1022 3360 108 100 for
1184 3379 74 67 at
1314 3363 158 96 tjene
1510 3360 196 88 der
1762 3359 88 78 vil
1886 3359 98 93 jeg
2030 3358 140 94 give
2214 3355 94 86 Et
2350 3361 372 90 alvorligere

1018 3464 243 82 Svar.
1400 3459 135 89 De
1602 3459 301 96 Norsse,
1980 3454 139 94 som
2186 3463 121 74 ved
2364 3462 75 74 de
2488 3455 235 96 aarlige

1017 3561 548 104 Skole-Forhør
1643 3556 516 103 hvert,Foraar
2259 3563 306 83 dommes
2651 3553 68 80 til

2407 3638 299 124 Hoben-
