2961 4514
1697 391 42 60 9

142 557 178 82 Men
348 577 136 76 paa
522 560 122 76 den
678 560 216 74 anden
926 554 190 84 Side
1154 575 62 58 er
1264 559 120 76 den
1432 569 60 66 et
1519 554 314 98 skadeligt

142 649 271 120 Baq
447 657 365 98 paa-deres
618 658 180 74 deres
846 652 310 96 Indsigt,
1214 673 80 76 og
1348 667 58 64 et
1452 653 258 84 Middel
1764 657 72 78 til

146 769 72 64 at
266 755 174 94 giøre
468 760 74 72 de
574 752 156 96 beste
774 770 80 74 og
904 752 310 95 redeligste
1260 751 228 82 Lærere
1552 753 228 80 lunkne
1816 753 20 77 i

148 857 188 74 deres
358 849 330 97 Embede,
740 868 88 76 og
866 848 222 98 betage
1124 854 142 77 dem
1298 855 64 76 al
1400 849 180 84 Mod
1604 875 76 74 og
1696 851 140 98 Lyst

154 949 70 84 til
268 967 70 66 ar
364 953 156 77 lære.
588 974 12 8 -

296 1145 215 98 Hvad
542 1164 61 60 er
638 1148 105 76 det
770 1142 101 96 for
920 1142 501 101 Videnffaber,
1496 1145 133 94 som
1666 1149 177 94 giøre

149 1247 120 74 den
327 1242 378 96 academiffe
763 1242 510 95 Eramenmeest
1311 1245 390 100 glimrende,
1757 1269 84 75 og

147 1337 288 106 forskaffe
467 1362 58 60 er
575 1356 166 74 unat
791 1340 345 98 Menneske
1183 1347 74 76 de
1311 1345 168 94 fleste
1533 1343 308 86 Berøm»

151 1439 416 99 melsestegn?
635 1434 162 90 Det
835 1460 62 58 er
933 1440 126 80 ikke
1119 1446 144 75 dem
1287 1491 22 46 ,
1363 1441 136 92 som
1533 1439 310 98 udfordre

151 1543 122 76 den
313 1543 248 93 længste
585 1537 191 88 Tid-i
731 1540 22 76 i
805 1536 274 86 Skolen
1119 1534 102 97 for
1271 1557 72 62 at
1371 1545 226 94 læres,
1653 1551 192 89 eller,

149 1635 136 94 som
311 1621 340 109 forüdse.te
701 1642 120 74 den
861 1640 214 94 største
1121 1636 148 101 Flid
1325 1659 80 78 og
1455 1639 392 100 Duelighed

155 1735 124 94 hos
325 1733 282 82 Lærerne
651 1734 100 92 for
805 1752 74 62 at
951 1740 182 75 læres
1169 1741 116 76 vel.
1365 1721 20 14 '
1415 1737 178 84 Den
1627 1743 220 92 største

153 1837 379 94 Fremgang
567 1834 21 76 i
615 1838 103 74 der
781 1832 261 96 grædffe
1093 1854 77 77 og
1221 1833 247 94 latinffe
1499 1835 255 98 Sprog
1785 1855 63 61 er

154 1949 204 74 neppe
395 1928 300 95 kjendelig
758 1936 120 76 ved
926 1938 122 72 den
1108 1931 374 92 academiffe
1548 1931 302 98 Examen

156 2023 100 94 for
280 2031 118 74 den
430 2025 516 99 Exammerende
978 2026 168 99 selv,
1218 2037 120 72 end
1368 2031 164 96 sige,
1614 2049 72 62 at
1728 2035 124 77 den

153 2123 202 95 skulde
400 2124 300 80 udmerke
742 2146 78 58 en
860 2124 338 84 Candidat
1258 2127 208 80 iblant
1508 2133 122 76 den
1686 2131 164 92 store

156 2221 168 98 Hob
358 2221 80 95 af
462 2222 570 82 Medcandidater.
1136 2223 130 82 Lad
1296 2241 62 62 er
1376 2241 168 78 ungt
1564 2223 260 84 Menne-

152 2307 88 106 ste
272 2317 164 98 have
468 2326 290 74 anvendt
802 2324 94 88 sin
930 2324 182 92 meste
1136 2321 318 82 Skoletid
1480 2323 222 96 (ogjeg
1722 2325 102 96 hol-

154 2423 106 74 der
306 2421 200 77 denne
549 2416 128 88 Tid
722 2420 128 80 ikke
888 2420 118 78 ilde
1048 2421 344 96 anvendt)
1462 2441 136 74 paa
1648 2439 72 62 at
1760 2445 64 58 er-

152 2515 232 94 hverve
412 2517 87 97 sig
552 2538 76 58 en
666 2518 279 94 grundig
980 2513 278 100 Indsigt
1294 2517 18 78 i
1346 2527 102 74 der
1474 2519 266 94 grædffe
1772 2543 79 75 og

151 2613 244 94 latinffe
435 2612 296 98 Sprog,
807 2620 106 76 lad
969 2616 156 94 ham
1179 2613 128 86 læse
1349 2619 144 92 'sine
1555 2615 294 84 Autorer

157 2709 148 94 efter
333 2713 94 94 sin
477 2710 242 82 Alders
749 2712 268 80 Maade
1059 2721 146 72 med
1241 2711 252 98 Smag
1561 2737 80 72 og
1679 2715 136 100 For-

159 2813 208 88 stand!
421 2807 170 97 hvad
627 2810 228 96 hielper
887 2816 204 76 denne
1127 2811 296 94 møysom
1471 2811 380 92 erhvervede

156 2904 353 96 Kundskab
553 2906 156 96 ham
747 2910 84 86 til!
849 2926 72 62 at
963 2908 222 96 glimre
1253 2917 120 74 ved
1421 2909 426 87 Academiet?

161 3003 114 84 En
315 3003 144 96 halv
493 3004 236 88 Times
747 3004 426 94 Overhørelse
1197 3027 66 58 er
1295 3013 64 74 al
1381 3015 118 74 den
1519 3007 160 98 Tid,
1719 3011 132 98 han

155 3099 180 94 faaer
383 3101 64 79 til
473 3118 68 64 at
575 3102 120 90 vise
727 3110 136 92 sig;
935 3124 220 74 ogom
1197 3109 130 88 han
1381 3111 120 74 end
1555 3105 154 94 viser
1763 3113 90 93 sig

148 3197 263 94 nok-saa
303 3197 110 94 saa
437 3196 442 102 fordeelagtig,
945 3198 352 104 saa-faaer
1347 3205 132 90 han
1543 3209 121 94 dog
1745 3205 104 94 for

156 3317 234 76 mange
427 3295 179 83 Aars
644 3302 244 94 nyttige
939 3300 149 98 Flid
1128 3301 124 80 ikke
1298 3307 152 88 fleer
1482 3309 140 72 eller
1654 3307 198 90 større

156 3393 688 103 Berømmelsesregn,
902 3406 122 74 end
1062 3420 72 61 en
1166 3397 76 98 af
1290 3401 174 94 hans
1522 3399 324 85 Medcam

900 3502 66 82 A
1026 3524 32 66 5
1498 3499 252 80 didater
