2895 4490
1496 20 496 71 mmmm

1055 499 102 94 38

1664 472 451 115 'MM»

1067 671 182 90 havn
1289 673 122 74 ved
1451 666 410 82 Academiets
1899 665 292 102 Deeling
2231 676 136 76 eller
2405 666 307 100 forsenet-

1065 768 289 95 se,»vilde
1191 769 164 78 vilde
1392 765 145 102 tale
1577 768 22 78 i
1631 768 98 96 sin
1767 766 274 95 Anseelse
2079 789 82 76 og
2185 767 280 99 Styrke.
2565 772 170 81 Men

1065 866 129 97 skal
1251 873 87 72 da
1392 874 222 72 tvende
1655 864 267 98 Riigers
1963 865 149 88 Vel
2153 867 205 92 sættes
2402 874 194 92 tilside
2637 869 97 96 for

1068 987 112 60 een
1238 963 246 86 Stads
1552 964 378 99 Opkomst?
2008 962 454 102 Kjøbenhavn
2532 970 120 79 kan
2714 973 22 76 i

1070 1065 346 96 Sandhed
1458 1066 212 92 ansees
1712 1064 132 94 som
1882 1087 106 60 een
2030 1065 412 101 Blod-Igle,
2482 1074 110 76 der
2626 1075 86 74 ud-

1068 1165 142 92 suer
1256 1171 118 74 alle
1422 1162 522 94 Undersaatterne
1998 1169 70 78 til
2118 1167 218 83 Marv
2388 1190 82 74 og
2528 1168 214 89 Blod.

1068 1263 215 100 Hvad
1325 1269 118 76 den
1479 1262 460 96 arbejdsomme
1962 1265 377 84 Landmand
2363 1276 144 72 med
2532 1266 211 99 blodig

1136 1369 177 82 veed
1353 1361 322 99 fortjener,
1719 1364 176 96 hvad
1937 1371 118 74 den
2091 1367 430 99 vindssibelige
2545 1366 172 101 Han-

1069 1469 346 74 delsmand
1479 1468 122 76 ved
1659 1465 280 94 vovelige
1981 1463 250 101 Forsøg
2279 1486 86 76 og
2407 1469 338 92 utrættelig

1069 1555 154 104 Flid
1279 1565 124 76 kan
1451 1562 210 80 vinde.
1797 1560 184 85 Kort
2043 1561 170 98 sagt:
2287 1566 176 94 hvad
2517 1564 230 99 enhver

1072 1659 324 100 stræbsom
1454 1656 360 94 Undersaat
1884 1661 124 78 kan
2073 1659 495 99 sammenspare,
2650 1669 96 74 det

1072 1757 260 82 trækkes
1376 1762 272 94 omsider
1698 1756 380 94 altsammen
2130 1763 112 77 ind
2300 1762 20 80 i
2360 1768 236 74 dennes
2630 1757 94 94 for-

1074 1865 274 74 tærende
1368 1857 278 97 Svælg.
1696 1854 304 101 Lykkelige
2016 1877 152 60 vare
2190 1864 92 90 vi,
2304 1880 108 60 om
2428 1880 150 62 vore
2594 1858 128 99 Rig-

1086 1965 260 74 domme
1388 1964 118 74 ved
1542 1978 76 58 en
1670 1956 323 99 bestandig
2038 1957 404 85 Emulation
2478 1960 106 82 løb
2628 1961 94 98 her-

1075 2055 108 94 fra
1245 2057 162 96 igjen
1459 2062 94 76 ud
1613 2060 68 78 til
1741 2064 74 74 de
1871 2061 222 94 øvrige
2147 2055 310 87 Statens
2527 2058 216 89 Deele.

1071 2155 310 96 Lykkelige
1405 2173 152 63 vare
1587 2160 88 90 vi,
1701 2176 106 58 om
1829 2156 112 91 her
1963 2151 134 98 som
2125 2177 160 61 man
2311 2160 198 82 burde
2533 2159 212 96 haabe,

1069 2251 256 100 sames,
1393 2253 174 98 hvad
1621 2254 328 98 Kongens
2009 2279 80 74 og
2145 2255 280 85 Landets
2481 2258 268 95 Tjeneste

1075 2351 381 99 udfordrer,
1515 2374 166 60 naar
1739 2360 74 76 de
1879 2361 350 77 udarmede
2315 2358 232 98 Riiger
2605 2360 140 79 intet

1076 2475 200 60 meere
1336 2453 306 96 formaae.
1788 2454 170 83 Men
2002 2453 216 100 herfra
2260 2458 340 94 adspredes
2638 2453 106 88 Alt

1074 2555 258 80 iblandt
1368 2551 380 101 fremmede,
1790 2576 80 79 og
1908 2553 284 86 Staden
2234 2558 202 80 bliver
2480 2560 114 96 lige
2628 2553 92 96 for-

1074 2671 228 64 armer.
1354 2649 142 90 Een
1530 2654 410 100 Hovedstad,
1982 2653 164 92 hvor
2172 2653 354 99 Kongerne
2550 2658 200 96 holder

1078 2755 81 96 sit
1180 2751 197 100 Hoff,
1424 2753 119 101 har
1584 2758 155 78 altid
1768 2760 157 92 store
1950 2755 299 98 Fordeele
2272 2754 269 100 fremfor
2566 2763 185 74 andre

1075 2853 288 82 Stæder
1403 2857 72 79 til
1515 2872 72 64 at
1621 2850 298 94 erhverve
1943 2857 90 92 sig
2057 2853 214 99 Magt
2297 2878 82 74 og
2403 2854 344 98 Velstand.

1073 2951 176 82 Men
1303 2957 108 74 lad
1473 2960 120 76 den
1661 2954 196 96 bruge
1897 2959 72 76 de
2013 2953 286 97 Midler,
2363 2958 134 88 som
2535 2976 64 60 er
2639 2961 114 76 den

1075 3073 168 76 egne.
1345 3049 132 84 Lad
1519 3052 386 98 Handelen,
1949 3059 124 88 dog
2117 3057 172 77 uden
2331 3062 240 74 andres
2594 3052 164 100 For-’

1431 3154 367 98 ophielpeS;
1855 3149 133 100 Thi
2027 3155 111 94 her
2193 3173 65 60 er
2297 3156 161 88 altid
2497 3154 257 97 søgning

1078 3249 80 94 af
1186 3251 394 98 Fremmede.
1706 3252 128 82 Lad
1874 3273 74 58 en
1980 3251 216 96 talriig
2236 3252 382 99 Besætning
2658 3255 66 78 be-

1078 3349 286 96 ffiæstige
1404 3355 116 77 den
1560 3350 454 90 arbeidsomme
2054 3349 698 100 Haandværksmand.

1078 3447 130 82 Lad
1252 3455 74 76 de
1368 3447 356 103 Kongelige
1748 3450 304 97 Collegier
2088 3453 108 94 her
2232 3452 162 100 have
2420 3454 78 94 sit
2522 3450 236 84 Sæde.

2586 3548 169 85 Men
