2941 4486
1013 623 104 80 gtt
1165 607 232 96 oplyste
1451 599 370 102 Personers
1889 595 300 98 Hænder
2243 587 78 98 af
2393 589 324 100 forstiellig

1021 703 92 82 S
1129 709 178 74 tand.
1409 699 142 96 Jeg
1577 699 164 80 vilde
1767 693 126 82 ikke
1923 705 162 78 have
2105 697 76 76 de
2207 689 308 98 Geistlige
2551 695 172 74 aide»

1013 805 96 74 les
1138 797 294 82 udelukke
1459 795 104 94 fra
1613 801 200 74 denne
1879 791 290 94 Opsigt;
2235 807 150 62 men
2415 789 102 94 jeg
2555 787 168 80 vilde

1011 897 186 96 heller
1229 895 128 78 ikke
1387 895 162 92 have
1569 897 118 76 den
1719 895 200 76 allene
1947 889 242 78 betroet
2223 885 68 80 til
2323 891 164 76 dem.
2539 881 184 86 Den

1011 1011 312 60 nærmere
1359 989 414 96 Anledning,
1829 991 76 76 de
1939 983 136 94 som
2113 979 224 100 opofre
2375 987 90 94 sig
2489 979 76 82 til
2597 987 126 76 den

1003 1089 270 96 geistlige
1317 1087 300 96 Stand,
1673 1087 164 94 have
1867 1081 166 94 frem
2063 1077 106 98 for
2189 1079 446 84 Studerende
2651 1073 78 98 af

1007 1191 204 74 andre
1255 1183 380 96 Stænder,
1709 1183 70 78 til
1825 1195 72 66 at
1939 1177 146 96 faae
2141 1193 100 64 rer
2303 1177 254 94 Smag
2585 1193 136 76 paa

1005 1279 496 100 Videnskaber,
1563 1283 142 94 giør
1751 1287 104 74 det
1901 1273 390 100 fornødent,
2347 1293 72 62 at
2451 1273 240 84 Viden-

1003 1377 296 94 staderne
1349 1395 80 78 og
1501 1377 442 84 Lærdommen
2013 1373 198 80 bliver
2263 1377 212 74 under
2525 1377 194 74 deres

1007 1473 270 98 Opsigt.
1383 1475 176 80 Men
1589 1481 74 72 de
1695 1473 442 96 Fordomme,
2189 1467 136 94 som
2343 1471 186 94 tillige
2551 1469 140 94 hæn-

1005 1591 76 74 ge
1139 1577 120 74 ved
1295 1583 234 84 mange
1557 1569 76 96 af
1679 1575 124 76 ben
1859 1567 268 94 geistlige
2185 1565 306 96 Stand,
2549 1583 172 64 meer

1003 1673 124 76 end
1153 1673 122 76 ved
1303 1673 202 74 andre
1545 1669 382 92 Stænder,
1983 1669 122 74 den
2123 1661 474 98 Hengivenhed
2617 1659 104 94 for

1003 1769 106 74 det
1143 1765 254 82 Gamle
1437 1785 80 74 og
1535 1765 414 94 Vedtagne,
1983 1767 120 72 den
2121 1763 298 90 eensidete
2437 1759 280 96 Smag,

1001 1859 138 90 som
1191 1861 348 96 gemeenlig
1583 1861 216 94 findes
1849 1859 126 92 hos
2035 1861 74 74 de
2151 1855 346 98 Geistlige,
2577 1857 144 96 giør

1003 1961 108 74 det
1145 1973 204 78 meget
1381 1955 220 100 farligt
1631 1953 102 96 for
1756 1952 539 95 Videnskaberne
2387 1971 74 64 at
2503 1955 218 78 betror

1001 2059 150 72 dem
1175 2055 218 92 jdenne
1437 2053 248 94 Opsigt
1725 2059 218 72 allene.
2057 2049 140 96 Jeg
2243 2049 256 94 ønstede
2569 2057 120 76 des-

1001 2155 216 88 uden,
1275 2165 74 62 at
1395 2147 520 96 Skoleopsigten
1955 2163 250 64 maatte
2257 2167 168 60 være
2469 2149 248 80 betroer

1001 2241 248 82 Mænd
1285 2241 76 92 af
1389 2249 198 88 større
1631 2245 428 94 Myndighed
2105 2265 78 72 og
2215 2241 322 98 Anseelse,
2593 2251 128 76 end

1003 2343 80 74 de
1125 2341 304 96 Geistlige
1459 2359 92 60 nu
1583 2345 372 92 omstunder
1989 2343 202 94 have,
2245 2357 72 62 at
2345 2347 120 74 den
2497 2361 190 62 maat-

1005 2451 58 62 te
1091 2453 166 62 være
1289 2439 122 80 bos
1441 2437 326 92 saadanne
1833 2437 290 94 Mænd,
2177 2435 138 92 som
2363 2439 212 96 havde
2605 2447 106 76 det

1001 2533 20 76 i
1053 2539 182 74 deres
1269 2535 214 94 Magr
1521 2553 70 62 at
1619 2535 272 80 belønne
1919 2535 484 84 Skolelærerne
2441 2535 150 94 efter
2611 2545 72 76 de-

999 2639 110 68 res
1141 2631 438 96 Fortienester.
1693 2631 304 90 Dersom
2043 2639 104 72 det
2205 2637 106 74 lod
2365 2635 90 90 sig
2495 2637 214 96 giøre,

1003 2725 180 92 holdt
1217 2725 96 98 jeg
1343 2735 102 74 det
1481 2727 100 94 for
1607 2745 208 78 meget
1847 2731 282 94 tienligt,
2183 2745 72 64 at
2279 2735 108 74 der
2417 2733 20 76 i
2469 2735 236 88 enhver

1003 2821 302 96 Jrovinz
1353 2845 124 58 var
1507 2843 58 64 et
1611 2841 134 80 eget
1775 2825 374 98 Collegium
2183 2831 528 90 Soholarchale,

1051 2921 326 92 estaaende
1409 2919 76 96 af
1515 2927 74 74 de
1619 2921 350 98 anseeligste
1999 2947 78 72 og
2113 2927 270 92 lærdeste
2415 2925 297 89 Mænd-i
2691 2931 22 80 i

999 3015 426 98 Provinzen,
1481 3017 134 92 som
1639 3039 158 62 vare
1821 3019 347 100 adspredte
2193 3021 114 96 hist
2349 3045 78 66 og
2449 3025 108 94 her
2573 3079 22 42 ,
2627 3049 82 76 og

999 3119 202 72 allene
1235 3111 414 92 forsamledes
1673 3137 132 72 paa
1835 3119 144 96 viste
2007 3117 204 88 Tider
2229 3139 110 58 om
2377 3113 208 90 Aaret
2603 3123 104 82 for

995 3225 74 64 at
1099 3209 308 94 conftrere
1437 3217 142 74 med
1637 3213 340 92 hinanden.
2103 3213 286 94 Ethvert
2443 3219 146 80 Lem
2635 3217 80 96 af

995 3303 278 92 saadant
1305 3325 58 62 et
1397 3307 368 96 Collegium
1821 3313 204 94 skulde
2057 3331 164 60 være
2265 3315 328 98 berettiget
2633 3323 72 78 til

999 3417 72 64 at
1107 3403 216 96 besøge
1367 3403 176 98 hvad
1571 3411 226 78 Skole
1815 3409 20 78 i
1855 3409 416 98 Provinzen,
2327 3413 134 90 han
2491 3419 204 96 vilde,

2515 3535 82 76 og
