2960 4542
1119 643 127 85 ikke
1279 637 321 98 behøvede
1643 646 73 62 at
1759 622 341 103 forsømme
2143 628 77 88 sit
2261 622 553 96 Hovedstudium.

1122 739 165 81 Der
1322 735 149 76 kom
1508 730 135 75 kun
1674 748 91 67 au
1790 741 177 78 paa,
2040 735 71 66 at
2154 717 481 100 Professorerne
2674 722 111 75 ind-

1121 840 237 72 rettede
1405 833 183 73 deres
1643 818 511 100 Forelæsninger
2203 839 137 70 paa
2382 815 167 91 tydsk
2593 816 221 92 Viis,

1126 927 272 95 syg-læse
1242 927 159 96 læste
1426 921 228 97 tigesaa
1688 917 185 94 flittig
1894 914 132 92 som
2042 921 72 74 de
2130 912 260 95 Tydste.
2492 913 121 91 Og
2640 911 180 80 dertil

1125 1029 166 76 vilde
1335 1027 72 72 de
1437 1024 204 87 endog
1674 998 147 110 faae
1849 1034 74 56 en
1961 1016 126 89 stor
2115 1007 472 96 Opmuntring
2603 1056 24 44 ,
2655 1027 164 56 naar

1122 1125 126 76 den
1273 1112 435 100 philosophiske
1743 1110 295 93 Examen
2072 1107 140 77 blev
2637 1100 133 89 Thi
2801 1104 19 74 i

1122 1223 107 74 det
1262 1212 193 83 Sted
1498 1231 91 56 nu
1634 1211 185 93 ingen
1872 1199 445 99 Professorers
2374 1198 313 94 Collegier
2721 1197 71 95 be-

1121 1311 227 95 fesges·,
1123 1313 183 94 søges
1328 1361 22 44 ,
1403 1312 171 74 uden
1611 1311 217 84 deres,
1881 1302 133 90 som
2073 1310 381 80 exammerr,
2531 1295 289 94 hvorved

1122 1407 131 95 ofre
1272 1414 139 73 Den
1426 1404 299 94 hørlærde
1752 1398 349 92 Stymper
2132 1390 147 96 faae
2308 1399 73 73 de
2398 1395 165 93 fleste
2594 1388 201 97 Tilhø-

1119 1525 141 60 rere
1277 1554 23 48 ,
1357 1523 79 73 og
1469 1506 120 72 den
1641 1495 292 94 dueligste
1983 1492 200 81 Lærer
2217 1494 202 89 sidder
2457 1489 195 93 ledig,
2699 1469 120 108 faa

1120 1605 166 80 vilde
1314 1599 234 91 enhver
1586 1593 320 83 Student
1944 1592 286 90 udvælge
2262 1593 118 74 den
2410 1584 244 94 Lærer,
2688 1583 130 92 han

1121 1699 220 96 syntes
1371 1695 126 93 best
1539 1713 152 71 om,
1749 1709 82 74 og
1864 1687 133 89 som
2033 1685 211 93 giør-de
2282 1685 91 91 sig
2410 1684 182 92 mees
2622 1678 199 81 Møie

1123 1795 107 96 for
1258 1807 72 65 at
1394 1806 178 78 nytte
1613 1789 175 91 ham.
1923 1780 219 95 Hvad
2183 1780 237 95 Følger
2449 1784 159 73 dette
2655 1777 165 90 igien

1116 1895 175 79 vilde
1322 1887 165 92 have
1512 1886 19 76 i
1560 1889 103 74 det
1700 1882 127 94 hele
1862 1874 665 95 Universitetsvæsen,
2580 1868 241 94 hvilken

1119 1985 313 85 Activitet
1463 1990 103 74 det
1597 1981 161 77 vilde
1793 1973 367 95 foraarsage
2215 1974 207 77 baade
2473 1971 123 94 hos
2639 1970 155 95 Pro-

1120 2085 257 109 fessorer
1428 2102 81 74 og
1574 2075 427 90 Studenter,
2086 2068 276 98 behøver
2420 2070 99 94 jeg
2568 2066 128 82 ikke
2754 2083 70 64 at

1117 2185 266 85 erindre-.

1266 2376 183 85 Den
1486 2363 444 105 theologiske
1972 2362 341 97 Examen,
2347 2366 140 74 eller
2506 2357 113 96 saa
2644 2358 149 81 kald-

1119 2491 63 64 te
1203 2473 319 91 Accestaz
1563 2489 63 58 er
1657 2465 221 95 ganste
1907 2462 365 93 nødvendig
2301 2455 103 96 for
2437 2466 197 80 dem,
2689 2456 133 91 som

1118 2573 191 96 fiulle
1334 2569 327 85 befordres
1700 2564 69 78 til
1800 2561 227 82 Lærere
2066 2559 21 76 i
2136 2557 271 83 Kirken.
2524 2553 183 81 Men
2724 2551 99 97 jeg

1125 2671 169 88 vilde
1321 2667 165 91 ikke,
1563 2679 73 64 at
1667 2666 103 76 det
1805 2654 355 99 theologiske
2211 2654 303 99 Facultet
2553 2652 161 78 altid
2743 2671 79 73 og

1126 2775 204 74 allene
1362 2764 205 94 skulde
1612 2757 346 95 cxaminere
1988 2738 502 97 kandidaterne.
2584 2748 236 84 Dette

1125 2863 362 98 forvolder,
1547 2873 108 80 at,
1747 2860 84 73 da
1881 2861 100 75 det
2067 2847 367 95 theologiske
2513 2845 308 98 Facultet

1126 2983 68 60 er
1222 2960 190 80 ikkun
1448 2972 90 64 eet
1570 2954 222 96 eenefie
1825 2951 19 76 i
1863 2951 189 93 begge
2103 2945 335 96 Rigerne,
2504 2950 210 74 trødes
2747 2947 75 78 de

1126 3056 439 98 uførmuenste
1600 3053 185 78 biam
1832 3047 469 81 Studenterne
2320 3042 101 80 kril
2454 3057 73 64 at
2562 3044 79 76 ile
2678 3045 143 75 med

1123 3165 193 80 deres
1337 3153 315 92 Attestaz,
1705 3144 101 94 for
1841 3160 75 63 ar
1951 3140 163 90 faae-
2139 3146 121 74 den
2291 3137 105 96 fra
2429 3140 389 89 Haanden,

1124 3255 217 80 imens
1364 3257 73 74 de
1460 3246 101 94 for
1596 3253 75 72 de
1698 3245 201 77 andre
1916 3238 391 91 Examiners
2340 3230 243 99 Skyld
2608 3236 191 91 ophol-

1121 3361 87 76 de
1237 3354 93 94 sig
1357 3350 119 78 ved
1501 3342 456 89 Universitetet.
2009 3333 130 96 Thi
2153 3355 166 62 naar
2349 3341 74 73 de
2453 3336 172 93 siden
2651 3330 146 80 kom-

1126 3468 106 64 me
1266 3430 148 101 bort
1438 3448 182 91 langt
1638 3437 102 97 fra
1768 3435 508 100 Hovedstaden,
2332 3452 80 76 og
2428 3452 74 60 en
2524 3428 300 97 Lejlighed

2565 3524 160 94 viser
