2909 4454
765 453 449 113 Kys-M
1759 483 58 84 9

141 649 326 102 Hedenste
511 647 348 100 Theologie
903 653 206 92 endog
1151 669 62 58 er
1257 651 176 78 værd
1475 665 70 62 at
1583 649 244 78 komme

137 753 22 78 i
177 751 476 96 Betragtning.
713 749 68 96 I
825 755 194 72 denne
1037 747 368 100 Henseende
1429 749 200 86 kunde
1649 762 153 65 maa-

135 851 121 96 skee
299 873 80 72 og
423 849 232 94 Norge
701 851 158 94 have
899 853 128 86 sine
1063 847 320 98 Fordeele.
1523 847 282 96 Allevæg-

139 971 76 58 ne
271 951 120 96 har
447 957 106 72 der
607 967 192 60 været
839 947 240 80 Mænd
1123 947 152 96 hvis
1319 945 422 98 Fortjenester
1799 949 22 76 i

139 1049 244 84 Kirken
421 1051 118 92 har
579 1065 192 62 været
811 1051 178 74 værd
1035 1063 70 62 at
1129 1051 268 90 erindre;
1449 1047 170 82 Men
1645 1045 162 84 Nor-

137 1169 74 76 ge
249 1149 118 88 har
392 1146 271 95 maaskee
691 1167 78 72 og
799 1143 140 98 haft
961 1147 158 86 store
1145 1145 248 82 Lærere.
1503 1147 304 98 Fortæl-

135 1257 94 72 len
267 1269 60 58 er
371 1247 164 94 kun,
579 1261 70 64 at
691 1245 106 92 her
839 1245 314 96 begraves
1197 1251 72 74 de
1311 1249 18 74 i
1369 1243 440 100 Forglemmel-

125 1349 90 94 se,
261 1369 162 56 naar
465 1367 132 74 paa
641 1351 198 74 andre
885 1343 286 84 Stæder
1215 1345 208 82 Lærde
1461 1365 238 76 umage
1741 1347 92 96 sig

129 1447 104 96 for
287 1447 250 82 Lærdes
601 1443 376 98 Erindring.
1115 1445 182 96 Dog
1363 1451 162 74 dette
1581 1467 64 58 er
1701 1445 126 80 ikke

127 1545 554 102 Hoved-Sagen.
799 1543 178 84 Den
1027 1543 200 82 Kirke
1265 1543 286 100 Historie
1597 1567 66 58 er
1705 1545 122 80 ikke

137 1655 118 74 den
297 1645 386 94 Lærerigste,
741 1643 130 92 som
915 1645 174 94 giver
1133 1649 100 74 det
1273 1647 214 94 rigeste
1527 1645 296 96 Register

127 1745 82 96 af
245 1745 212 82 Lærde
505 1743 278 82 Navne,
827 1741 78 96 af
943 1741 326 100 Skrifter,
1309 1743 132 92 som
1487 1749 202 92 læstes
1729 1741 102 96 for

133 1851 186 92 nogle
373 1843 474 96 Aarhundrede
903 1845 214 94 siden,
1165 1865 78 70 og
1289 1865 88 58 nu
1427 1843 118 96 har
1587 1861 60 62 et
1693 1861 112 76 nyt-

137 1951 122 90 tigt
299 1941 216 86 Stæd
557 1945 18 74 i
621 1939 494 84 Kræmmernes
1157 1939 278 98 Boder;
1491 1943 172 82 Men
1709 1947 120 76 den

131 2043 134 94 som
311 2051 174 70 lærer
529 2051 78 68 os
653 2041 148 96 bæst
841 2059 70 60 at
939 2041 236 92 hænde
1199 2041 390 94 Mennestet,
1633 2043 168 96 hvor-

135 2153 130 70 dan
321 2149 98 74 det
477 2143 120 96 har
637 2142 140 93 viis
817 2143 92 96 sig
971 2145 120 76 ved
1135 2139 470 96 Sandhedens
1659 2139 140 102 For-

135 2239 310 100 kyndelse;
503 2241 200 84 Som
743 2242 175 94 giver
965 2251 78 68 os
1085 2247 72 74 de
1203 2239 454 96 fuldkomneste
1695 2238 100 96 Ex-

130 2343 229 85 empler
427 2337 76 94 af
539 2339 496 96 Bestandighed
1103 2345 20 74 i
1185 2359 74 58 en
1317 2345 316 92 vedtagen
1691 2341 110 82 Re-

129 2445 230 94 ligion,
417 2419 76 114 af
543 2441 352 94 Villighed
939 2441 66 78 til
1045 2457 70 62 at
1161 2457 236 78 antage
1439 2463 106 56 een
1591 2441 234 94 bædre,

129 2535 78 102 af
255 2541 248 92 Dyder
557 2539 132 92 som
747 2537 252 94 beviiser
1057 2561 80 76 og
1195 2539 170 92 ziirer
1439 2545 120 74 den
1601 2541 226 94 rigtige

127 2641 302 84 Lærdom.
529 2637 102 96 Af
667 2639 142 98 disse
855 2645 178 74 torde
1073 2639 278 94 maaffee
1391 2645 120 74 den
1569 2635 254 100 Norste

133 2741 196 82 Kirke
383 2739 280 98 Historie
717 2741 142 96 give
907 2737 226 98 ligesaa
1175 2761 236 72 mange
1453 2739 130 90 som
1625 2757 190 78 noget

131 2847 190 74 andet
371 2839 248 96 Lands,
679 2861 166 58 naar
901 2837 142 96 Lyst
1101 2843 68 76 til
1215 2857 70 60 at
1329 2839 294 94 Arbeyde
1675 2841 20 78 i
1737 2861 82 74 og

127 2939 104 96 for
277 2937 510 100 Fædernelandet
843 2955 248 64 maatte
1133 2957 340 78 opmuntre
1521 2939 272 94 Duelig-

129 3043 210 96 heden.
483 3037 106 98 Ja
631 3041 178 96 stulle
853 3047 74 74 de
961 3043 210 92 gamle
1213 3039 246 96 Norste
1483 3039 304 98 Heednin-

125 3151 154 86 gers
329 3137 340 96 Theologie
723 3145 140 78 etter
923 3155 224 64 rettere
1191 3139 414 96 Mythologie
1649 3153 168 64 være

123 3263 74 56 en
241 3239 296 98 Christen
577 3237 308 102 Theologi
921 3237 582 98 Opmærksomhed
1547 3239 266 96 gandste

117 3343 292 92 uværdig
437 3343 36 76 ?
527 3337 246 88 Skulle
815 3341 124 80 ikke
979 3337 472 100 Sandhedens
1493 3337 168 98 Lys,
1719 3339 96 92 sar

117 3441 172 78 imod
329 3439 326 100 Fabelens
681 3441 236 94 mørke,
961 3441 142 96 give
1149 3447 114 72 des
1307 3439 234 82 klarere
1565 3437 244 84 Skin?

117 3539 246 92 Skulle
415 3545 122 78 den
593 3541 368 100 dybsindige
1021 3537 404 96 Sædelære,
1505 3535 132 96 som
1673 3539 108 93 lig

993 3665 32 70 5
1697 3657 108 74 ger
