3028 4564
1845 453 94 70 -A

271 611 198 98 Han,
499 613 256 94 ligesom
789 609 218 100 Agur,
1043 611 338 98 begiærede
1411 611 308 94 hverken
1745 611 294 82 Armod

277 735 164 76 eller
481 735 394 98 Rigdom,
929 757 164 56 men
1137 735 106 96 sin
1269 733 386 90 beskikkede
1683 737 222 96 Deel;
1955 737 84 96 (1)

273 855 136 96 han
441 855 292 96 begiærte
767 863 228 76 alleene
1019 853 454 100 Beffiermelse
1511 875 136 76 paa
1683 857 94 90 sin
1805 853 236 96 Rejse,

271 975 222 84 Brød
547 993 72 62 at
665 987 152 84 æde,
865 977 264 82 Klæder
1183 995 74 64 ar
1295 997 164 76 gaae
1507 979 58 92 i,
1621 999 82 72 og
1751 991 72 64 ar
1867 975 148 80 kom-

275 1117 102 60 me
415 1105 142 72 med
591 1093 178 98 Fred
805 1099 236 96 tilbage
1069 1101 166 92 igien
1267 1101 72 78 til
1371 1101 94 88 sin
1499 1095 266 98 Faders
1799 1095 240 98 Huns.

277 1219 104 84 Er
411 1223 100 76 vel
547 1217 134 98 heri
735 1237 186 78 noget
973 1221 386 94 anstødeligt
1401 1225 142 74 eller
1583 1217 460 96 usømmeligt?

273 1339 180 82 Men
487 1347 104 72 det
612 1335 327 100 Store-og
961 1339 332 96 Gudelige
1309 1343 18 74 i
1359 1339 174 96 hans
1549 1337 182 86 Bøn
1759 1357 162 62 var:
1961 1355 84 62 ar

275 1463 356 92 Gudselv
661 1463 198 76 vilde
885 1485 188 54 være
1105 1463 198 90 hans
1337 1463 220 92 Gud,
1611 1481 82 74 og
1727 1467 166 72 dette
1919 1479 130 62 var

273 1591 108 72 det
419 1581 344 96 fornemste
797 1603 80 76 og
911 1585 318 94 vigtigste,
1281 1589 156 72 mod
1473 1581 222 100 hvilket
1731 1581 132 96 han
1889 1581 130 80 kun-

271 1709 78 74 de
381 1705 178 90 ansee
605 1709 94 74 alt
731 1711 104 74 der
859 1709 224 92 øvrige
1113 1703 104 94 for
1247 1703 218 90 smaae
1495 1699 216 100 Ting,
1763 1709 140 74 eller
1927 1719 96 66 ret-

273 1843 128 64 tere
439 1825 132 92 som
603 1849 74 56 en
711 1827 112 78 vis
857 1821 210 98 Følge
1109 1819 78 96 af
1207 1821 346 98 HErrens
1591 1821 460 98 Nærværelse,

267 1947 72 92 ja
373 1945 134 92 som
537 1963 68 60 ec
641 1947 290 96 Tillæg,
999 1945 126 98 (m)
1183 1941 176 100 Thi,
1401 1943 316 98 sandelig,
1763 1953 118 74 den
1915 1945 138 94 som

273 2067 126 94 har
437 2067 262 94 begiært
727 2081 72 62 at
829 2061 186 100 faae,
1069 2087 82 74 og
1183 2075 150 70 veed
1383 2065 176 94 hvad
1595 2077 104 68 det
1733 2085 64 62 er
1831 2081 74 64 at
1937 2065 84 96 ha-

269 2207 104 76 ve,
422 2186 297 93 Guds-til
647 2189 74 78 til
753 2189 94 92 sin
895 2185 200 96 Gud,
1151 2189 124 92 har
1321 2189 122 94 vist
1481 2187 122 80 nok
1653 2187 264 94 begiært
1947 2197 108 68 det

269 2309 452 96 Betydeligste
751 2305 78 96 af
853 2313 92 74 alt
973 2313 126 86 det,
1139 2307 134 92 som
1307 2309 308 94 begiæres
1647 2307 188 82 kand.
1921 2307 106 96 Ik-

273 2433 66 78 ke
383 2433 426 92 destomindre
841 2449 192 58 mane
1075 2449 158 60 man
1263 2437 128 88 dog
1427 2431 276 94 tilfiaae,
1757 2445 72 64 at
1865 2431 192 96 ingen

273 2553 208 78 kunde
513 2553 178 92 giøre
743 2573 74 58 en
869 2549 112 92 saa
1023 2551 208 94 sindig
1285 2549 182 84 Bøn
1513 2555 20 76 i
1573 2549 370 100 Henseende
1983 2555 74 78 til

277 2681 108 70 der
425 2669 352 98 Timelige,
829 2671 134 94 som
991 2671 274 96 Jacob,
1317 2681 170 72 uden
1533 2683 78 68 de
1657 2679 110 74 der
1799 2673 122 92 selv
1957 2693 100 62 ere

277 2793 196 94 sande
501 2791 348 96 Christne;
903 2793 96 94 thi
1027 2801 74 70 de
1133 2799 230 74 alleene
1395 2811 162 78 troe,
1584 2810 73 62 at
1695 2803 184 72 deres
1899 2811 160 66 rette

277 2913 214 100 Hiem
525 2935 64 58 er
621 2911 108 96 her
761 2933 162 60 oven
961 2919 94 88 til,
1109 2933 84 74 og
1241 2933 72 60 ar
1347 2921 74 74 de
1467 2913 210 94 altsaa
1725 2915 184 82 ikkun
1957 2915 72 82 be-

279 3037 170 94 høve
491 3035 216 82 Brød
753 3053 72 62 at
877 3041 166 88 æde,
1095 3035 264 80 Klæder
1405 3051 70 62 at
1505 3045 236 88 drage,
1793 3059 84 74 og
1908 3036 120 85 Be-

271 3153 335 101 jkiiermelse
647 3177 134 74 paa
799 3155 236 96 Reisen
1067 3159 72 78 til
1169 3163 182 74 deres
1381 3155 388 102 Himmelste
1791 3157 266 96 Faders

277 3277 262 98 Huus,
597 3279 164 94 hvor
809 3281 174 80 Gud
1035 3283 92 78 vil
1175 3285 310 90 modtage
1531 3287 182 90 dem,
1765 3303 82 76 og
1887 3303 170 60 være

275 3411 188 72 deres
493 3399 222 84 Gudi
749 3407 62 74 al
829 3401 318 98 Evighed.
1205 3399 132 86 De
1373 3407 140 74 lade
1531 3405 90 92 sig
1657 3403 168 100 nøje,
1883 3425 172 62 naar

277 3533 76 76 de
369 3525 184 82 ikkun
579 3525 166 98 have
773 3523 228 84 Klæde
1023 3543 84 78 og
1141 3519 210 98 Føde,
1401 3529 98 76 vel
1533 3529 292 94 vidende,
1877 3543 72 62 at
1981 3535 76 74 de

1127 3643 96 86 B
1271 3669 46 50 2
1825 3649 122 98 stal

369 3789 90 84 (!)
509 3787 206 84 Ordsp.
747 3803 106 68 zo,
885 3795 56 66 8.
1025 3785 124 80 (m)
1195 3785 220 86 Match.
1439 3787 74 82 6,
