2897 4423
1032 510 90 68 28

1027 735 44 51 2
1099 708 170 96 Cap.
1335 733 82 48 n
1455 709 116 85 V.
1631 711 94 96 thi
1781 719 144 87 den,
1983 712 140 92 som
2175 729 66 61 er
2291 713 304 94 vellystig,
2645 732 66 62 er

1023 817 293 74 levendes
1387 817 173 85 død,
1613 812 159 95 siger
1839 813 285 99 Paulus
2193 813 19 76 i
2291 836 31 46 i
2411 810 299 98 Timoch.

1026 935 34 68 5
1116 910 172 91 Cap.
1350 915 42 66 6
1438 909 112 83 V.
1630 910 206 95 Kort,
1890 916 66 76 vi
2010 910 176 97 ffulle
2236 926 186 80 vogte
2478 921 78 68 os
2606 911 106 91 fra

1018 1016 121 74 alle
1174 1009 279 84 Babels
1490 1008 327 96 Synder,
1874 1034 133 70 paa
2040 1025 101 66 det
2190 1014 65 76 vi
2290 1034 71 70 ey
2391 1011 175 93 ’skulle
2612 1029 97 65 ta»

1017 1130 76 73 ge
1159 1130 78 56 en
1297 1111 122 92 lige
1485 1108 188 84 Ende
1739 1121 144 71 med
1939 1112 280 84 Babels
2271 1112 268 86 Datter
2603 1135 106 59 om

1017 1208 249 97 hvilken
1337 1209 349 96 Jeremias
1759 1213 195 97 siger:
2047 1211 233 86 Babel
2337 1234 61 56 er
2453 1213 259 96 hastelig

1014 1309 220 94 falden
1282 1331 82 74 og
1416 1309 458 103 sonderbrudr,
1932 1316 178 98 hyler
2160 1331 148 65 over
2346 1324 118 72 den
2494 1313 216 98 Esaiæ

1023 1433 88 70 51
1174 1408 81 84 C.
1312 1425 39 70 8
1406 1409 117 87 V.

1164 1680 256 96 Herre,
1470 1684 360 97 retfærdige
1868 1686 208 84 Gud!
2126 1689 94 78 du
2276 1684 130 92 som
2460 1685 250 83 kiender

1015 1802 120 80 alle
1198 1802 317 98 Auflage,
1578 1816 97 89 'og
1756 1811 237 81 betaler
2071 1811 232 96 enhver
2371 1806 146 97 efter
2586 1811 127 96 sine

1011 1925 282 95 Hiertes
1367 1925 297 100 Tanker,
1745 1939 88 72 du
1909 1932 334 99 adsplitter
2321 1938 72 72 de
2457 1933 252 82 Ondes

1008 2045 260 98 Raad,
1340 2069 82 74 og
1498 2052 332 95 borttager
1914 2064 76 70 de
2070 2055 204 96 ffiulte
2336 2052 218 94 snarer
2624 2080 84 74 og

1008 2175 131 91 du,
1212 2178 91 75 du
1380 2172 245 98 udfrier
1712 2185 79 70 os
1854 2182 119 76 alle
2058 2197 135 76 paa
2280 2194 73 60 en
2440 2177 265 99 beleylig

1003 2291 220 99 Dag!
1333 2295 160 96 hvor
1549 2298 162 96 have
1775 2301 66 78 vi
1909 2298 122 80 ikke
2083 2298 292 96 Aarsage
2417 2319 72 62 at
2529 2301 176 83 rakke

1004 2417 110 95 dig
1178 2412 170 100 fordi
1404 2427 90 75 du
1576 2420 198 100 haver
1842 2420 148 96 friet
2062 2431 80 70 os
2212 2419 106 95 fra
2370 2432 102 69 det
2518 2425 178 97 Aag,

1002 2539 133 92 som
1182 2558 123 63 var
1362 2541 173 94 svart
1590 2544 207 81 baade
1850 2564 147 60 over
2046 2545 181 96 Unge
2298 2564 79 78 og
2426 2545 273 85 Gamle.

1001 2661 124 87 Vi
1195 2664 164 90 have
1429 2665 112 95 seer
1627 2674 144 75 dem
1843 2668 212 82 iblam
2121 2677 118 85 os,
2319 2688 110 61 om
2497 2671 202 94 hvilke

1000 2789 68 76 vi
1116 2803 248 66 maatte
1403 2793 121 95 sige
1562 2801 146 70 med
1758 2811 76 58 en
1879 2791 289 87 David:
2227 2790 141 98 Jeg
2425 2791 143 94 saae
2616 2818 74 58 en

998 2907 347 98 Ugudelig,
1404 2913 133 90 som
1618 2932 126 61 var
1812 2935 73 59 en
1940 2914 277 93 Tyran,
2274 2912 248 94 hvilken
2578 2924 86 72 ud-

997 3029 266 80 bredede
1305 3035 88 90 sig
1427 3031 130 93 som
1597 3054 74 57 en
1699 3033 328 96 Indfødt,
2083 3043 112 70 der
2221 3047 308 79 grønnes.
2561 3039 128 99 Ps.

995 3170 97 74 37
1139 3150 115 84 V.
1309 3177 111 70 Zz.
1469 3152 119 84 Vi
1645 3155 159 96 have
1865 3156 111 90 seer
2005 3164 117 71 den
2155 3153 367 102 Daarlige,
2579 3171 113 73 der

990 3278 182 72 tvrde
1234 3273 190 78 tænke
1492 3282 144 72 med
1712 3299 94 56 en-
1860 3276 288 99 Nabal;
2254 3286 110 72 der
2430 3303 98 58 ere
2596 3307 92 59 nu

987 3394 368 96 omstunder
1405 3419 230 77 mange
1685 3399 296 97 Tienere,
2031 3399 134 96 som
2217 3404 134 82 rive
2389 3404 92 97 sig
2523 3407 162 96 hver

2611 3532 81 98 af
