2961 4564
1769 475 116 88 29

173 653 79 82 tik
283 648 225 100 Straf
531 648 101 98 for
657 670 55 67 et
743 653 261 99 syndigt
1037 654 203 100 Folk,
1311 660 339 96 overgiver
1693 662 167 83 Kon-

168 803 188 76 gerne
388 783 72 81 til
480 798 70 64 ar
580 798 134 66 troe
730 781 318 102 Hyklere,
1084 808 82 74 og
1202 780 170 101 følge
1392 791 74 78 de
1484 791 406 96 Ugudeliges

162 906 243 87 Raad-
504 908 215 100 Hvad
780 913 201 96 større
1034 914 239 100 Ulykke
1326 915 215 83 kunde
1592 915 271 98 vederfa-

169 1049 112 70 res
311 1035 214 86 Guds
561 1054 134 80 eget
723 1039 170 102 Folk
921 1039 334 101 Joderne,
1275 1051 126 78 end
1433 1063 74 64 at
1553 1052 124 76 den
1717 1067 172 76 unge

171 1165 357 84 Roboam
555 1164 211 100 forlod
805 1175 73 78 de
911 1174 251 96 ældstes
1197 1174 259 95 Raad,
1509 1176 137 94 som
1677 1178 213 98 havde

176 1311 194 66 været
404 1293 126 101 hos
560 1294 212 100 Hans
806 1297 224 100 Fader
1082 1302 438 102 Salomon,
1592 1330 82 74 og
1716 1308 22 78 i
1786 1313 106 78 de«

168 1433 105 72 res
310 1421 193 86 Sted
536 1424 201 102 fulgte
770 1433 75 76 de
892 1451 207 79 unge,
1172 1440 143 87 der,
1382 1433 105 98 for
1540 1454 73 64 at
1674 1434 217 99 svinge

163 1555 94 98 sig
297 1573 84 76 op
415 1562 208 76 under
657 1562 120 79 den
805 1579 124 74 nye
971 1558 404 103 Regiering,
1447 1571 284 91 lempede
1787 1571 76 76 de-

167 1693 107 70 res
311 1681 219 86 Raad
567 1682 155 96 efter
769 1685 219 98 Hans
1033 1688 235 99 hidsige
1313 1695 365 94 Ungdom?
1759 1691 137 88 De

180 1833 90 50 ro
316 1809 374 84 Stammer
728 1811 168 84 faldt
936 1815 148 99 fra,
1158 1815 390 100 Afguderiet
1594 1818 302 96 indføres

170 1935 371 103 formedelst
566 1960 73 60 en
673 1927 156 110 falsk
874 1941 489 102 Stats-Konst
1394 1943 79 96 af
1514 1954 123 76 den
1694 1949 201 98 listige

167 2065 470 104 Ieroboam,
691 2067 358 100 indbyrdes
1079 2070 216 99 Krige
1341 2073 338 96 fortærede
1717 2082 174 89 dem,

171 2197 186 80 indtil
391 2200 270 94 omsider
691 2197 196 98 begge
923 2205 78 75 de
1039 2206 377 77 udmattede
1451 2201 219 101 Riger
1711 2202 181 83 bleve

168 2343 58 64 er
258 2325 160 84 Rov
440 2324 104 98 for
578 2334 186 72 deres
796 2332 294 94 mægtige
1124 2330 312 84 Naboer.
1540 2332 322 82 Saadan-

170 2479 76 60 ne
278 2455 272 98 Ulykker
580 2454 162 100 stifte
778 2461 168 96 flette
978 2458 458 99 Raadgivere-
1540 2460 178 82 Men
1748 2463 148 76 ville

169 2589 66 76 vi
255 2585 250 98 spørge,
529 2584 128 98 hvo
689 2593 78 76 de
785 2589 136 78 ere?
941 2595 90 75 da
1055 2612 100 58 ere
1179 2589 392 84 deresArrer
1595 2612 80 74 og
1701 2586 164 87 Gra-

171 2717 110 78 der
327 2718 290 96 utallige.
739 2715 136 88 Dr
919 2714 662 104 allerfordærveligste
1633 2738 102 60 ere
1789 2723 103 90 de,

172 2837 136 96 som
386 2839 148 97 føge
616 2858 72 65 at
776 2841 274 101 afdrage
1130 2846 362 97 Kongerne
1562 2844 108 96 fra
1768 2851 126 76 den

170 2967 192 94 sande
416 2967 432 100 Gudsfrygt,
954 2994 184 60 euren
1192 2981 72 82 til
1292 2976 378 81 aabenbare
1724 2972 142 101 For-

171 3113 116 78 agt
323 3147 22 44 ,
453 3106 142 74 eller
659 3121 76 58 en
803 3101 370 97 ffammelig
1275 3103 494 98 Ligegyldighed
1850 3102 20 76 i-

169 3219 709 115 modReligionew
389 3225 490 103 Religionen,
949 3230 344 98 Rigernes
1353 3237 196 93 eneste
1603 3230 262 82 Grund-

172 3349 294 105 Støtte;
546 3356 144 100 disse
734 3379 224 77 giøre,
1032 3376 74 64 at
1160 3358 180 85 Gud
1376 3366 150 76 med
1566 3362 96 94 sin
1714 3354 152 87 Vel-

172 3481 254 100 signelse
492 3480 284 102 forlader
802 3487 298 97 Lander,
1178 3506 84 77 og
1318 3487 138 80 væ!
1524 3492 104 76 der
1688 3482 208 101 Folk,

1787 3607 112 100 fra
