2934 4523
131 646 70 66 at
235 647 202 79 prøve
465 645 124 65 vor
619 627 406 99 allerkæreste
1042 627 247 99 Konge
1323 637 148 78 med
1505 641 344 94 uværdigt

129 758 329 97 Venner,
535 778 77 74 og
661 753 243 86 Landet
953 761 149 76 med
1151 759 169 97 flette
1373 756 473 104 Raadgivere.

126 884 180 82 Mon
340 887 108 92 vi,
510 884 440 98 HSiftærede!
1020 885 126 80 nok
1194 885 168 101 have
1392 889 284 98 Dønnet
1710 912 140 77 paa

123 1020 76 76 de
261 1010 242 97 forrige
557 1012 296 96 lyksalige
925 1008 256 92 Tider?
1235 1036 82 76 og
1371 1016 208 97 ffulde
1631 1020 64 78 vi
1737 1018 112 97 for

119 1140 259 96 saadan
441 1133 493 103 Uffiønsomhed
1011 1138 129 97 fole
1229 1144 223 86 Guds
1527 1153 319 91 tugtende

118 1270 305 98 Haand,
494 1268 214 81 kunde
774 1265 176 103 Han
998 1274 90 77 da
1128 1276 100 78 vel
1292 1272 168 100 have
1492 1291 214 79 tugtet
1756 1258 87 116 os

117 1401 344 79 ømmere?
517 1394 292 84 Sandt:
837 1396 152 98 disse
1021 1399 358 99 Ugudelige
1415 1401 168 100 have
1613 1408 198 77 udret-

116 1538 88 66 tet
240 1539 206 80 meget
492 1528 190 78 ondt:
735 1521 439 102 Religionen,
1240 1548 126 62 vor
1402 1528 444 103 allerhelligste

116 1648 339 97 Religion,
508 1650 167 98 have
722 1657 73 74 de
846 1658 229 77 traadt
1114 1664 209 70 under
1380 1657 299 100 Fødder,
1734 1679 111 60 om

117 1776 130 98 just
277 1775 128 80 ikke
443 1782 122 76 ved
599 1774 322 101 offentlige
967 1778 510 101 Anordninger,
1549 1783 116 93 faa
1713 1788 130 93 dog

116 1908 148 74 med
300 1909 186 74 deres
532 1900 388 98 forargelige
968 1904 256 82 Levnet.
1330 1906 516 105 Hvile-Dagen

114 2030 123 92 selv
272 2028 119 97 har
426 2046 199 66 været
646 2046 293 66 vanæret
980 2039 121 74 ved
1136 2038 329 93 verdslige
1495 2039 316 96 Form-sjel-

111 2154 116 95 ser,
283 2178 80 75 og
413 2156 376 82 aabenbare
829 2157 126 101 har
1013 2164 76 79 de
1127 2165 176 92 givet
1347 2164 296 101 Lasterne
1673 2165 135 90 Tvi-

112 2289 124 78 len.
342 2285 282 82 Landets
654 2288 302 96 mægtige
992 2310 82 75 og
1108 2307 136 63 troe
1280 2290 246 84 Mænd
1570 2294 166 98 have
1756 2303 78 76 de

108 2409 323 105 foriaget;
482 2418 123 76 ved
666 2415 315 87 overilede
1044 2415 507 102 Forandringer
1592 2422 123 98 har
1754 2431 77 76 de

107 2540 172 94 giort
343 2561 242 75 mange
641 2543 266 95 redelige
969 2540 269 102 Mænd,
1301 2568 239 77 mange
1599 2554 233 95 dydige

106 2663 320 101 Familier
466 2665 300 93 sukkende
826 2667 106 99 for
986 2670 270 98 Brod,
1312 2684 120 73 alle
1496 2675 304 90 Embeds-

106 2789 247 84 Mænd
391 2795 242 97 usikre,
689 2817 82 76 og
810 2797 127 97 hele
974 2798 245 86 Landet
1275 2809 232 94 næsten
1552 2803 247 97 fortviv-

105 2923 109 75 let.
317 2919 111 98 Ja
483 2944 157 58 man
715 2932 297 76 anvende
1063 2949 133 76 paa
1247 2936 189 93 dem,
1511 2933 177 96 hvad
1723 2934 101 99 jeg

100 3048 216 95 nyelig
360 3047 192 96 sagde
594 3070 106 59 om
732 3049 444 104 fordærvelige
1230 3056 468 101 Raadgivere,
1750 3067 72 76 vi

97 3171 126 97 ffal
257 3174 198 99 finde,
507 3194 70 64 at
633 3184 76 75 de
753 3184 230 94 næsten
1037 3187 20 78 i
1105 3191 96 75 alt
1233 3186 122 98 har
1403 3187 254 100 opfyldt
1691 3198 124 75 den

97 3299 535 105 forffrækkeligste
689 3307 283 83 Maade.
1111 3311 175 83 Men
1353 3314 163 99 hvor
1563 3323 251 90 naadig

98 3427 122 101 har
258 3430 126 82 ikke
426 3431 314 103 Forsynet
774 3456 202 64 været
1002 3440 20 81 i
1064 3447 98 76 alt
1220 3448 196 79 dette!
1470 3424 164 130 hvor

1639 3573 178 94 delig
