2955 4455
727 368 126 60 -H—

1817 389 37 81 z

190 555 204 94 Men,
452 568 228 80 uagtet
712 560 194 74 denne
926 551 548 96 Unødvendighed
1504 571 70 62 at
1608 561 176 90 giøre
1822 551 140 102 saak-

188 684 212 88 danne
438 674 260 96 Løfter,
744 696 154 60 vare
928 684 108 72 der
1070 686 128 87 dog
1228 677 186 94 givne
1448 677 148 96 visse
1616 679 162 80 Love
1810 687 16 72 i
1858 692 104 70 der

188 799 258 82 Gamle
468 796 404 96 Testamente
894 820 132 72 om,
1060 797 464 96 hvadsomhelst
1556 811 110 66 der
1712 822 252 60 maatte

188 929 208 86 loves,
448 918 256 98 ligesom
744 942 104 72 og,
888 918 336 98 hvorledes
1264 929 142 70 med
1434 919 330 94 saadanne
1818 922 128 94 Løf-

188 1061 96 64 ter
324 1058 250 67 maatte
610 1040 366 98 forholdes;
1030 1042 134 88 som
1202 1043 68 78 vi
1302 1041 354 98 kandlæse,
1688 1041 276 96 foruden

189 1187 140 76 paa
399 1170 202 74 andre
665 1164 302 94 Steder,
1031 1186 110 58 om
1189 1163 456 94 Naziræernes
1719 1165 176 91 Løfte
1943 1192 24 78 {

183 1285 272 98 4Mose
475 1284 224 100 Bogs
741 1296 40 64 6
825 1288 202 96 Cap.,
1065 1308 80 71 og
1181 1285 18 78 i
1261 1307 34 70 3
1331 1283 196 94 Mose
1557 1287 108 82 B.
1699 1313 96 66 27
1827 1287 107 83 Ca-

186 1411 156 90 Pitel
395 1430 108 56 om
549 1418 202 70 andre
795 1410 242 94 Slags
1089 1403 236 98 Lofter.
1431 1407 348 84 Derimod
1815 1416 124 74 mel-

187 1539 120 72 des
351 1533 48 90 ej
435 1538 104 72 det
565 1532 268 92 ringeste
871 1534 18 74 i
923 1538 102 70 der
1059 1530 164 97 Nye
1253 1527 408 94 Testamente
1703 1553 106 58 om
1827 1533 108 91 sær-

187 1661 174 72 deles
395 1650 236 96 Lofter.
709 1650 246 96 Deraf
977 1652 166 80 kant»
1185 1649 148 98 sees,
1367 1651 160 96 hvor
1563 1653 126 92 stor
1723 1661 74 70 de
1829 1651 108 83 Ca-

185 1770 272 105 tholskes
499 1772 410 94 Vildfarelse
943 1798 104 72 er,
1099 1780 108 73 der
1241 1773 50 92 ej
1323 1779 228 72 alleene
1595 1777 374 95 underkaste

186 1901 98 92 sig
326 1907 120 71 den
480 1896 502 90 Ceremonialffe
1020 1898 126 80 Lov
1182 1901 16 72 i
1230 1911 68 62 at
1334 1897 276 86 indgaae
1644 1895 326 92 saadanne

186 2017 258 95 Lofter,
500 2018 170 94 som,
712 2016 294 98 passende
1060 2022 90 89 sig
1198 2019 72 76 til
1302 2023 102 72 det
1448 2017 492 95 Gamle'Testa-

184 2151 254 70 mentes
472 2138 254 100 Tider,
776 2160 158 58 vare
966 2146 228 72 alleene
1224 2147 118 70 den
1378 2133 132 88 Tid
1566 2139 174 80 Gud
1778 2141 162 93 beha-

182 2265 234 95 gelige;
472 2282 146 60 men
650 2268 206 90 endog
888 2268 170 90 legge
1076 2279 234 74 mange
1334 2261 434 94 menneffelige
1784 2259 184 85 Bud

190 2407 86 72 og
310 2387 394 78 Lærdomme
736 2388 220 88 dertil,
1012 2380 100 100 (5)
1174 2383 18 76 i
1230 2389 104 72 det
1364 2387 74 72 de
1470 2387 138 74 love
1636 2381 330 92 saadanne

194 2503 221 97 Ting,
466 2504 134 92 som
652 2506 212 92 sindes
916 2514 116 72 end
1082 2503 122 80 ikke
1236 2505 20 78 i
1288 2513 120 70 den
1464 2503 504 97 Ceremonialffe

195 2627 168 94 Lov,
437 2646 146 58 men
629 2628 190 92 stride
879 2626 340 80 aabenbar
1283 2635 154 68 mod
1483 2625 458 96 Christendom-

197 2757 194 72 mens
419 2768 82 72 og
533 2754 118 70 den
683 2746 192 90 sunde
903 2745 338 95 Fornufts
1273 2749 204 94 Love,
1515 2747 294 94 saasom:
1865 2756 76 70 de-

199 2879 112 72 res
369 2866 544 98 Kloster-Løfter,
993 2878 182 72 deres
1231 2869 440 98 Pillegrims-
1693 2867 276 95 Gange,

197 2989 334 97 frievillige
549 2990 280 94 Armod,
863 3012 80 76 og
977 3000 200 70 andre
1209 2991 526 94 Urimeligheder,
1777 2989 162 92 hvor-

197 3125 122 68 ved
371 3112 266 99 hverken
683 3110 218 82 Guds
954 3112 175 81 Ære
1197 3113 362 94 udbredes,
1613 3121 142 72 eller
1803 3111 138 81 Næ-

199 3239 175 94 stens
411 3232 317 94 Velfærd
759 3232 353 96 befordres.

404 3355 212 85 Tiden
646 3362 250 76 tillader
928 3366 96 72 vel
1056 3356 148 95 ikke,
1254 3351 334 100 vidtløftig
1624 3369 70 64 at
1734 3351 238 96 handle

202 3501 108 60 om
358 3476 216 96 Løfter
622 3480 20 78 i
696 3476 550 99 Almindelighed,
1320 3501 82 74 og
1452 3487 182 74 deres
1690 3467 261 123 Beskaf-

443 3650 3 3 -
1146 3625 42 52 2
1644 3595 222 98 fenhed

276 3743 100 86 (f)
428 3744 146 72 Coll.
610 3762 68 62 2,
718 3762 104 62 23.
