2951 4383
1123 483 96 68 14

1117 679 88 88 E.
1257 707 30 66 5
1321 681 114 82 V.
1489 681 156 76 intet
1679 683 124 82 kan
1847 707 164 60 være
2061 687 264 76 bittrere
2379 677 106 92 for
2515 691 58 60 et
2603 669 174 82 Men-

1113 783 170 92 neste
1313 795 118 66 end
1997 809 80 70 og
2097 777 452 104 Forhaanelse.
2589 775 216 96 Noah

1117 889 252 74 bander
1421 885 90 90 sin
1573 905 150 72 egen
1769 885 176 84 Son
1991 887 228 96 Cham
2285 887 140 72 eller
2487 877 314 90 Canaan,

1113 983 178 94 fordi
1325 985 130 92 han
1493 981 208 96 havde
1743 991 218 76 blottet
1993 991 92 92 sin
2119 989 272 92 Faders
2423 977 272 96 Bluffel
2737 977 72 96 af

1119 1113 36 48 i
1195 1087 184 90 Mos.
1419 1083 104 80 B.
1557 1109 44 66 9
1633 1085 80 82 C.
1765 1099 108 68 der
1897 1111 64 56 er
2007 1115 78 54 en
2119 1079 520 92 Skamfuldhed
2673 1083 132 88 som

1115 1189 178 88 forer
1327 1185 70 76 til
1425 1181 226 94 Synd
1683 1209 78 72 og
1793 1199 110 70 der
1933 1211 64 56 er
2027 1211 74 58 en
2131 1181 508 94 Skamfuldhed
2677 1179 132 88 som

1113 1283 180 92 fører
1324 1284 175 79 Ære
1533 1307 82 70 og
1647 1285 272 96 Gunst,
1973 1293 162 92 siger
2165 1285 290 92 Syrach
2505 1305 68 56 m
2631 1281 180 92 hans

1115 1385 394 82 Wiisdoms
1563 1385 112 86 B.
1705 1413 48 68 4
1781 1389 82 82 C-
1905 1413 98 70 24
2029 1389 116 84 V.
2219 1395 110 70 lad
2367 1389 132 90 mig
2541 1381 128 80 ikke
2707 1380 71 77 be-

1115 1486 393 90 skiæmmes,
1589 1503 72 62 at
1705 1491 168 74 mine
1913 1489 284 92 Fiender
2245 1487 180 90 stulle
2469 1485 98 78 ik«
2625 1483 184 92 fryde

1117 1591 96 88 sig
1245 1605 148 58 over
1423 1587 172 90 mig,
1653 1589 188 76 beder
1887 1587 260 82 David
2189 1589 20 76 i
2239 1587 240 98 Psalm
2519 1605 124 66 as,
2689 1579 124 84 W.

1123 1713 68 46 2.
1263 1685 124 80 kan
1419 1683 436 98 Prædikeren
1905 1691 142 74 lære
2095 1697 78 66 os
2201 1689 20 72 i
2265 1701 102 62 det
2407 1699 132 76 7de
2581 1679 230 93 Egn-vid

1119 1785 68 94 2)
1245 1801 74 60 at
1351 1803 56 58 et
1441 1791 128 86 god
1599 1783 218 80 Navn
1849 1805 64 58 er
1949 1787 190 80 bedre
2185 1795 116 70 end
2355 1805 74 56 en
2463 1789 132 84 god
2629 1781 158 82 Sal-

1113 1905 80 58 ve
1237 1882 110 87 saa
1397 1887 90 84 see
1531 1885 66 74 vi
1647 1889 350 88 letteligen,
2049 1887 254 88 hvilken
2359 1885 316 90 betydelig
2729 1903 82 74 og

1107 1987 226 82 haard
1385 1979 236 92 Straf
1661 1981 478 96 Forhaanelsen
2207 2003 102 70 er,
2403 2003 82 70 og
2541 1981 264 94 følgelig

1115 2085 164 94 hvor
1311 2081 204 92 vigtig
1549 2101 72 56 en
1645 2059 296 114 Erudsel,
1975 2093 104 66 der
2111 2091 294 84 udgaaer
2437 2087 186 70 imod
2645 2081 132 84 Ba-

1109 2187 148 72 bels
1289 2181 288 82 Dotter.
1679 2181 262 78 ZErens
1987 2203 76 72 og
2107 2181 294 92 Friheds
2437 2177 204 98 Tab,
2709 2201 100 58 ere

1111 2281 198 76 bittre
1341 2279 262 96 Plager
1651 2277 104 90 for
1787 2299 56 60 et
1881 2283 180 88 hvert
2091 2277 388 94 Menneste,
2539 2299 82 72 og
2653 2281 128 76 dob-

1111 2381 132 78 belt
1275 2379 236 88 bittre,
1555 2381 62 94 jo
1649 2381 200 92 større
1879 2389 118 67 den
2305 2399 60 56 er
2401 2379 110 92 fra
2549 2381 258 88 hvilken

1109 2501 166 58 man
1309 2479 372 94 nedstødes,
1735 2479 62 92 jo
1825 2483 420 92 betydeligere
2273 2489 120 68 den
2423 2479 248 94 Magt,
2725 2503 84 74 og

1107 2579 250 98 Frihed
1407 2601 158 54 man
1601 2579 124 88 har
1773 2583 166 76 tabt.
2043 2583 166 76 Kan
2255 2597 58 58 et
2343 2579 349 92 Menneske
2737 2579 80 96 af

1109 2689 124 70 ben
1269 2679 268 92 ringeste
1575 2677 404 96 Herkomst,
2035 2679 132 90 som
2215 2679 212 94 aldrig
2473 2677 128 94 har
2641 2683 168 78 kient

1111 2789 198 68 andet
1353 2799 74 56 en
1475 2779 340 94 Skyggen
1873 2775 80 100 af
1987 2787 124 72 den
2167 2781 222 90 minste
2431 2777 202 96 Lykke
2679 2779 126 82 kan

1109 2889 124 68 ben
1313 2897 170 60 være
1559 2881 346 92 utrøstelig
1997 2897 154 62 over
2229 2879 290 90 sammes
2595 2877 210 90 Fab?

1107 2981 178 90 hvad
1351 2997 160 58 maa
1565 2987 86 66 da
1699 2977 124 76 ikke
1873 2987 158 84 den,
2117 2977 136 90 som
2305 2979 124 90 stal
2487 2977 166 94 stifte
2707 2981 98 94 sin

1101 3077 278 94 Throne
1437 3083 142 70 med
1625 3075 300 96 Støvet,
2009 3079 92 90 sin
2145 3077 178 80 ZEre
2379 3087 148 68 med
2573 3077 230 98 Spot,

1107 3181 132 88 sine
1271 3195 216 60 omme
1519 3195 82 72 og
1639 3179 248 76 kræsne
1923 3177 220 96 Dage
2175 3187 146 70 med
2353 3177 314 96 Fængsel,
2699 3189 110 70 der

1103 3285 152 68 med
1283 3281 122 72 den
1433 3279 284 90 udydige
1749 3297 80 70 og
1869 3281 178 90 stolte
2089 3277 398 96 Dronning
2515 3277 294 98 Wafthi

1099 3375 126 96 stal
1257 3371 324 102 forstydes
1619 3377 82 98 af
1723 3375 234 100 Esters
1991 3375 108 88 B.
2141 3403 30 50 i
2209 3377 82 86 C.
2327 3387 112 76 der
2475 3387 150 78 med
2643 3377 136 86 Ba-

2657 3483 148 82 bels
