2980 4491
1618 420 107 88 51

145 622 214 94 Herre
389 617 334 96 Zebaoths
759 617 236 85 Ørne?
1045 612 210 97 Fordi
1303 608 66 98 I
1415 629 96 60 ere
1551 618 168 73 ilden
1755 606 102 93 for

146 722 162 96 Jesu
342 719 304 82 Naade?
696 717 380 96 Hvorledes
1104 717 88 78 vil
1221 712 65 96 I
1320 734 90 58 nu
1443 709 161 82 blive
1640 718 216 72 redde«

146 832 70 68 de
248 819 102 94 fra
400 821 222 83 Guds
664 817 288 86 Vredes
1004 812 271 94 Straf,
1330 816 128 90 som
1506 811 118 96 har
1660 823 198 64 været

147 942 78 74 og
255 931 212 69 endnu
511 942 66 58 er
625 937 152 60 over
825 914 230 88 Eder?
1121 915 376 93 Hvorledes
1537 912 92 78 vil
1663 908 64 94 I
1763 928 96 59 nu

147 1042 164 56 naae
345 1041 72 56 en
451 1022 248 90 saadan
733 1017 431 93 Lyksalighed,
1217 1016 132 90 som
1379 1014 208 77 baade
1617 1012 18 76 i
1667 1006 158 98 Hen-

144 1124 198 90 seende
378 1125 70 72 til
480 1130 102 68 det
612 1118 386 95 Indvortes
1032 1137 82 74 og
1146 1115 332 79 Udvortes
1510 1111 122 78 kan
1648 1110 214 90 sættes

134 1222 23 76 i
196 1219 269 94 Ligning
492 1234 145 64 med
670 1215 219 88 Eders
904 1214 325 96 Fædres?
1332 1208 241 93 Tænke
1594 1210 69 96 I
1680 1258 23 48 ,
1752 1220 109 67 det

140 1318 120 91 skal
295 1318 113 93 skee
439 1329 252 80 derved,
745 1335 70 60 at
849 1316 66 96 I
951 1318 332 88 fremdeles
1313 1312 254 102 ftragte
1609 1332 82 72 og
1715 1304 110 98 for-

139 1420 173 88 skyde
393 1425 119 75 den
601 1415 399 93 korsfæstede
1061 1412 239 97 Jesu-Een
1345 1407 89 94 af
1461 1408 399 96 Nazareth?

140 1518 174 84 Ved
364 1537 74 64 at
484 1518 166 80 blive
698 1521 114 80 udi
852 1514 530 95 Gienstridighed
1430 1513 172 77 imod
1642 1506 216 89 Gud,

142 1622 23 76 i
198 1608 371 107 Henseende
600 1621 71 74 til
702 1611 353 99 Evangelii
1084 1607 663 99 NaadesTilbydelse
1764 1625 95 60 nu

143 1738 170 60 arter
347 1721 210 94 igien;
623 1721 136 76 eller
811 1724 120 72 ved
981 1733 70 60 ar
1077 1713 178 94 holde
1301 1714 262 94 Haand
1599 1728 154 62 over
1781 1717 82 70 de

145 1818 227 86 Eders
419 1815 275 99 Fædres
741 1814 259 84 Skikke
1045 1835 87 74 og
1169 1809 465 93 ceremonialffe
1667 1808 199 91 Love,

140 1920 136 90 som
302 1917 66 94 I
404 1921 164 87 have
600 1919 284 94 tilbage?
938 1914 176 84 Eller
1164 1922 118 70 ved
1318 1926 74 66 at
1424 1925 158 80 tro?.
1638 1906 226 86 Eders

136 2018 611 97 Omstændigheder
788 2016 53 81 ei
868 2014 125 80 kan
1034 2013 167 82 blive
1248 2010 417 96 forandrede,
1728 2004 103 98 for-

139 2124 266 75 bedrede
439 2140 82 72 og
551 2115 404 101 lyksaligere?
999 2114 82 83 O
1113 2115 128 79 nei!
1297 2111 134 81 net!
1477 2109 352 98 Ingenlun-

139 2228 77 70 de
231 2224 17 71 !
301 2217 67 94 I
397 2219 277 92 bedrage
717 2215 177 86 Eder
929 2218 21 74 i
997 2212 371 98 Sandhed.
1521 2209 185 81 Saa
1733 2207 133 92 vist

142 2320 136 90 som
304 2325 104 70 det
436 2338 136 70 paa
604 2328 120 67 den
762 2338 106 59 ene
898 2314 190 84 Side
1114 2335 92 71 er,
1254 2330 72 60 at
1346 2310 272 95 Jacobs
1638 2306 223 101 Huus

144 2416 151 92 stal,
318 2413 149 92 efter
484 2414 307 96 Herrens
817 2412 420 98 Moden-ere
1254 2410 189 95 Ord,
1494 2409 145 92 faae
1656 2408 173 82 Rod-

147 2522 112 72 der
295 2535 82 74 og
403 2514 296 93 blomstre
727 2517 20 74 i
775 2514 148 90 disse
967 2513 178 92 sidste
1185 2511 242 93 Dage,
1479 2528 170 60 naar
1683 2520 72 68 de
1785 2503 78 96 af

143 2614 311 96 Hjertets
489 2613 261 90 inderste
777 2611 257 81 Grund
1064 2615 90 74 vil
1183 2613 141 93 soge
1349 2620 119 70 den
1515 2606 317 92 korsfæste-

144 2722 78 70 de
264 2711 238 98 Jesum
540 2721 140 68 med
724 2710 336 96 eenfoldige
1104 2707 266 98 Hjerter
1414 2729 82 74 og
1550 2713 314 76 omvende

148 2816 97 92 sig
274 2817 23 74 i
326 2811 347 91 Sandhed
705 2811 70 80 til
802 2811 185 91 ham,
1040 2807 129 90 som
1198 2817 183 69 deres
1415 2803 416 104 Stene-Ret-

145 2909 375 108 færdighed
147 2910 374 97 færdighed,
575 2908 176 97 Fred
781 2932 84 74 og
915 2906 380 98 Salighed;
1346 2897 183 108 See
1575 2898 286 100 soleklart

144 3034 88 74 og
272 3011 474 95 uimodsigeligt
786 3031 64 58 er
897 3014 105 74 det
1046 3027 136 70 paa
1230 3016 118 72 den
1396 3013 212 76 anden
1639 3004 219 91 Side,

148 3130 74 60 at
254 3113 192 92 ingen
492 3110 406 94 Forbedring
928 3110 20 74 i
992 3105 366 96 Henseende
1404 3111 70 74 ti!
1520 3114 188 71 deres
1740 3113 88 70 ud-

149 3219 226 73 vortes
404 3207 625 93 Omstændigheder,
1085 3209 18 76 i
1133 3207 364 95 Henseende
1529 3209 72 76 til
1629 3216 68 70 de
1711 3216 120 66 ode-

145 3316 190 89 lagde
387 3311 332 81 Stæders
779 3307 421 95 Oprejsning
1255 3308 207 95 igien,
1521 3305 124 80 kan
1687 3302 174 94 finde

148 3410 220 101 Sted,
426 3409 112 97 saa
588 3412 198 97 længe
838 3418 72 78 de
946 3408 244 100 stampe
1232 3408 176 88 imod
1452 3403 408 96 Braadden,

1670 3520 87 78 vg
