3029 4564
107 1103 118 122 n

108 1179 110 165 1

117 1422 23 74 i

192 1357 34 94 t

96 3142 62 47 r»

97 3194 100 43 tø:

1119 660 225 97 længst
1384 657 120 101 har
1536 676 349 93 overgaaer
1921 674 65 76 al
2023 689 117 63 vor
2173 671 215 93 Roes,
2420 668 130 97 som
2587 675 101 76 det
2725 687 79 65 ra-

1119 789 154 94 reste
1302 786 303 100 Exempel
1636 787 103 99 for
1770 787 456 109 Dronninger
2259 820 79 77 og
2374 800 277 82 Landets
2693 818 108 61 øm-

1114 917 189 93 meste
1320 913 291 87 Moder:
1666 916 369 104 Behøvede
2068 931 121 79 den
2214 930 317 99 elskeligste
2548 926 279 103 Prinds

1110 1038 375 105 Friderich
1524 1069 169 62 mere
1724 1067 69 66 at
1836 1050 357 104 stadfæstes
2232 1058 19 80 i
2288 1056 335 100 Rigernes
2654 1059 149 100 Høi-

1106 1158 350 111 agtelseog
1376 1194 81 77 og
1494 1173 405 104 Kierlighed,
1946 1188 145 76 dem
2112 1182 175 101 Han
2320 1192 119 77 ved
2472 1189 125 92 fine
2636 1191 163 80 udvi-

1108 1302 155 76 dede
1292 1298 349 103 Indsigter
1682 1328 79 75 og
1812 1314 77 92 sit
1936 1330 75 60 en
2046 1309 329 101 Kongelig
2414 1312 277 99 Prinds
2730 1332 97 66 ret

1104 1425 359 98 ophøiende
1499 1429 110 83 Liv
1649 1431 106 97 fra
1785 1437 462 96 Ungdommen
2280 1440 201 95 afsaa
2507 1442 294 98 fuldkom-

1107 1568 147 64 men
1289 1548 121 103 har
1441 1557 321 83 tilvundet
1779 1561 128 96 sig;
1965 1562 282 100 sandelig
2269 1564 241 88 Deres
2530 1592 42 56 u
2585 1572 219 97 forfær-

1107 1680 159 78 dede
1281 1674 433 106 Helte-Mod,
1733 1683 243 87 Deres
1999 1688 561 105 Aarvaagenhed,
2578 1691 252 90 Deres

1105 1802 463 101 Nidkiærhed,
1603 1805 245 89 Deres
1893 1813 173 98 kloge
2107 1816 459 103 Forsigtighed
2601 1825 17 76 i
2661 1830 171 76 dette

1103 1927 239 98 ligesaa
1375 1929 271 100 farlige,
1711 1936 137 93 som
1883 1943 241 95 vigtige
2155 1945 259 85 Skridt
2449 1953 169 78 vilde
2651 1954 179 94 giøre

1106 2048 207 89 Dem
1336 2051 552 108 høistberettigede
1917 2070 71 78 til
2021 2075 75 75 de
2115 2077 367 98 prægtigste
2502 2077 328 101 Lovsange

1104 2196 83 79 og
1226 2188 121 74 alle
1382 2182 427 105 Retsindiges
1850 2196 257 95 daglige
2154 2199 445 100 Velsignelser-

1308 2309 179 83 Men
1522 2316 185 80 lader
1748 2329 77 69 os
1858 2321 127 81 ikke
2008 2325 341 95 daarligen
2384 2330 163 83 blive
2575 2337 224 95 saaen-

1102 2436 79 78 de
1220 2441 121 76 ved
1380 2432 339 90 Midlerne
1770 2450 175 78 uden
1976 2465 71 66 at
2078 2447 90 96 see
2206 2455 119 97 hen
2358 2458 71 81 til
2460 2465 123 76 den
2618 2461 207 103 Gud,

1108 2560 25 80 i
1172 2561 151 96 hvis
1352 2563 265 101 Haand
1648 2575 75 75 de
1758 2567 163 101 have
1956 2592 197 65 været
2190 2577 399 105 Redskaber.
2646 2592 177 101 Han

1112 2693 204 78 allene
1346 2712 63 64 er
1451 2697 144 92 den,
1644 2715 108 60 om
1801 2698 290 104 hvilken,
2134 2721 73 64 at
2253 2708 96 97 jeg
2404 2714 125 94 skal
2574 2715 247 89 betiene

1115 2817 134 97 mig
1285 2817 76 98 af
1389 2840 73 59 en
1507 2821 180 99 hellig
1711 2820 381 91 Skribents
2127 2828 182 99 Ord,
2335 2843 102 80 det
2465 2841 126 84 kan
2621 2849 195 97 siges:

1113 2938 175 101 Han
1327 2950 143 91 giør
1507 2953 71 75 de
1615 2943 337 103 Trædskes
1987 2954 249 104 Anslag
2269 2967 69 78 til
2371 2970 194 99 intet,
2610 2994 72 64 at
2717 2983 73 79 de-

1115 3079 113 69 res
1265 3066 291 99 Hænder
1597 3073 123 82 ikke
1753 3075 209 82 kunne
2005 3087 177 92 giøre
2233 3092 127 96 det,
2405 3098 73 79 de
2533 3116 149 82 tage
2725 3111 92 95 sig

1116 3186 144 108 for;
1316 3193 176 101 Han
1535 3199 211 95 griber
1799 3210 75 75 de
1907 3207 175 96 Vise
2125 3214 19 77 i
2177 3221 185 77 deres
2399 3220 413 111 Trædffhed,

1119 3340 83 77 og
1234 3328 73 76 de
1336 3321 276 105 Arriges
1632 3325 212 89 Zeaad
1877 3340 389 102 omstyrres;
2299 3369 79 73 og
2409 3358 207 77 under
2639 3358 177 98 hans

1120 3442 367 109 Varetægt
1541 3476 64 62 er
1638 3461 101 81 det
1783 3468 231 91 allene,
2061 3482 95 81 at,
2205 3489 171 67 naar
2407 3479 65 80 vi
2503 3487 147 79 med
2683 3486 133 95 hiin

2650 3616 164 97 store
