3089 4564
1198 482 104 66 12

1179 668 330 86 Betleren
1533 677 68 78 til
1619 677 92 94 sin
1727 675 236 83 Stav.
2065 678 126 97 Og
2217 683 160 92 hvor
2395 681 276 92 vigtigt,
2723 674 168 98 hvor

1181 796 346 97 betydeligt
1561 821 64 56 er
1659 801 122 76 ikke
1813 808 164 72 dette
2011 802 220 82 Guds
2267 799 256 100 Forsyn
2557 799 100 93 for
2679 794 186 84 Ver-

1177 926 160 90 den,
1371 925 164 94 hvor
1573 930 280 90 naadigt
1889 932 20 76 i
1939 928 112 90 sær
2089 926 102 94 for
2223 947 154 60 vort
2411 925 186 80 kiære
2630 921 236 99 Fader-

1164 1112 7 22 -
1175 1055 279 77 neland!«
1531 1049 179 84 Var
1768 1062 102 72 det
1944 1060 146 74 med
2149 1052 351 99 Throner,
2555 1049 135 93 som
2744 1052 148 78 med

1168 1182 214 74 «andre
1434 1177 360 97 Embeder,
1848 1198 72 62 ar
1976 1186 74 72 de
2104 1187 252 74 overalt
2408 1181 208 94 ffulde
2670 1176 192 80 beklæ-

1168 1308 128 74 des
1332 1303 76 94 af
1436 1311 190 90 dem,
1682 1303 136 94 som
1854 1310 120 74 ved
2018 1308 164 94 fleste
2216 1305 368 84 Stemmer
2604 1292 259 106 erfared-

1166 1438 109 82 tses
1206 1438 69 68 es
1308 1422 103 101 for
1442 1437 71 72 de
1552 1435 367 93 værdigste;
1972 1430 117 84 O!
2148 1432 165 97 hvor
2344 1451 241 76 mange
2632 1428 235 98 Ulyksa-

1167 1554 288 96 ligheder
1501 1555 102 94 for
1645 1549 296 90 Verden
1993 1572 252 65 maatte
2289 1557 126 80 ikke
2463 1563 166 75 dette
2679 1556 212 98 Valg

1163 1678 148 96 fore
1341 1691 150 72 med
1537 1683 140 94 sig?
1747 1683 122 79 Alt
1915 1680 102 94 for
2063 1688 150 75 lidet
2263 1699 250 62 maatte
2561 1686 68 76 vi
2675 1686 220 80 kiende

1165 1804 417 97 Menneffet,
1637 1829 79 74 og
1755 1814 95 72 alt
1877 1806 103 96 for
2019 1806 349 94 fremmede
2403 1823 251 65 maatte
2669 1812 65 78 vi
2767 1830 97 60 væ-

1164 1952 76 58 re
1278 1934 18 76 i
1344 1937 122 76 den
1510 1931 330 99 Verden,
1926 1934 156 96 hvis
2128 1934 452 97 Indbyggere
2630 1940 70 76 vi
2754 1957 138 79 ere,-

1168 2055 253 93 detrsom
1170 2056 252 92 dersom
1454 2059 68 78 vi
1552 2061 130 78 ikke
1720 2062 240 94 vidste,
2016 2058 168 100 hvor
2222 2063 154 80 lidet
2430 2081 58 60 et
2532 2061 357 97 Menneske

1170 2190 214 74 taaler
1412 2201 72 64 at
1532 2180 323 104 beherskes
1886 2184 78 96 af
1998 2194 162 89 den,
2228 2187 136 96 han
2410 2207 170 63 troer
2614 2192 22 78 i
2672 2198 98 74 alt
2818 2208 74 66 at

1169 2328 170 61 være
1365 2313 98 96 sin
1483 2313 184 96 Lige,
1723 2335 80 75 og
1839 2312 166 98 hvor
2041 2315 372 94 u-taaleligt
2439 2323 102 72 det
2573 2320 176 80 vilde
2765 2316 96 98 fal-

1171 2444 98 78 de,
1311 2440 18 74 i
1359 2439 178 96 Dag
1573 2457 70 62 at
1663 2439 182 83 kalde
1881 2446 126 74 den
2055 2442 138 79 min
2241 2441 282 98 Konge,
2571 2444 134 92 som
2733 2444 100 98 jeg
2867 2470 24 58 r

1166 2556 210 91 Gaae
1412 2565 213 83 kaldte
1663 2569 136 79 min
1833 2566 454 97 Medborger.
2411 2569 344 101 Historien
2793 2576 68 76 vi-

1169 2690 91 92 ser
1300 2705 76 66 os
1396 2693 216 94 altfor
1646 2695 254 95 blodige
1933 2690 217 98 Spor
2178 2693 80 94 af
2281 2693 251 96 saadan
2566 2695 322 103 Adkomst

1170 2824 74 78 til
1284 2818 328 101 Throner,
1666 2825 114 77 der
1816 2822 122 96 har
1988 2827 288 89 grundet
2312 2827 92 94 sig
2452 2845 134 74 paa
2632 2824 250 100 Valg,

1168 2948 140 94 som
1352 2947 178 96 oftest
1560 2939 352 104 aftvunget
1940 2952 124 78 ved
2094 2950 322 95 Magten,
2454 2959 144 73 eller
2628 2954 260 82 tilkiobt

1168 3080 123 72 ved
1326 3076 287 81 Guldet.
1734 3073 375 83 Strømme
2164 3073 77 94 af
2266 3075 201 84 Blod
2504 3077 119 98 har
2657 3086 94 76 alt
2780 3080 103 96 for

1169 3202 128 96 ofte
1327 3190 366 105 overskyllet
1727 3205 76 77 de
1841 3196 346 98 ulyksalige
2221 3203 252 90 Lande,
2543 3205 166 93 hvor
2742 3207 116 94 saa-

1172 3335 218 76 danne
1437 3327 372 96 Rezentere
1861 3348 98 58 ere
2003 3332 316 92 opstegne.
2435 3329 292 101 Behøve
2777 3340 104 94 vi,

1173 3455 443 103 Højstærede!
1671 3471 71 64 at
1777 3454 145 96 søge
1955 3452 307 90 Beviis?
2333 3455 163 100 Hvo
2533 3459 125 81 kan
2707 3470 175 76 uden

2646 3586 238 102 Gysen
