2842 4456
1745 501 96 72 25

151 688 156 96 fler.’
363 712 29 49 i
455 687 223 84 Sam.
751 716 93 50 22
895 690 83 86 C-
1093 691 135 100 Thi
1283 698 183 74 ellers
1519 688 199 94 skulde
1769 695 67 96 J-

151 792 163 90 blive
152 792 164 76 blive
402 789 292 98 straffede
766 800 140 72 med
986 803 122 70 den
1176 796 260 92 ulydige
1520 792 322 97 Absalon,

152 892 390 92 nedstyrtede
598 900 142 72 med
794 900 118 72 den
966 897 336 92 ugudelige
1358 890 306 100 Jesabel,
1722 899 90 76 mi-

152 990 81 90 ste
298 990 303 94 Hovedet
666 1002 141 72 med
876 1002 119 70 den
1070 994 311 95 oproriffe
1444 992 245 99 Seba,
1762 1017 81 74 og

153 1090 260 94 hænges
509 1089 134 92 som
719 1104 120 70 den
933 1095 260 92 troelose
1289 1096 330 94 Haman,
1749 1097 96 96 thi

153 1190 460 82 Overtrædere
679 1215 82 73 og
813 1192 324 96 Syndere
1201 1193 122 96 stal
1377 1194 470 95 sonderbrydes

155 1292 213 90 tillige,
427 1313 79 72 og
553 1301 95 84 de,
707 1294 129 92 som
867 1292 247 94 forlade
1155 1293 285 100 Herren,
1501 1294 121 90 stal
1679 1307 143 70 alde-

154 1392 98 74 les
304 1389 392 95 omkomme,
770 1398 228 88 hedder
1064 1405 102 70 der
1236 1397 20 76 i
1318 1394 204 90 Esaia
1582 1423 30 46 1
1674 1397 176 96 Cap.

156 1500 94 72 28
306 1488 116 85 V.
476 1491 120 96 Og
622 1491 88 97 I,
766 1496 128 88 som
926 1516 98 57 ere
1076 1499 22 74 i
1130 1503 118 70 den
1280 1498 252 78 mindre
1562 1494 288 99 Stand,

156 1588 201 94 bruge
446 1591 123 80 ikke
638 1591 377 96 Tyrannie,
1084 1617 79 72 og
1232 1598 173 91 giøre
1470 1594 121 81 ikke
1666 1607 185 70 eders

155 1686 160 96 Aag
375 1686 180 91 svart
607 1715 150 59 over
827 1696 320 90 hinanden
1213 1697 388 89 indbyrdes!
1663 1703 188 90 holde

155 1786 128 78 ikke
349 1786 188 83 Kiod
603 1787 100 98 for
781 1792 218 84 Eders
1067 1793 210 93 Arm,
1351 1792 284 96 forlader
1713 1805 142 70 eder

157 1884 125 82 ikke
347 1906 131 75 paa
533 1897 73 70 de
661 1891 431 95 Mægtigeres
1147 1893 243 91 Hielp,
1471 1890 99 96 for
1625 1909 229 66 derved

156 2004 74 60 ar
282 1987 418 94 undertrykke
758 1990 220 82 Eders
1028 1991 450 87 Medbrødre,
1538 1992 88 87 thi
1678 2001 148 92 Her-

154 2104 114 58 ren
336 2104 66 58 er
472 2107 76 56 en
602 2087 302 93 Hevnere
958 2109 150 60 over
1164 2095 90 72 alk
1310 2102 160 68 dette
1494 2098 14 72 !
1570 2093 290 84 Ovæler

156 2182 125 78 ikke
350 2182 217 85 Eders
624 2187 411 92 Medtiener,
1108 2189 129 94 som
1304 2202 117 66 den
1476 2192 381 99 skalkagtige

155 2282 282 85 Svend.
505 2285 318 95 Makthæi
873 2302 88 70 18
1001 2289 82 82 C-
1137 2293 168 92 Hvo
1341 2290 132 86 som
1505 2290 352 97 fortrykker

157 2392 126 70 den
319 2382 250 97 Ringe,
623 2383 354 95 forhaaner
1023 2399 148 78 den,
1231 2391 132 86 som
1417 2392 216 94 giorde
1669 2395 184 94 ham,

161 2504 145 56 men
337 2482 125 94 hvo
513 2483 133 90 som
695 2484 361 94 forbarmer
1111 2491 91 92 sig
1259 2508 147 60 over
1463 2512 73 58 en
1589 2495 263 96 Fattig,

166 2600 158 60 ærer
394 2581 194 96 ham,
646 2587 156 91 siger
856 2584 356 84 Salomon
1284 2592 20 74 i
1372 2588 290 97 Ordspr.
1738 2593 108 84 B.

172 2700 94 74 14
316 2678 82 85 C.
454 2707 84 68 zi
602 2681 116 83 V.
776 2684 252 81 Giører
1080 2709 72 70 ey
1208 2685 222 85 Eders
1478 2690 154 97 Aag
1682 2695 178 84 svart

166 2798 153 58 over
398 2779 359 88 hverandre
834 2794 141 67 med
1048 2783 471 101 Bagvaskelse,
1604 2791 93 94 thi
1786 2813 69 58 en

165 2878 438 96 Bagvaskers
651 2879 158 83 Ord
862 2881 282 97 ere-som
1011 2881 132 92 som
1189 2885 222 93 Slag,
1471 2910 80 74 og
1599 2899 72 68 de
1721 2887 140 90 fare

167 2984 120 72 ned
357 2980 20 73 i
447 2981 258 88 inderste
767 2978 196 96 Bug.
1029 2981 282 94 Ordspr.
1371 2984 106 82 B.
1539 3003 84 70 18
1679 2989 178 92 Cap.

163 3074 117 84 V-
351 3090 59 71 8.
503 3077 169 96 Ikke
735 3088 143 68 med
957 3079 541 99 Urerfærdighed,
1565 3089 91 92 thi
1729 3091 127 94 hvo

164 3176 134 88 som
368 3176 176 91 saaer
598 3179 152 78 Uret
796 3178 120 92 skal
970 3183 170 86 heste
1194 3182 520 101 Uretfærdighed,
1772 3211 82 72 og

162 3276 178 92 hans
396 3275 400 97 Grumheds
830 3278 168 82 Riis
1042 3281 120 94 ffa!
1214 3281 144 88 faae
1412 3284 210 91 Ende,
1668 3289 160 82 Ord-

164 3374 125 98 spr.
342 3374 107 87 B.
498 3403 93 50 22
646 3379 79 83 C.
782 3378 115 86 V.
954 3394 61 71 8.
1076 3379 123 76 ikke
1248 3394 137 70 med
1432 3388 393 95 Ubarmhier-

1045 3479 182 92 B;
1607 3491 242 98 lighed,
