2973 4481
1841 389 55 73 7

223 574 82 74 og
342 550 287 87 Attraae
661 576 64 62 er
755 564 194 75 vendt
979 575 136 80 paa
1157 564 120 75 den
1322 554 127 102 hele
1496 548 215 99 Rejse.
1820 553 145 97 Lige-

222 679 136 87 som
434 700 92 58 nu
586 689 198 73 denne
854 689 324 74 anvender
1244 688 120 74 alle
1416 675 292 96 Kræfter
1774 672 104 95 for
1920 692 74 64 ak

221 820 169 59 naae
443 801 311 97 Maalet,
803 803 113 94 faa
961 825 203 74 gaaer
1201 811 105 72 det
1337 826 81 73 og
1449 810 143 72 med
1630 820 75 76 en
1743 798 255 92 saadan

222 921 307 94 Christen
559 924 327 95 paa-hans
712 924 175 94 hans
906 924 525 99 Himmel-Vej:
1460 923 175 97 Han
1664 923 209 95 finder
1902 923 66 80 al-

224 1043 118 77 tiid
225 1042 119 79 tiid
399 1062 191 74 noget
635 1042 79 94 af
749 1042 365 83 Naturens
1167 1036 471 101 Fordærvelse,
1693 1042 135 90 som
1869 1041 131 75 bor

220 1161 357 94 forandres
605 1181 24 82 ;
701 1189 202 76 nogen
984 1167 375 93 Vantroe,
1438 1162 561 91 Skiøde-Synd,

224 1287 398 95 Ustadighed
686 1292 20 76 i
772 1291 657 95 Ehristendommen,
1510 1305 208 72 nogen
1806 1281 162 79 Mis-

225 1407 203 85 Tillid
487 1412 73 76 til
609 1415 219 81 Guds
869 1410 475 97 Beffiærmelse
1389 1429 83 76 og
1511 1404 297 96 Forsyn,
1861 1401 139 91 som

224 1531 55 91 ej
336 1557 67 57 er
464 1546 451 88 overvunden;
968 1558 209 76 nogen
1204 1533 241 92 timelig
1478 1527 181 97 Fare
1702 1548 83 74 og
1834 1521 143 95 For-

225 1660 429 96 tredelighed,
707 1660 133 92 som
893 1660 165 79 kant)
1107 1678 169 58 være
1319 1658 23 76 i
1391 1652 233 92 Vejen
1667 1647 105 93 for
1815 1645 181 98 ham«

222 1783 177 99 Han
458 1785 189 78 beder
702 1782 177 81 Gud
935 1803 110 57 om
1092 1773 204 99 Hjelp
1359 1795 84 76 og
1490 1772 307 93 Bistand
1842 1766 161 99 heri,

226 1930 85 72 og
358 1907 182 89 viiser
584 1909 93 91 sig
726 1909 266 75 allerede
1050 1900 256 96 ligesom
1356 1896 198 95 forud
1602 1895 20 78 i
1660 1889 344 89 Tankerne

225 2029 453 93 taknemmelig
727 2037 155 66 mod
931 2024 213 92 Gud,
1195 2029 119 70 ved
1361 2035 73 62 at
1479 2020 179 92 giore
1705 2014 157 94 ham
1897 2016 109 73 det

222 2152 217 95 Lofte:
494 2168 117 75 at,
660 2169 173 60 naar
890 2146 133 92 han
1068 2143 125 93 har
1244 2146 397 74 overvundet
1690 2144 121 70 den
1858 2139 147 73 eller

221 2285 123 71 den
393 2275 291 92 Mangel
735 2270 127 96 hos
891 2272 133 92 sig,
1089 2264 355 94 forvundet
1503 2268 123 71 den
1691 2262 141 74 eller
1877 2263 125 68 den

225 2397 532 94 Besværlighed,
807 2393 90 76 vil
916 2388 131 98 han
1065 2384 288 100 offentlig
1372 2383 383 95 herliggiøre
1774 2376 231 83 Guds

230 2519 207 96 Hielp
506 2525 120 71 ved
704 2536 108 57 een
870 2518 140 74 eller
1070 2518 212 71 anden
1378 2504 301 95 Gudelig
1736 2498 264 92 Øvelse.

231 2645 225 83 Dette
497 2635 179 96 Løfte
723 2638 199 91 ligger
967 2632 157 95 ham
1169 2630 185 77 altiid
1393 2648 139 75 paa
1567 2624 297 95 Hiertet,
1917 2640 89 75 og

230 2791 65 56 er
326 2768 163 90 ham
526 2762 237 90 somen
814 2752 333 94 bestandig
1196 2750 473 94 Opmuntring
1718 2748 113 83 til,
1880 2752 125 70 ved

231 2897 125 73 den
389 2885 313 98 Højestes
735 2874 239 96 Kraft,
997 2891 73 62 at
1087 2874 343 80 overvinde
1461 2874 121 74 alle
1607 2864 369 97 Vanskelig-

235 3013 206 97 heder.
526 3006 185 79 Kort
726 3002 171 95 sagt:
950 2996 217 95 Hans
1190 2993 203 95 Lofte,
1428 2991 135 90 som
1594 2989 133 96 han
1746 2986 229 94 betrag-

234 3153 97 62 ter
400 3137 186 87 langt
672 3127 221 89 borte,
960 3142 66 59 er
1098 3120 20 78 i
1184 3118 172 97 hans
1409 3113 208 94 Bytte
1686 3109 134 93 som
1880 3115 124 72 den

233 3259 259 89 Steen,
535 3251 315 80 Samuel
901 3244 157 94 satte
1095 3245 251 75 mellem
1397 3237 243 91 Mizpa
1673 3252 83 76 og
1805 3231 199 92 Sen,

232 3402 87 72 og
350 3399 131 76 gav
512 3382 105 71 det
664 3371 221 81 Navn
930 3365 223 82 Eben
1192 3363 231 90 Ezer,
1476 3363 285 91 sigende:
1816 3355 155 96 Hid-

231 3501 231 82 indtil
507 3500 147 94 har
695 3492 331 96 HErrm
1075 3486 313 96 hjulpet,
1441 3481 131 97 (m)

992 3609 67 86 A
1111 3630 52 72 4
1728 3598 181 83 Men

322 3766 121 76 (m)
494 3784 27 44 l
558 3760 183 73 Sam.
770 3772 73 65 7,
904 3770 96 47 il.
