2961 4564
1748 458 109 88 31

151 635 314 98 forandre
501 642 138 95 alt,
691 635 178 100 hvad
915 659 160 59 man
1141 638 382 97 forefinder.
1567 683 104 17 —
1713 644 140 98 For-

153 770 329 94 dærvelige
519 787 93 60 ere
645 771 113 90 de,
827 763 177 101 som,
1059 766 103 94 for
1197 784 73 64 ar
1309 769 251 98 ophoye
1579 777 185 74 deres
1785 782 100 84 eg'

150 917 118 69 ne,
334 894 278 81 beklæde
658 891 290 86 Landets
988 898 296 96 vigtigste
1346 895 334 85 Embeder
1736 902 150 76 med

148 1026 330 90 uværdige
532 1016 352 103 Personer.
938 1062 102 14 —
1096 1022 486 100 Fordærvelige
1632 1047 100 59 ere
1778 1032 106 88 de,

156 1147 131 87 som
358 1150 121 80 ikke
544 1147 259 94 noksom
882 1146 209 98 indsee
1152 1150 463 84 Stændernes
1680 1150 207 96 fælles

159 1275 310 99 Fordele,
527 1298 82 73 og
659 1269 254 102 derfore
967 1278 214 96 bygge
1231 1300 106 60 een
1385 1279 310 84 Stands
1727 1276 126 98 Op-

151 1403 198 99 komst
381 1424 134 76 paa
547 1426 76 59 en
655 1411 264 76 andens
939 1408 434 95 Undergang.
1491 1409 366 98 Fordærve-

157 1535 123 93 lige
308 1554 100 58 ere
437 1538 109 92 de,
601 1533 135 94 som
782 1537 148 76 med
974 1538 322 92 umytrige
1349 1533 217 98 Krige
1614 1542 240 76 udtom-

150 1679 100 59 me
280 1658 272 84 Landet.
656 1659 178 80 Men
866 1659 126 94 hvo
1028 1662 126 78 kan
1192 1682 280 75 opregne
1518 1667 146 78 dem
1714 1666 170 78 alle?

152 1781 208 101 Disse
406 1806 80 74 og
532 1789 206 76 andre
794 1785 336 92 saadanne
1180 1788 242 95 bruger
1486 1795 122 72 den
1660 1789 230 97 højeste

154 1907 325 101 Bestyrer
533 1929 188 62 enten
785 1917 74 76 til
931 1919 74 73 de
1084 1912 261 96 Rigers
1420 1912 471 102 Ødeleggelse,

147 2041 114 78 der
313 2038 164 96 have
531 2036 172 97 fyldt
751 2043 186 76 deres
991 2038 540 101 Synde-Maal,
1597 2063 82 75 og
1729 2042 154 96 hvis

151 2168 280 92 endelige
465 2166 406 95 Undergang
911 2171 86 77 da
1033 2188 64 58 er
1135 2170 298 97 bestemt;
1489 2177 142 74 eller
1667 2170 220 98 Hans

154 2289 320 99 usporlige
512 2290 348 85 Viisdom
892 2300 208 76 maler
1138 2302 144 76 dem
1312 2299 74 78 til
1430 2319 78 56 en
1556 2295 158 90 Tud
1746 2298 20 78 i
1806 2302 82 74 de

150 2426 220 74 endnu
402 2418 300 98 lyksalige
746 2419 262 101 Riger,
1066 2422 202 100 hvilke
1322 2423 172 100 Han
1548 2431 202 75 allene
1794 2428 94 80 vil

156 2561 184 81 tugte
370 2550 74 78 til
478 2548 454 98 Forbedring:
990 2574 119 74 og,
1170 2572 172 60 naar
1394 2561 90 72 da
1512 2553 216 100 Hans
1770 2554 92 92 Ti-

151 2674 456 99 mekommer,
667 2681 88 78 da
791 2683 180 74 lader
1015 2678 172 98 Han
1235 2680 128 98 hele
1411 2679 296 86 Verden
1755 2684 130 94 see,

155 2818 72 60 at
261 2804 20 76 i
315 2806 124 72 den
467 2798 192 95 Bid,
717 2809 86 74 da
821 2804 310 99 Hofmod
1151 2812 290 90 prydede
1473 2809 150 98 disse
1655 2813 204 81 Uvær-

151 2929 144 93 digt
337 2926 130 94 som
505 2952 73 57 en
619 2929 247 98 Kiedr,
923 2954 79 74 og
1037 2932 203 84 Vold
1291 2934 245 81 berakte
1569 2943 143 75 dem
1749 2940 135 86 som

152 3060 142 74 med
330 3072 56 62 et
418 3054 350 103 Smykke;
824 3067 86 74 da
964 3066 192 78 deres
1182 3060 230 104 .Øyne
1466 3065 178 80 bleve
1700 3068 186 80 borte

152 3177 100 84 for
310 3180 276 99 Fedme,
668 3209 78 72 og
820 3195 184 74 deres
1070 3188 312 98 Hierrers
1460 3191 272 90 Tanker
1796 3194 86 98 fik

152 3307 419 102 Fremgang;
658 3319 85 74 da
794 3321 73 74 de
926 3315 253 83 komme
1228 3325 205 74 andre
1498 3323 69 78 til
1624 3338 71 64 at
1746 3320 105 94 for-

153 3431 302 103 smægte;
513 3444 86 79 da
643 3447 72 76 de
751 3441 160 96 satte
951 3450 186 78 deres
1159 3444 278 85 Munde
1465 3449 188 82 imod
1675 3448 208 100 Him-

1737 3596 132 62 me-
