3028 4424
1167 379 95 78 42

1065 541 574 98 Undersaatterne,
1693 543 134 94 som
1871 553 170 90 siden
2101 571 96 62 ere
2243 547 224 78 komne
2523 543 284 98 Stiftel-

1063 669 114 92 sen
1215 667 70 78 til
1313 663 240 98 Hielp,
1607 681 70 64 at
1709 665 412 94 fremkomme
2157 677 142 74 med
2335 673 186 74 deres
2555 667 266 82 Gaver.

1059 787 398 98 Imidlertid
1515 809 62 60 er
1639 797 104 70 det
1785 789 120 80 ikke
1953 789 366 98 urimeligt,
2389 807 70 62 at
2509 787 326 96 saadanne

1059 913 242 82 Gaver
1333 909 172 80 kand
1529 929 210 76 være,
1795 933 110 58 om
1937 913 120 80 ikke
2093 919 156 88 alle,
2301 909 116 94 saa
2457 919 128 86 dog
2627 917 210 90 nogle,

1057 1033 470 100 foranledigede
1583 1039 116 72 ved
1763 1049 56 62 et
1869 1039 140 74 eller
2061 1043 194 72 ander
2319 1033 326 94 Gudeligt
2695 1029 124 92 Løf-

1055 1175 82 64 te.
1245 1156 308 88 Maaskee
1593 1175 72 58 en
1709 1151 108 98 fra
1855 1163 120 72 den
2005 1157 186 94 nogle
2241 1153 146 84 Aar
2425 1153 222 98 forhen
2683 1157 124 94 sint-

1055 1289 136 74 rede
1233 1277 352 96 besværlige
1603 1277 178 96 Krig
1821 1275 468 100 hjemkommen
2325 1275 334 100 Jephtah,
2699 1275 136 92 som

1051 1407 170 76 kand
1265 1403 164 94 have
1457 1407 168 72 lovet
1651 1399 174 82 Gud
1865 1407 104 70 det
2001 1395 220 100 første,
2253 1397 140 92 som
2427 1407 214 72 mødte
2677 1397 156 96 ham

1051 1533 120 72 ved
1231 1525 176 94 hans
1463 1517 410 102 Hiemkomst
1923 1527 144 72 med
2143 1519 208 96 Fred,
2409 1521 98 96 (o)
2575 1541 80 72 og
2695 1517 136 94 som

1055 1649 206 78 kunde
1297 1641 176 96 ofres
1501 1639 346 100 HErreu,
1903 1643 146 98 har,
2095 1647 24 74 i
2141 1643 370 92 Anledning
2547 1639 76 96 af
2665 1649 170 70 dette

1053 1769 262 82 Greds
1365 1764 1017 111 sundatiomsalvetsaadan
1887 1767 194 92 salver
2135 1765 248 94 saadau
2421 1763 206 86 Gave
2687 1769 144 72 med

1053 1887 654 96 Taknemmeligheds
1755 1887 266 96 Taare,
2089 1909 82 74 og
2233 1891 262 92 nedlagt
2549 1891 122 74 den
2729 1879 104 98 for

1051 2009 346 100 HErrens
1429 2005 148 94 Fod
1633 2019 144 68 med
1809 2007 150 98 disse
1991 2009 202 82 Ord:
2249 2013 228 74 Dette
2515 2005 144 96 ftal
2691 2025 114 56 væ-

1051 2157 76 54 re
1163 2133 90 78 til
1283 2151 86 55 en
1405 2127 250 84 Steen
1689 2133 26 72 i
1745 2136 192 86 dette
1971 2129 244 78 Guds
2255 2127 254 94 Huus.
2613 2127 190 80 Maa-

1047 2255 122 92 ffee
1201 2273 76 58 eu
1313 2255 140 74 eller
1483 2257 210 72 anden
1731 2249 400 98 Soemand,
2163 2257 108 72 der
2307 2249 124 96 har
2465 2249 114 92 feer
2615 2245 188 98 HEr-

1047 2383 158 72 rens
1229 2375 326 92 underlige
1595 2371 332 94 Gierning
1973 2373 22 76 i
2027 2377 106 72 der
2161 2369 256 98 Dybe,
2461 2369 102 98 (x)
2623 2369 166 80 kand
2807 2419 24 44 ,

1047 2493 154 98 efter
1259 2511 74 62 at
1395 2493 164 96 have
1609 2493 202 94 svevet
1861 2495 272 78 imellem
2163 2493 110 80 Liv
2307 2513 82 74 og
2451 2491 186 86 Død
2695 2511 138 76 paa

1041 2625 78 72 de
1169 2617 398 92 bedragelige
1619 2615 310 94 Bølger,
1983 2625 120 68 ved
2155 2635 76 60 en
2279 2613 258 96 lykkelig
2593 2609 206 102 Hjem-

1041 2741 204 94 komst
1279 2737 162 96 have
1477 2735 256 82 tilbedet
1769 2739 174 80 Gud
1979 2755 136 78 paa
2147 2741 166 74 dette
2351 2735 222 96 Sted,
2627 2739 172 94 sigen-

1041 2867 76 72 de
1151 2867 142 72 med
1345 2857 200 98 Jona
1563 2879 16 54 :
1635 2857 162 102 Jeg
1835 2859 112 76 vil
1979 2863 164 70 med
2161 2857 440 102 Taksigelses
2630 2857 200 94 Røs

1043 2981 158 94 ofte
1235 2981 92 76 til
1365 2981 168 96 dig,
1571 2983 114 94 jeg
1719 2981 108 76 vil
1863 2979 420 90 betaledet,
2337 2981 152 90 som
2533 2983 114 96 jeg
2685 2981 140 86 har

1045 3105 226 76 lovet,
1335 3099 100 98 (g)
1539 3099 314 92 Maaffee
1905 3121 74 56 en
2031 3105 156 82 elles
2207 3107 210 72 anden
2461 3099 364 96 Krøbling,

1037 3231 146 70 med
1213 3221 106 92 hin
1347 3219 208 96 Halte
1575 3221 18 74 i
1625 3217 420 96 Jerusalems
2065 3219 294 98 Tempel,
2389 3223 168 78 kand
2579 3221 106 98 her
2705 3221 86 96 ha-

1037 3363 78 62 ve
1161 3341 346 96 bortsiengt
1559 3341 96 94 sin
1715 3337 310 98 Krykke,
2091 3341 366 98 sprunget,
2525 3365 82 74 og
2653 3351 170 74 lovet

2505 3465 202 98 Gud,

1133 3607 98 78 (o)
1279 3601 268 74 Dom.B
1587 3615 212 66 n,;i.
1889 3605 102 82 (p)
2033 3603 420 86 SPfal.107,24.
2537 3607 100 80 (q)
2663 3605 150 82 Jon.

1216 3730 61 59 2,
1343 3725 73 46 Lo
