3086 4543
1203 716 117 105 faa
1361 725 111 91 let,
1511 730 83 85 og
1633 710 331 99 hundrede
2003 697 373 108 homiletiste
2399 704 363 100 Journaler
2799 701 93 88 vil

1206 856 205 79 neppe
1462 827 287 101 bibringe
1804 842 79 68 en
1918 843 97 68 rer
2068 821 361 107 Fornuftig
2472 826 119 75 den
2632 826 259 91 mindste

1203 951 454 101 Ringeagtelse
1695 939 104 105 for
1827 960 72 68 en
1935 935 282 112 offentlig
2241 941 252 93 Lærere,
2535 939 148 94 hvis
2705 938 160 98 Præ-

1204 1073 182 81 diken
1440 1084 76 68 en
1569 1059 383 108 Journalist
2004 1065 400 91 udplyndrer
2472 1070 82 83 og
2613 1053 171 96 fører
2840 1071 56 66 et

1206 1189 147 90 eller
1410 1192 193 82 andet
1662 1188 163 88 Ord
1882 1181 21 86 i
1960 1175 337 102 Triumph
2338 1170 115 106 af,
2492 1185 141 76 med
2674 1178 223 96 ligesaa

1205 1314 133 103 stor
1380 1303 173 91 Ære
1597 1321 81 86 og
1717 1308 143 82 Ret
1901 1293 134 106 fom
2063 1293 364 111 Fribyttere
2465 1298 204 81 kunde
2713 1313 190 83 pram

1208 1454 76 85 ge
1340 1432 142 82 med
1536 1446 56 69 er
1646 1427 140 82 eller
1844 1433 192 72 andet
2094 1411 308 106 Stykke,
2458 1412 134 98 som
2650 1421 74 77 de
2782 1424 120 92 har

1209 1569 188 70 ranet
1450 1540 107 108 fra
1618 1535 291 108 fredelige
1966 1541 203 99 Folk,
2230 1539 135 94 som
2426 1534 77 86 de
2555 1546 348 77 uvemende

1209 1654 129 95 kan
1379 1661 167 105 have
1583 1659 453 102 overrumplet.

1426 1856 189 96 Man
1652 1853 291 108 forestille
1978 1855 93 102 sig
2107 1870 76 70 en
2222 1846 393 111 Prædikant
2659 1846 248 108 opfyldt

1279 1971 267 112 Hjertet
1595 1987 143 75 med
1785 1978 121 80 den
1947 1979 265 88 Giæde,
2253 1971 397 96 Nidkierhed
2691 1996 79 72 og
2813 1976 67 97 I-

1214 2104 159 91 Ver,
1424 2090 134 104 som
1594 2091 176 102 hans
1814 2090 340 99 betydelige
2202 2085 186 101 høyst
2428 2087 356 101 ansvarlige
2824 2105 83 84 og

1213 2219 240 95 vigtige
1511 2207 290 94 Embede
1839 2214 126 77 kan
2005 2196 324 107 Medføre,
2381 2198 132 100 han
2553 2218 194 100 gaaer
2787 2206 122 98 hen

1211 2337 79 84 til
1341 2326 251 94 Kirken
1647 2331 107 94 for
1807 2344 73 68 at
1935 2331 317 96 opbygge,
2293 2312 207 108 oplyse
2537 2339 83 82 og
2661 2329 249 95 veyiede

1212 2447 136 106 fine
1402 2444 385 106 Tilhørere,
1846 2442 135 97 han
2040 2462 197 82 gaaer
2278 2463 85 77 op
2409 2454 135 85 naa
2584 2435 323 110 Prædiker

1211 2578 244 97 stolen,
1511 2570 110 85 der
1661 2576 158 79 taler
1863 2566 136 103 han
2043 2564 208 88 baade
2291 2564 176 103 hvad
2511 2558 136 105 han
2689 2562 218 104 forhen

1214 2698 132 77 kan
1400 2688 166 98 have
1604 2703 334 82 overveyet
1982 2701 82 83 og
2108 2686 178 98 hvad
2330 2683 176 97 hans
2544 2675 230 112 Hierte
2816 2683 92 88 tist

1210 2812 165 107 siger
1434 2808 159 106 ham
1642 2817 25 78 i
1720 2808 107 88 der
1878 2809 289 96 Øyeblik
2206 2803 133 104 han
2382 2814 177 76 taler.
2621 2797 260 109 Indret-

1205 2949 114 94 get
1211 2951 109 86 ger
1363 2922 83 108 af
1475 2948 83 81 og
1599 2918 297 126 forelsket
1937 2933 21 76 i
1997 2931 479 81 Lærdommens
2511 2926 389 100 Vigtighed,

1212 3054 184 97 søger
1460 3042 134 106 han
1649 3061 74 87 en
1786 3040 152 103 efter
1994 3056 194 74 andet
2226 3049 122 80 end
2392 3046 198 82 allene
2626 3064 74 65 at
2736 3044 164 100 giøre

1211 3170 130 85 den
1396 3156 245 108 fattelig
1699 3179 84 83 og
1851 3162 324 100 behagelig
2223 3163 104 94 for
2380 3156 129 100 sine
2554 3151 349 106 Tilhørere,

1213 3278 187 101 hertil
1435 3280 273 87 betjener
1747 3278 135 102 han
1919 3277 95 106 sig
2051 3272 83 106 af
2145 3284 79 81 de
2245 3276 231 102 letteste
2499 3296 85 83 og
2608 3268 302 110 forsaae-.

1210 3401 177 104 ligste
1442 3406 479 97 Talemaader,
1962 3407 109 82 det
2114 3428 63 58 er
2218 3397 161 102 ham
2422 3406 125 80 nok
2580 3419 73 66 at
2696 3406 75 78 de
2810 3415 95 70 ere

1205 3518 322 106 rimelige,
1587 3527 390 104 anstændige
2037 3538 86 88 og
2159 3518 368 105 brugelige.
2567 3513 210 104 Tiden
2817 3534 82 77 og
