3120 4594
1205 559 100 62 10

1197 739 278 96 Mund,
1537 737 134 94 fom
1729 735 464 100 gknnemhegle
2245 739 180 76 deres
2487 737 192 78 brave
2733 729 116 115 Or-

1199 852 498 97 dens—-dre,
1759 877 80 74 og
1897 851 186 98 synes
2125 849 252 102 ligesom
2417 859 118 74 ved
2579 861 114 72 den
2733 867 142 70 enes

1199 975 196 84 Roes
1469 993 74 64 ar
1595 975 166 80 bane
1827 975 96 96 sig
1991 993 76 62 en
2123 965 334 102 desfrierer
2495 971 280 100 Adgang
2811 979 68 78 til

1199 1103 124 74 den
1361 1099 252 84 andens
1655 1093 194 90 Last?

1425 1285 206 88 Naar
1675 1285 456 98 Berømmelse
2175 1289 122 96 stal
2335 1285 270 100 fornøye
2647 1311 74 58 en
2765 1285 98 100 for-

1201 1405 252 104 nuftig,
1525 1417 86 74 da
1681 1431 204 60 maae-
1955 1415 124 78 den
2133 1413 256 90 udgaae
2441 1405 78 96 af
2567 1405 326 98 saadanne

1201 1531 426 92 Menneskers
1675 1531 270 96 Mund,
1993 1527 130 94 som
2169 1529 164 98 have
2357 1525 538 102 Troeværdighed

1197 1673 84 76 og
1323 1645 322 102 Anseelse;
1709 1669 146 60 men
1899 1647 216 98 aldrig
2161 1645 124 80 kan
2327 1653 102 72 det
2487 1667 166 60 være
2693 1669 200 76 nogen

1199 1767 156 98 sand
1399 1768 171 82 Ære
1633 1763 104 102 for
1783 1767 166 102 Folk
1991 1767 82 94 af
2101 1765 470 94 Tænkemaade
2619 1789 70 62 at
2729 1771 166 88 roses

1195 1891 82 98 af
1309 1897 182 92 nogle
1531 1889 268 82 ubekien
1817 1895 124 90 dte,
1987 1889 208 96 stinke
2237 1913 82 74 og
2367 1887 312 92 forvovne
2717 1889 178 94 smaa

1197 2005 318 96 Geyfter,
1565 2005 132 94 som
1741 2025 72 76 ey
1857 2005 164 94 have
2061 2007 196 78 andet
2295 2003 232 84 Bevis
2565 2001 102 98 for
2715 2013 180 76 deres

1195 2119 348 100 Indsigter
1587 2129 120 74 end
1761 2139 60 62 et
1865 2139 210 78 nøgen
2115 2119 398 90 Titel-Blad
2553 2141 132 78 paa
2723 2143 58 62 et
2822 2142 46 79 u-

1195 2236 350 96 tiladeligts
1577 2229 266 102 Skrift.

1421 2449 238 102 Neppe
1685 2451 142 96 saae
1853 2471 160 66 man
2043 2447 254 98 Titelen
2325 2475 134 78 paa
2497 2455 162 82 dette
2699 2451 192 90 Blad

1205 2593 350 76 averteret,
1597 2571 230 98 førend
1865 2593 160 62 man
2067 2577 220 96 giorde
2329 2579 92 94 sig
2461 2575 432 96 Betænkning

1195 2717 152 62 over
1393 2697 190 96 hvem
1621 2699 118 74 den
1781 2689 220 86 Autor
2044 2712 242 62 maatte
2327 2713 210 78 være,
2593 2695 132 94 forø
2769 2715 96 62 tor-

1199 2827 76 76 de
1315 2819 178 96 giøre
1537 2831 56 64 et
1639 2807 110 98 faa
1813 2813 160 94 stort
2015 2811 262 88 Skridt
2319 2837 80 78 og
2443 2817 168 94 legge
2655 2815 208 100 Haan-

1195 2949 122 72 den
1359 2955 132 72 paa
1535 2951 56 64 et
1635 2931 110 94 saa
1785 2931 346 98 vanskeligt
2161 2933 218 84 Verk.
2485 2935 170 82 Men
2701 2955 186 74 neppe

1195 3059 162 92 læste
1387 3073 160 60 man
1595 3057 102 76 det
1739 3045 192 98 første
1959 3049 202 88 Blad
2207 3051 228 94 førend
2481 3075 158 62 man
2663 3055 80 96 af
2773 3065 108 74 den

1199 3171 194 80 blotte
1439 3165 272 102 Fortale
1755 3167 238 82 kiendte
2035 3175 122 78 den
2195 3173 246 94 urolige
2467 3171 240 96 Amor,
2755 3173 130 92 som

1191 3293 146 76 med
1391 3289 188 92 nogle
1635 3285 438 102 egensindige,
2119 3289 432 100 usædvanlige
2605 3313 78 74 og
2741 3291 114 94 selv-

1181 3415 206 92 gjorte
1413 3403 438 92 Talemaader
1893 3429 68 60 er
1999 3431 164 66 vant
2203 3415 72 80 til
2300 3430 71 64 at
2403 3415 300 82 indklæde
2729 3435 124 74 nog-

1183 3533 54 80 le
1279 3529 160 94 halv
1485 3521 362 100 forrykkede
1889 3527 300 106 Tanker,
2225 3555 82 78 og
2355 3533 136 96 som
2529 3539 142 80 med
2737 3531 142 96 disse

2701 3657 176 80 elæn-
