3002 4717
301 833 137 91 der,
489 822 169 102 hvor
711 826 135 82 min
891 822 235 99 Lykkes
1177 824 191 84 Soel
1427 827 125 85 ikke
1597 850 67 62 er
1689 836 291 84 underka-

300 977 114 95 stet
446 972 456 100 Formørkelse,
952 981 118 74 des
1132 972 260 103 Aarsag
1436 997 66 60 er
1548 978 100 100 jeg
1684 998 150 81 tryg
1882 992 126 74 end

300 1144 84 75 og
461 1142 132 76 paa
661 1119 304 97 Spidsen
1025 1119 84 100 af
1167 1130 122 76 den
1353 1123 286 101 farligste
1719 1131 286 101 Klippe,

302 1289 170 61 naar
491 1272 189 89 Udyd
699 1269 265 97 ffiælver
983 1289 133 76 paa
1137 1270 307 100 Fiisbeen
1463 1271 337 103 Sengens
1821 1279 187 83 bløde

298 1415 175 97 Leye,
523 1415 181 96 skulle
756 1426 183 76 ellers
984 1417 149 100 disse
1172 1416 77 98 af
1298 1418 177 87 Eder
1542 1424 179 100 ringe
1780 1434 227 89 agtede

297 1559 452 102 Skoebørster
785 1562 164 98 have
979 1561 170 98 giort
1183 1568 178 88 Eder
1395 1571 254 86 Skaar
1679 1574 24 81 i
1739 1581 124 74 den
1899 1572 108 100 for

296 1696 458 104 meente-Deel
570 1711 186 86 Deel
792 1708 76 100 af
912 1708 216 102 Lykke,
1176 1722 142 79 eller
1364 1727 144 75 med
1562 1730 186 73 deres
1786 1720 223 87 Vilie

302 1861 163 99 have
498 1861 271 92 besudlet
814 1860 223 86 Eders
1083 1874 158 74 rode
1283 1877 144 72 med
1448 1869 429 98 Karetqvaste
1908 1872 71 82 be-

301 2009 249 97 hængte
580 2006 280 99 Kilder-en
897 2026 105 67 tør
1031 2011 97 99 jeg
1163 2036 131 74 paa
1327 2017 241 86 Deres
1607 2018 253 97 Vegne
1879 2017 99 99 for-

300 2158 154 98 sikre
480 2154 228 99 Dem,
754 2180 108 58 om
898 2165 86 74 all
1010 2171 118 71 den
1159 2137 423 112 Veiskjel-jog
1630 2168 130 94 som
1782 2177 72 70 de
1878 2163 102 99 for-

291 2323 230 63 maner
589 2325 68 62 at
717 2308 490 100 tilveyebringe,
1271 2334 108 59 om
1451 2321 102 75 det
1613 2336 80 76 og
1751 2333 128 64 var
1931 2334 74 64 ar

294 2450 336 100 vverfarve
666 2451 178 89 Eder
872 2465 146 72 med
1060 2457 326 101 Røgelsen
1434 2461 106 96 fra
1582 2470 104 74 det
1726 2471 246 92 løgnag-

290 2603 127 99 tige
444 2602 423 100 grønlandske
892 2602 317 99 Tempels
1250 2606 205 99 Alter,
1496 2633 81 77 vg
1602 2620 91 75 du
1722 2613 131 90 som
1890 2614 113 96 saa

289 2768 208 82 meget
543 2755 360 71 allarmsres
949 2773 150 62 over
1143 2758 112 80 din
1307 2755 266 98 Næstes
1605 2758 368 99 Velgaaen-

292 2909 118 87 De,
450 2902 134 80 trin
634 2911 128 89 dog
818 2902 236 99 tilbage
1102 2899 104 101 for
1250 2922 58 65 et
1364 2905 284 98 Øyeblik
1680 2910 20 79 i
1734 2906 264 105 Dit-en,

293 3045 106 100 for
449 3064 72 64 at
563 3047 156 94 besee
765 3052 146 80 dine
967 3073 150 76 egne
1211 3052 462 102 Handlinger,
1747 3057 251 97 maaske

295 3201 123 75 den
459 3198 117 81 lille
645 3197 191 87 Orm
891 3198 635 106 Samvittigheden,
1595 3206 161 100 hvor
1815 3208 185 93 stærk

292 3349 123 75 den
452 3353 119 73 end
610 3345 179 94 snork
832 3350 195 97 sover,
1080 3354 317 97 mueligen
1434 3355 127 81 kan
1622 3356 175 96 giøre
1830 3355 167 101 Dig

285 3493 300 97 ffamrød
611 3497 18 78 i
681 3496 146 80 dine
861 3518 152 77 egne
1033 3497 442 104 Gierninger,
1515 3524 83 76 og
1635 3510 90 71 da
1753 3505 90 78 vil
1875 3511 124 75 den

286 3640 318 101 ondffab,
648 3643 132 98 søm
796 3650 90 78 du
914 3615 321 132 saalænge
1042 3651 194 97 længe
1256 3648 122 100 har
1396 3669 148 65 øvet
1566 3656 210 78 under
1796 3654 206 94 ærlig-

1734 3799 163 98 heds
