3111 4722
1246 1514 408 184 Hierte
1714 1507 332 156 kicere
2094 1515 636 177 Farbroer!

1450 2095 161 74 lever
1672 2089 21 78 i
1750 2106 74 58 en
1878 2084 339 99 ulykkelig,
2278 2089 70 92 ja
2390 2093 17 76 i
2454 2111 75 60 en
2568 2090 303 96 ulykkelig

1417 2187 152 90 Tid.
1693 2185 158 87 Det
1911 2208 66 56 er
2033 2192 182 91 langt
2265 2185 102 94 fra
2427 2191 122 80 ikke
2609 2192 134 92 som
2805 2192 70 96 I

1105 2288 250 82 tænker.
1505 2287 286 84 Verden
1865 2286 198 82 bliver
2116 2287 185 92 sedse
2359 2307 210 81 verre,
2629 2312 80 76 og
2767 2298 102 74 det

1109 2406 214 78 tegner
1395 2389 94 96 sig
1561 2389 172 78 ktms
1789 2390 106 88 flet
1953 2386 204 79 baade
2215 2395 142 74 med
2411 2391 92 92 jer
2557 2412 82 74 og
2715 2392 152 94 mig.

1105 2488 211 90 De;
1329 2513 95 48 OO
1471 2485 271 90 Tønder
1791 2480 207 102 Rug,
2041 2484 133 92 som
2211 2485 65 98 I
2315 2487 105 90 saa
2463 2490 379 95 sparsomme-

1108 2590 86 94 lig
1238 2608 82 74 og
1366 2587 294 92 møysom
1706 2585 122 96 har
1870 2582 216 92 samlet
2126 2582 318 97 sammen,
2504 2611 80 73 og
2622 2590 132 90 som
2798 2588 68 98 I

1104 2684 154 98 efter
1300 2684 220 87 Eders
1560 2685 370 95 Beretning
1970 2684 122 98 har
2132 2687 258 94 opkøbt
2410 2691 18 78 i
2452 2688 418 101 Fierdingkar

1108 2810 84 74 og
1246 2784 380 99 Skiepper,
1676 2787 88 79 vil
1806 2790 180 90 langt
2048 2782 104 96 fra
2196 2787 128 78 ikke
2366 2795 282 74 indrente
2692 2788 174 84 Eder

1102 2894 123 74 den
1266 2884 293 100 Fordeel,
1598 2883 223 96 som-I
1756 2884 65 96 I
1850 2884 245 82 rænker.
2202 2885 211 100 Sælg
2442 2894 169 75 dem!
2658 2886 207 98 Sælg

1101 2994 170 88 dem,
1315 3008 108 59 om
1469 2993 102 78 der
1615 3007 80 74 og
1725 2987 200 93 skulde
1955 2986 116 94 ffce
2101 2993 204 74 under
2333 2985 348 100 Indkøbs
2705 2988 132 98 Pri-

1099 3086 144 92 sen;
1297 3088 94 95 thi
1435 3085 210 96 sælger
1681 3085 68 99 I
1793 3092 140 74 dem
1977 3084 118 80 ikke
2139 3089 18 74 i
2199 3085 182 98 Aar,
2427 3089 110 92 saa
2581 3090 276 78 kommer

1099 3186 68 98 I
1229 3188 122 96 vist
1405 3193 92 76 til'
1535 3203 72 66 ar
1667 3187 142 96 give
1849 3192 144 72 dem
2031 3184 146 81 bort
2217 3189 18 76 i
2283 3195 100 72 det
2423 3189 434 82 tilkommende

1097 3288 167 84 Aar.
1367 3287 131 86 De
1517 3289 159 98 Folk
1697 3287 105 96 her
1821 3288 17 78 i
1859 3284 231 96 Byen,
2119 3284 131 93 som
2271 3287 177 96 spiser
2467 3287 393 95 Grovbrød,

1100 3392 166 88 have
1306 3386 234 83 kunder
1582 3387 154 90 hver
1776 3384 186 96 Dag
2002 3386 144 94 faae
2172 3387 248 96 Rugen
2456 3387 100 81 før
2596 3412 34 68 z
2662 3386 198 84 Rdlr.

1100 3486 306 90 Tønden.
1506 3487 234 98 Ingen
1784 3506 154 58 titan
1964 3506 164 58 mere
2154 3487 254 82 brænde
2432 3485 430 88 Brændeviin

1092 3584 84 98 af
1214 3586 260 97 Rung;
1526 3609 80 74 og
1646 3585 468 100 Friebagerne,
2156 3587 134 90 som
2330 3605 218 76 uagtet
2584 3594 70 72 de
2690 3586 166 96 have

1092 3694 173 80 ladet
1304 3693 167 80 male
1512 3709 133 80 paa
1688 3693 181 80 deres
1910 3684 581 101 Vindvesssaade:
2548 3688 277 92 konge-

2745 3784 112 98 lig
