3174 4717
1326 436 108 74 12

1314 646 113 94 her
1466 643 377 96 foreffciver
1876 652 139 96 mig
2050 668 73 66 at
2154 652 103 97 jeg
2290 651 129 96 ffal
2448 653 225 101 giøre;
2706 650 67 98 ja
2806 662 107 76 der-

1311 748 140 92 som
1475 748 275 88 saadan
1785 769 76 59 en
1897 752 224 96 fantes
2153 754 224 79 iblant
2397 767 76 68 de
2505 757 22 78 i
2555 765 192 69 deres
2785 778 154 72 egne

1309 844 296 92 Tanker,
1647 849 440 97 sprenglærre,
2125 856 116 90 saa
2275 853 662 101 kaldedeDiscipler,

1306 954 249 92 antoge
1611 959 76 66 de
1751 949 156 94 ham
1957 956 128 92 vist
2141 954 104 88 for
2293 977 80 58 en
2421 953 348 97 Erremit,
2857 980 78 72 og

1307 1054 179 75 vilde
1519 1053 195 74 inden
1751 1069 105 61 een
1893 1054 143 76 korr
2067 1050 137 88 Tid
2239 1055 151 90 faae
2421 1073 59 60 er
2529 1056 405 92 conrraheret

1302 1146 388 95 Halsbeen.
1852 1152 138 92 Thi
2050 1153 410 94 Gudsfrygt
2530 1177 66 58 er
2660 1156 108 92 for
2814 1166 118 70 den

1304 1250 228 93 største
1568 1249 196 84 Deel
1798 1252 82 92 af
1908 1264 184 80 dem,
2146 1272 76 57 en
2262 1253 218 94 afsagt
2510 1253 288 95 Fiende,
2852 1276 76 74 og

1304 1367 198 74 noget
1534 1353 314 89 underlig
1882 1368 222 76 noget,
2136 1354 134 86 som
2294 1351 294 78 kommer
2606 1356 138 74 tids
2768 1356 156 96 nok;

1302 1468 158 58 men
1494 1450 366 75 tvertimod
1902 1450 456 93 Ugudelighed
2384 1471 81 72 og
2502 1463 167 69 dens
2692 1450 237 92 Laster,

1299 1552 196 74 deres
1527 1543 182 84 Ven
1751 1569 82 73 og
1869 1554 270 92 daglige
2177 1550 466 93 Haandverk,
2697 1554 130 88 fom
2861 1576 66 56 er

1301 1649 388 90 nødvenvig
1751 1669 82 71 og
1885 1648 174 94 strax
2117 1670 164 57 maa
2343 1657 230 90 læres;
2661 1652 96 94 thi
2805 1662 122 70 den

1299 1746 206 93 første
1559 1745 300 82 Lærdom
1915 1750 134 90 som
2082 1763 75 75 en
2197 1769 120 70 nye
2347 1749 316 94 Discipel
2715 1760 212 84 lærer,

1296 1843 366 90 naar-han
1527 1845 136 90 han
1713 1849 296 77 kommer
2057 1852 20 74 i
2137 1849 228 92 latinsk
2413 1851 266 82 Skole.
2751 1852 172 78 (NB.

1298 1966 182 61 naar
1516 1945 138 94 han
1690 1949 52 74 ei
1768 1948 236 94 tilforn
2038 1950 126 90 har
2188 1954 146 75 lært
2352 1951 162 94 der,)
2544 1949 150 95 ester
2732 1958 192 72 deres

1292 2042 396 97 Indvielse,
1744 2049 130 90 som
1908 2048 102 94 jeg
2046 2048 166 93 først
2246 2049 368 92 betragter,
2662 2052 132 88 som
2824 2056 98 76 al«

1294 2147 466 90 mindeligviis
1793 2147 292 91 besaaer
2122 2150 16 74 i
2172 2154 74 71 de
2282 2149 108 88 strå
2416 2149 264 77 kaldede
2700 2148 216 94 Brix,

1290 2246 136 90 som
1448 2247 170 90 igien
1651 2244 298 90 besaaer
1984 2244 80 94 af
2084 2255 188 84 nogle
2294 2251 320 88 udvalgte
2630 2246 284 90 Næver,

1288 2346 139 90 som
1459 2343 360 94 udtrykker
1864 2354 189 70 deres
2084 2344 281 94 Hierres
2394 2345 331 95 Meening
2759 2356 152 70 med

1285 2451 196 86 nogle
1515 2445 266 88 modige
1801 2442 230 94 Slag,
2061 2453 287 83 paa-den
2223 2455 126 68 den
2381 2465 118 72 nye
2525 2441 390 98 Indviedes

1285 2542 330 93 Rumpe,
1685 2563 84 72 og
1795 2564 200 58 varer
2031 2546 54 74 ei
2117 2550 290 87 lengere,
2467 2552 123 70 end

1521 2645 210 76 bliver
1767 2643 350 97 følesløse,
2203 2665 84 72 og
2337 2665 174 60 naar
2569 2651 76 71 de
2685 2646 52 76 ei
2785 2652 96 70 len-

1289 2762 145 76 gere
1469 2747 91 76 vil
1585 2743 174 76 besee
1789 2741 159 93 ham
1981 2746 129 90 sine
2145 2753 213 71 runde
2393 2763 81 76 og
2501 2745 197 79 milde
2729 2742 157 94 Hen-

1286 2852 156 85 der,
1484 2845 116 94 saa
1638 2843 186 79 niver
1856 2852 80 72 de
1982 2846 158 90 ham
2180 2844 178 79 kuns
2388 2849 124 74 lidt
2550 2845 20 78 i
2600 2841 312 99 Laarene,

1286 2945 202 78 indtil
1536 2951 80 72 de
1667 2945 195 90 saaer
1908 2944 344 94 probeert,
2324 2965 108 58 om
2480 2943 134 94 han
2666 2942 126 94 har
2838 2964 76 60 en

1284 3057 136 81 god
1462 3043 374 82 Stemme:
1943 3040 190 97 Dog
2172 3064 68 59 er
2288 3053 114 72 der
2442 3065 118 70 en,
2634 3044 136 92 som
2820 3048 92 78 vil

1284 3153 317 86 undgaae
1620 3143 113 96 flig
1752 3140 707 97 LEres-Beviisning,
2480 3163 81 76 og
2586 3143 135 93 han
2740 3148 169 76 vilde

1283 3253 348 72 accordere
1667 3251 150 70 med
1849 3254 178 82 dem,
2091 3264 108 58 om
2231 3245 178 94 hvad
2441 3243 138 96 han
2607 3242 122 92 skal
2765 3248 144 90 give

1283 3352 196 85 dem,
1532 3341 369 95 baade-for
1797 3344 106 90 for
1959 3364 76 60 ar
2085 3346 190 92 spare
2317 3355 188 70 deres
2539 3343 256 83 Næver
2825 3364 82 76 og

1283 3448 96 92 sin
1401 3443 314 96 Rumpe,
1747 3451 88 72 da
1869 3446 130 78 kan
2031 3444 134 96 han
2199 3444 202 97 flippe
2433 3461 294 63 omtrent
2761 3452 148 72 med

1283 3572 43 56 2
1355 3544 247 101 Rod-·,·
1657 3565 83 78 og
1771 3566 109 62 om
1917 3554 79 74 de
2022 3546 886 99 ere-megetnaadiget..,m.ed
2159 3563 211 82 meget
2397 3547 309 97 naadige,
2761 3554 147 70 med

2576 3671 34 52 *
2646 3644 265 92 Issd
