3011 4717
319 753 73 80 til
441 756 191 79 deres
673 750 339 102 fornemste
1059 751 337 105 Drivere,
1457 774 73 67 at
1593 777 169 65 være
1799 759 245 84 Landet

321 905 86 76 og
458 884 207 99 Riget
704 890 69 76 til
814 885 285 98 Deneste
1137 896 146 71 med
1320 895 189 77 deres
1538 891 323 98 Lærdom,
1902 890 141 100 følg

322 1017 138 97 mig
527 1014 113 87 O!
701 1020 159 92 store
917 1016 429 101 Bygmæster
1394 1032 146 71 med
1598 1042 58 63 et
1722 1027 324 79 tænkende

323 1145 232 100 Hierte
587 1149 70 76 til
695 1154 74 72 de
802 1145 255 86 Lærdes
1079 1147 360 103 Løbebane,
1485 1174 94 61 nu
1611 1157 20 78 i
1661 1162 204 75 denne
1887 1156 158 90 Tiid

322 1281 92 74 da
442 1274 558 102 Skrive-Sygen
1040 1279 258 99 hærffer
1332 1305 82 77 og
1456 1306 70 61 er
1568 1291 174 76 uden
1788 1285 104 98 for
1924 1296 126 73 den

321 1405 200 96 sunde
569 1407 372 98 Fornuftes
981 1399 384 110 Grændsen
1419 1418 180 96 staar
1645 1420 126 81 ikke
1811 1420 238 96 enhver

328 1535 263 102 færdig,
628 1541 438 97 omendffiont
1100 1543 334 85 Sværdet
1468 1570 64 59 er
1572 1553 161 95 fløv,
1782 1562 146 70 med
1972 1575 80 58 en

339 1671 367 96 stormende
739 1668 263 103 Haand
1043 1693 69 62 at
1143 1679 273 96 angribe
1473 1689 207 89 endog
1723 1692 73 71 de
1829 1687 221 93 største

328 1799 433 101 Fæstninger,
810 1827 81 74 og
948 1824 71 62 at
1054 1813 451 79 underminere
1566 1811 249 99 Rigets
1860 1817 191 91 sande

327 1931 251 98 Piller,
629 1933 109 93 saa
766 1915 123 100 der
947 1936 121 94 seer
1103 1948 91 74 ud
1247 1945 67 78 til
1365 1940 153 98 efter
1561 1951 123 76 den
1731 1953 319 80 udvortes

328 2059 355 103 Anseende,
734 2083 73 64 at
842 2073 73 75 de
954 2072 189 93 vilde,
1178 2094 111 61 om
1324 2081 101 75 det
1454 2096 127 63 var
1616 2083 269 96 mueligt
1914 2104 107 61 om-

325 2194 175 99 støbs
541 2203 119 73 den
699 2194 159 94 heele
893 2197 333 105 Verden,
1273 2229 81 74 og
1391 2214 103 74 det
1540 2211 230 97 ganske
1797 2233 225 62 menne-

318 2325 217 101 skelige
592 2325 191 87 Kiøn
826 2333 21 80 i
888 2353 79 61 en
1011 2343 218 73 anden
1284 2337 241 100 Form,
1601 2365 82 75 og
1725 2364 194 61 maae
1948 2346 99 99 jeg

323 2459 155 82 bede
511 2463 137 94 dig,
698 2456 246 106 afdrag
977 2462 159 101 først
1167 2468 439 102 Parriffheds
1645 2476 281 98 Kjortel,
1964 2502 82 75 og

330 2589 167 98 ifoer
577 2595 112 95 dig
785 2600 296 78 Derimod
1161 2599 542 102 Retfærdigheds
1778 2608 242 83 Kaabe-

323 2723 381 92 dem-efa
330 2731 172 75 dom
560 2725 110 92 saa
750 2747 110 62 om
924 2728 286 84 Landets
1288 2731 356 102 fornuftige
1704 2736 352 101 Patrioter

329 2857 130 79 bor
509 2874 172 64 være
723 2848 272 91 Maa-let
1021 2857 102 98 for
1169 2864 148 99 flige
1365 2865 396 101 Fantasters
1792 2867 230 88 Daar-

324 2988 136 96 slige
508 2984 487 106 Skrive-Lyst,
1066 2995 133 97 mig
1258 2994 223 104 synes,
1542 3021 124 87 om

333 3119 324 83 Munden
707 3142 66 60 er
821 3134 187 88 taus,
1069 3123 259 103 Hjertet
1379 3137 127 94 dog
1541 3136 377 98 udbryder,
1965 3162 83 73 og

336 3253 153 94 gior
526 3255 107 94 dig
668 3252 117 94 selv
820 3261 159 75 dette
1038 3257 161 98 hoye
1246 3259 482 100 Eders-nogl-
1773 3264 279 98 ter-faae

603 3386 257 97 nedrige
895 3385 225 88 Siæle
1171 3394 167 97 kaste
1371 3393 273 89 Baand
1681 3422 83 77 og
1801 3399 251 88 Lænker

336 3536 141 77 paa
534 3523 121 74 den
718 3523 273 93 mildeste
1040 3523 281 101 Konges
1372 3527 269 101 Hierte,
1694 3538 143 79 eller
1886 3534 163 94 sætte

341 3647 359 100 Grændser
721 3648 103 102 for
842 3641 452 116 Hop-sammes
1321 3659 277 104 Naade,
1641 3684 79 76 og
1755 3665 175 98 hvad
1982 3689 68 60 er

1662 3794 285 106 Hensig,
