3020 4716
355 741 209 103 Eder,
613 747 131 94 som
781 751 119 81 den
935 754 249 82 levende
1205 752 537 113 Skoe-Borstes
1759 769 307 105 Doctor,

352 883 127 75 den
514 883 397 95 almindelige
944 883 273 101 Recept,
1260 891 801 103 itiideRscommenäsrer,

351 1007 239 99 forsøm
621 1021 87 73 da
747 1012 121 82 ikke
891 1022 201 75 denne
1127 1022 137 79 min
1295 1020 111 95 saa
1439 1033 386 85 velmeneme
1859 1045 200 81 6uur,

347 1147 90 75 da
455 1145 18 77 i
504 1150 115 74 ved
657 1143 282 93 Tudens
958 1147 413 107 Forhalning
1404 1165 319 97 mueligen
1746 1170 127 83 kan
1894 1174 169 85 blive

343 1274 371 100 Incurable,
783 1299 83 77 øg
909 1278 69 99 I
1035 1280 131 95 som
1221 1296 119 74 ved
1395 1313 75 60 en
1519 1295 241 88 klarere
1819 1298 241 104 Lykkes

334 1405 196 84 Kilde
572 1429 99 64 ere
720 1410 223 83 blevne
994 1419 247 81 drukne
1299 1444 82 77 og
1455 1448 196 64 raver
1726 1436 329 98 igiennem

342 1539 332 84 Glædens
729 1544 337 100 l^sb^rinr,
1127 1549 163 99 hvor
1341 1552 399 106 Sandserne
1793 1569 153 97 efter
1983 1589 73 67 at

338 1679 75 73 de
462 1672 167 99 have
664 1691 171 65 revet
874 1676 92 99 sig
1018 1684 107 77 løs
1158 1680 105 96 fra
1308 1685 414 101 Fornuftens
1774 1700 278 104 Lænker,

334 1806 170 79 vildt
534 1803 354 103 omsvæve,
935 1831 81 75 og
1060 1809 265 101 Miss-3
1378 1827 120 76 den
1545 1820 183 103 falske
1781 1832 241 105 Roelig-

336 1937 161 96 hed,
560 1938 71 79 til
678 1945 121 73 den
860 1943 281 95 omsider
1204 1952 249 82 dræber
1514 1953 223 90 Eders
1802 1972 253 97 urolige

333 2067 228 85 Siæl!
607 2075 166 92 glem
803 2075 129 96 dog
967 2073 215 99 aldrig
1231 2083 104 77 det
1377 2093 217 86 gamle
1630 2095 242 99 ogheel
1912 2106 108 95 vig-

328 2201 125 95 tige
481 2198 380 108 Ordsprog,
916 2221 73 65 at
1018 2226 163 62 man
1223 2211 120 81 bør
1379 2217 186 94 heller
1600 2224 79 79 tie
1712 2239 143 72 med
1878 2232 141 102 For-

331 2331 336 104 sigtighed,
725 2339 121 80 end
885 2341 127 81 tale
1041 2345 143 78 med
1217 2341 583 114 Vankundighed.

523 2601 179 86 Men
745 2602 217 99 forlad
1001 2608 137 99 mig
1191 2612 139 80 min
1359 2622 293 98 gunstige
1687 2623 228 109 Læser,
1965 2653 79 65 at

324 2721 96 110 jeg
452 2734 125 97 har
632 2733 253 96 forladt
934 2742 143 78 min
1116 2741 246 83 Cuurs
1412 2769 80 78 og
1530 2753 124 82 ikke
1684 2755 170 104 fulgt
1897 2786 143 64 mm

321 2865 401 97 Formands
774 2867 392 105 Kiølvand,
1243 2895 147 64 men
1462 2884 190 99 ingen
1709 2892 133 83 kan
1903 2903 137 81 deri

320 2993 305 98 fortænke
654 3002 161 95 mig,
848 3018 69 64 at
954 3003 99 98 jeg
1092 3005 129 94 som
1242 3029 73 63 en
1334 3012 305 97 uerfaren
1658 3019 378 95 Soemand

319 3148 197 63 maae
555 3128 182 99 holde
767 3131 503 105 Landkandten,
1311 3140 101 100 for
1447 3148 125 83 ikke
1618 3169 74 66 at
1723 3157 163 84 blive
1918 3183 92 62 an-

321 3257 200 98 faldet
556 3259 77 97 af
658 3271 75 73 de
760 3263 259 95 rasende
1053 3267 314 103 Bølgers
1404 3277 401 97 ffummende
1826 3293 209 85 Gab:

319 3393 121 96 lige
471 3392 127 95 som
627 3394 98 96 jeg
759 3395 121 81 ikke
923 3397 183 100 heller
1137 3403 284 105 haaber,
1455 3421 183 76 atdet
1657 3417 376 98 Respective

318 3521 379 103 Publicum
742 3524 203 97 skulde
1000 3533 175 92 ansee
1222 3539 137 98 mig
1390 3535 103 101 for
1526 3544 111 97 saa
1672 3547 357 104 Forvoven

315 3677 87 80 og
449 3654 493 111 Dumdristig,
1003 3680 73 68 ar
1111 3665 99 106 jeg
1259 3672 167 88 vilde
1467 3674 343 96 bedømme
1853 3696 171 79 uden

1754 3814 173 105 For-
