3111 4722
1089 729 409 81 mendation,
1547 743 81 79 og
1657 741 73 78 ey
1759 743 135 77 paa
1927 721 159 95 sand
2123 718 325 101 6apacitSt
2473 734 85 79 og
2589 713 173 87 Due-

1095 865 253 98 lighed,
1397 861 119 85 O!
1567 857 247 83 Skielv
1849 858 21 77 i
1897 865 117 71 dm
2051 851 211 96 Siel,
2293 872 109 59 om
2419 849 149 87 Du
2603 850 165 89 besid-

1096 1006 117 73 der
1239 1015 208 78 nogen
1466 992 273 99 Følelse,
1776 990 131 94 som
1932 989 101 98 jeg
2048 1005 171 64 troer
2246 993 113 73 der
2372 1005 69 60 er
2456 993 105 69 det
2580 980 221 97 eneste,

1100 1140 115 77 der
1244 1134 145 96 gier
1422 1126 273 102 Forffiel
1724 1127 271 81 imellem
2032 1119 167 100 Dig
2228 1141 83 79 og
2338 1116 315 100 Dyrene.

2960 115 110 84 ft.

1329 1400 163 88 Det
1531 1402 199 79 andet
1777 1393 477 102 Spørsmaal,
2297 1388 133 96 som
2471 1386 99 99 jeg
2611 1398 229 70 smaae

1105 1540 184 98 giøre
1317 1544 204 73 denne
1556 1533 213 94 saavel
1803 1530 366 81 meriterede
2208 1521 375 94 Skribent,
2616 1520 205 80 bliver

1108 1684 191 82 dette,
1334 1689 113 59 om
1494 1676 107 71 det
1646 1688 67 58 er
1754 1665 297 97 ubilligt,
2098 1678 73 60 ar
2212 1673 57 64 et
2314 1650 342 108 Menneske
2716 1646 113 99 fra

1116 1804 274 83 Støvet
1422 1797 338 98 opsvinger
1792 1798 95 97 sig
1928 1814 142 80 paa
2094 1792 267 83 Ærens
2393 1783 440 95 Trappetrin,

1117 1954 179 61 naar
1329 1932 139 97 han
1497 1932 187 82 dertil
1731 1931 219 97 findes
1991 1926 293 99 værdig,
2333 1944 83 75 og
2455 1921 171 79 kand
2653 1916 183 96 Hand

1119 2069 131 83 ikke
1277 2069 185 80 dertil
1511 2084 167 63 være
1723 2061 266 97 beqvem
2039 2065 176 81 uden
2261 2055 180 97 hans
2484 2050 255 99 Hierne
2769 2065 68 63 er

1120 2199 257 100 opfyldt
1406 2204 143 74 med
1580 2199 187 94 nogle
1808 2192 253 98 latinffe
2104 2189 267 93 Gloser,
2446 2188 143 74 eller
2616 2181 125 79 bør
2766 2178 73 81 vi

1122 2342 135 86 som
1288 2342 75 73 De
1396 2329 319 99 Egyptier
1746 2328 183 96 giøre
1959 2343 77 71 en
2238 2323 71 78 til
2340 2338 76 60 en
2432 2315 203 96 Gud,
2665 2308 177 100 fordi

1125 2474 125 75 den
1295 2488 67 58 er
1411 2477 211 83 tegnet
1665 2467 149 74 med
1871 2479 79 60 en
1993 2457 179 100 hviid
2235 2449 189 101 Piæt
2457 2451 23 77 i
2513 2446 335 99 Panden,

1131 2608 105 73 det
1267 2620 65 60 er
1365 2592 251 99 derfore
1651 2594 169 96 best,
1859 2607 75 66 at
1963 2607 165 63 man
2163 2585 125 82 ikke
2321 2588 173 78 uden
2525 2576 331 101 Forffiæl,

1121 2731 304 98 ophee
1472 2733 123 76 alle
1636 2734 175 90 dem,
1874 2723 159 100 hvis
2080 2719 255 99 Hierne
2404 2735 71 61 er
2534 2711 325 93 tilstoppet

1140 2875 149 73 med
1346 2863 159 82 bare
1560 2859 253 97 latinffe
1882 2879 89 77 og
2028 2849 271 104 grædffe
2354 2846 283 95 Gloser,
2690 2845 175 76 uden

1141 3006 137 93 han
1322 2999 194 97 tillige
1573 2995 285 96 besidder
1919 2989 359 99 Judicium,
2347 3004 85 75 og
2483 2999 161 61 mon
2699 2972 137 97 sam-

1145 3155 105 60 me
1293 3132 201 82 bliver
1533 3137 149 71 dem
1725 3127 23 80 i
1797 3132 79 72 de
1929 3121 255 97 latinffe
2239 3117 265 83 Skoler
2545 3114 295 94 indpræn-

1147 3285 129 77 rer,
1359 3271 140 76 eller
1544 3269 105 73 det
1709 3252 384 99 undfanges
2144 3254 25 80 i
2252 3247 351 101 Fødselen,
2668 3243 175 81 bekla-

1150 3403 197 98 geligt
1424 3418 67 60 er
1568 3403 155 82 det,
1798 3408 73 63 at
1936 3384 149 101 disse
2140 3382 73 99 af
2302 3390 205 73 denne
2562 3377 111 96 saa
2720 3376 123 97 høy-

1156 3540 192 79 lærde
1403 3529 221 85 Autor
1689 3526 291 80 berømte
2055 3517 545 87 Viisdommens
2669 3506 177 85 Søn-

1157 3689 157 75 ner,
1383 3660 127 104 ofte
1587 3655 375 103 forfalder,
2033 3674 85 90 og
2177 3654 251 98 siælden
2465 3649 203 97 haver
2719 3654 155 72 dette

2711 3779 70 77 til
