3037 4722
1076 649 35 54 1
1123 628 50 65 6
1635 608 574 92 ;g===g!E

1071 829 200 85 lantz;
1346 808 304 99 Maaskee
1703 810 74 76 de
1815 798 350 97 Enfoldige
2201 796 246 97 kunde,
2503 815 102 61 om
2646 793 114 94 faa-

1079 940 235 109 skeede,
1080 943 236 97 ffeede,
1386 937 165 78 blive
1610 930 229 79 derved
1910 937 195 79 noget
2163 917 188 82 bedre
2414 917 201 91 oplyst
2678 932 81 71 og

1077 1061 417 78 overvunden
1568 1047 106 97 fra
1748 1050 184 73 deres
2006 1035 338 97 ulykkelige
2410 1030 202 88 Tillid
2686 1047 80 74 og

1079 1177 417 99 Fordomme.
1600 1161 106 97 Af
1736 1162 154 78 bare
1922 1154 548 93 Resonnemangs
2513 1167 81 75 og
2634 1141 104 101 Fo-

1078 1298 361 95 restillinger
1493 1293 178 79 lader
1721 1291 195 74 vores
1975 1274 223 94 danske
2237 1269 373 103 Publikum
2671 1267 98 92 sig

1076 1421 125 80 ikke
1238 1417 403 87 konvincere;
1696 1404 131 97 thi,
1881 1397 306 95 faafremt
2224 1398 101 76 det
2370 1409 123 61 var
2532 1384 241 91 muelig

1078 1545 236 79 derved
1367 1552 73 65 at
1492 1531 341 83 overvinde
1886 1521 410 91 Mængden,
2365 1494 268 116 maatte
2668 1509 107 75 det

1083 1665 169 85 have
1307 1658 149 94 skeet
1521 1646 153 97 efter
1734 1650 120 75 den
1912 1635 212 98 stærke
2180 1624 320 91 Advarsel
2557 1642 83 75 og
2696 1624 80 75 de

1086 1779 313 98 oprigtige
1451 1791 84 75 og
1599 1764 309 100 hjertelige
1965 1755 340 91 Bønner,
2363 1745 137 93 som
2557 1749 225 75 derom

1088 1923 101 60 ere
1210 1899 311 91 udstædte
1557 1890 22 77 i
1613 1892 122 76 den
1770 1876 81 98 af
1867 1877 448 99 Forlæggeren
2343 1871 158 76 altid
2531 1864 222 80 berøm-

1091 2027 223 92 melige
1332 2005 529 98 Kanneworfiste
1884 1992 423 113 Fortegnelse,
2350 1993 21 74 i
2410 1985 372 97 Anledning

1087 2150 86 96 af
1187 2157 73 75 de
1281 2131 315 117 adskilige
1617 2138 175 77 imod
1822 2134 162 75 dette
2000 2115 422 96 Tal-Locterie
2447 2113 337 96 udstyrede

1089 2275 248 99 Piecer.

1301 2387 212 82 Naar
1571 2375 332 84 Minervæ
1969 2363 386 94 Kjeledegge
2430 2375 83 75 og
2571 2351 182 95 Viis-

1091 2515 346 84 dommeins
1472 2497 299 85 Sønner
1812 2488 125 80 ikke
1978 2485 127 81 kan
2150 2482 249 91 bevæge
2434 2476 353 93 Gemytter

1093 2644 123 77 ved
1273 2627 419 98 udstuderede
1742 2605 476 93 Overtalelser,
2282 2599 120 94 faa
2452 2599 126 80 kan
2630 2600 160 80 intet

1096 2766 173 77 uden
1309 2740 521 108 haandgribelige
1869 2733 476 93 Argumenter,
2389 2744 84 73 vg
2510 2702 282 116 saadan-«

1287 2873 134 96 som
1476 2883 161 61 man
1687 2858 168 96 ikke,
1922 2857 173 77 uden
2164 2862 73 64 at
2293 2841 310 97 fornægte
2661 2843 134 93 sine

1098 2999 214 95 Øpe
1364 3000 182 73 deres
1586 2982 454 92 Virkninger,
2096 2973 123 80 kan
2272 2967 396 98 imvdstaae,
2730 2986 35 57 o-

1099 3120 309 82 vervinde
1447 3125 59 64 et
1544 3102 152 100 falsk
1734 3097 238 108 Haab.

1311 3313 219 91 Den,
1586 3303 138 95 som
1781 3321 65 62 er
1886 3292 262 96 Aarsag
2203 3291 119 81 udi
2362 3285 322 83 Kronens
2727 3302 45 61 u-

1101 3423 630 105 maadeligeGjeld,
1767 3420 123 95 har
1931 3427 197 64 været
2171 3429 77 60 en
2286 3399 515 109 skadelig-Mand

1111 3555 110 95 for
1262 3557 123 74 alle
1421 3538 498 95 Undersaatter;
1984 3552 149 58 men
2173 3535 126 73 den
2336 3529 139 76 eller
2515 3528 112 86 de,
2669 3515 138 89 som

1122 3675 264 105 hindrer
1438 3686 78 64 en
1570 3652 328 105 retfærdig
1954 3647 508 97 Examinasion,
2514 3658 83 77 og
2645 3632 166 90 kan,

2742 3745 75 68 en

2670 3745 147 71 men
