3011 4717
1826 682 98 81 *7

293 829 132 101 Her
467 829 168 104 faldt
674 838 130 101 mig
844 844 89 78 da
986 845 17 80 i
1038 842 468 113 Betragtning
1540 858 480 105 Sandhedens

308 979 218 103 Figur
559 993 143 75 med
739 990 335 87 tilbunden
1107 997 278 104 Mund,
1437 1014 244 97 dernest
1715 1011 274 92 Retviis-

309 1130 118 98 hed
466 1139 141 77 med
645 1132 280 103 Øynene
962 1146 370 106 udstukket,
1370 1157 19 78 i
1432 1162 101 76 det
1566 1158 102 101 jeg
1711 1171 146 74 med

568 1285 162 97 dybe
766 1285 308 108 Tanker,
1133 1297 211 97 saaer
1385 1325 78 79 og
1495 1309 325 99 betragter
1865 1316 149 99 disse

301 1425 322 105 Figurer,
669 1435 290 88 kommer
994 1463 75 62 en
1100 1457 287 87 gammel
1414 1454 280 103 Mand,
1744 1460 131 97 som
1912 1468 77 81 til-

297 1583 165 78 taler
485 1585 135 95 mig
652 1580 318 99 saaledes:
1023 1600 91 76 du
1140 1596 192 96 beseer
1351 1610 101 74 det
1479 1610 239 93 yderste
1753 1609 81 96 af

297 1721 308 105 Tempel,
666 1740 171 76 uden
874 1756 73 64 ak
989 1741 210 86 kiende
1234 1750 175 95 hvad
1440 1760 91 74 du
1584 1755 160 101 seer,
1794 1769 101 74 det
1936 1785 67 60 er

293 1873 225 96 opført
535 1875 79 99 af
623 1898 233 84 mange
876 1881 388 99 forbrændte
1282 1895 538 110 Retfærdigheds
1835 1908 141 90 Do-

293 2041 362 84 rumemer,
688 2049 81 78 og
807 2036 102 80 det
963 2035 130 94 som
1125 2046 88 80 du
1253 2042 120 91 seer
1403 2047 170 99 hisset
1609 2055 172 95 staae
1812 2060 19 78 i
1876 2067 123 74 den

286 2174 306 97 prægtige
632 2172 350 109 Prydelse,
1033 2204 67 63 er
1138 2186 546 115 Uretfærdighed,
1725 2210 101 78 det
1858 2204 136 97 som

291 2313 206 105 følger
535 2328 114 79 der
691 2322 196 107 ester,
952 2353 67 63 er
1055 2333 190 102 Egen
1280 2359 233 87 nytte,
1565 2347 104 98 for
1717 2358 120 76 den
1870 2362 123 78 alle

276 2485 192 66 maae
488 2469 234 105 bukke;
762 2481 164 79 dette
956 2499 66 65 er
1058 2490 92 78 alt
1189 2485 223 103 opført
1441 2491 77 99 af
1544 2502 72 76 de
1639 2503 133 95 rige
1794 2499 164 102 Ind-

273 2615 277 101 byggere
583 2623 19 79 i
635 2620 266 102 Landet,
939 2624 102 99 for
1083 2648 70 69 at
1185 2632 298 99 efterlade
1517 2650 200 77 denne
1741 2646 244 100 Tyran

272 2782 59 64 et
368 2772 337 97 udødelig!
738 2774 420 103 LEreminde,
1190 2803 80 78 og
1306 2784 238 96 samme
1577 2815 133 77 gav
1742 2794 210 88 Anled-

273 2916 158 96 ning
471 2920 112 93 til,
615 2935 69 66 ar
719 2918 135 97 han
889 2925 89 97 fik
1013 2948 77 61 en
1119 2928 254 105 juridisk
1393 2935 202 112 Perle
1629 2944 186 97 hvori
1849 2964 126 65 var

272 3085 79 60 en
394 3082 157 82 ægte
581 3034 363 143 militairisk
972 3073 266 107 Steen,
1298 3093 118 77 ved
1456 3089 398 106 Ankomsten
1906 3100 74 83 til

271 3213 181 97 hans
487 3212 359 99 Fødeland.
953 3223 147 90 Du
1119 3228 123 99 har
1273 3255 90 62 nu
1383 3235 182 98 beseet
1597 3248 102 80 det
1733 3249 242 99 yderste

268 3356 78 103 af
372 3359 454 111 Bygningen,
860 3369 136 105 følg
1046 3380 132 99 mig
1212 3402 93 64 nu
1356 3383 150 101 ester
1540 3412 82 80 og
1664 3392 158 97 besee
1870 3401 106 80 det

266 3505 309 109 inderste,
649 3517 111 97 her
831 3520 311 101 begyndte
1197 3535 119 80 mit
1358 3535 158 102 Øde
1563 3556 74 66 at
1689 3541 290 102 standse,

260 3665 89 78 da
396 3662 98 102 jeg
544 3651 151 110 saae
732 3691 73 62 en
856 3679 260 97 mægtig
1152 3677 376 112 Tingstuud
1572 3704 70 72 at
1676 3691 171 99 sidde
1890 3713 84 78 og

1053 3825 93 94 B
1679 3845 189 83 døm-
