2955 4717
1668 481 109 67 21

177 698 374 102 vgØiekast
574 695 285 92 forstaar
878 690 375 95 hverandre
1272 682 361 102 Øiemeed;
1656 684 137 97 (thi

183 808 267 90 ligesom
470 822 76 54 en
568 789 458 99 Skyter-Hes
1045 810 65 61 er
1131 785 311 93 afrættek,
1465 788 117 89 saa
1605 808 67 57 ex
1707 807 87 73 og

181 904 138 92 de,)
350 899 225 98 Pigen
596 890 505 98 hunspaarrsig
1134 889 205 86 selvet
1362 887 113 95 flet
1506 884 291 96 Udfald,

184 1004 128 93 just
330 1002 172 89 fordi
523 998 135 93 hun
681 996 123 92 seer
828 1002 76 68 de
922 1011 68 60 er
1006 988 82 92 af
1097 985 305 89 Skolen,
1418 1003 96 63 ret
1533 989 265 89 ligesom

191 1113 74 74 de
285 1102 282 80 kommer
585 1106 92 70 ud
696 1092 105 91 for
818 1092 231 96 hende,
1068 1086 215 97 flyder
1301 1093 126 70 den
1447 1105 112 58 ene
1579 1088 74 76 til
1677 1093 124 70 den

188 1214 243 77 anden,
486 1218 85 73 og
588 1199 190 89 sigter
796 1214 138 72 paa
954 1191 252 95 Pigen,
1240 1207 150 57 men
1408 1186 146 91 ilde,
1576 1184 140 90 hun
1736 1202 68 60 er

185 1301 107 92 for
309 1298 246 93 gesvinr
585 1315 83 73 og
701 1294 294 77 kommer
1027 1294 72 72 ril
1119 1285 267 89 Siden,
1439 1282 214 88 baus,
1687 1291 118 70 der

182 1399 217 94 falder
438 1403 80 69 de
544 1399 125 72 alle
698 1393 174 76 midt
902 1390 122 79 udi
1046 1386 349 82 Skarnet,
1432 1390 90 70 da
1550 1391 126 69 den
1694 1402 116 57 ene

191 1499 227 94 holdte
437 1497 21 75 i
479 1500 127 72 den
625 1498 241 82 anden,
901 1507 81 74 og
1013 1487 219 92 altsaa
1261 1485 282 90 ledsager
1559 1491 118 67 ben
1699 1498 114 61 ene

192 1605 131 72 den
342 1603 245 76 anden,
606 1597 21 74 i
646 1594 247 90 samme
912 1587 245 92 Grav,
1196 1584 135 92 som
1352 1595 77 67 de
1448 1585 181 89 nylig
1646 1598 169 73 grov

193 1699 219 78 tilder
447 1693 283 89 stakkels
747 1687 533 96 Fruentimmer,
1335 1683 117 88 saa
1469 1680 348 91 Ordspro»

190 1810 109 83 get
320 1794 209 79 bliver
550 1790 301 94 opfyldt:
902 1783 351 102 (Falffhed
1280 1781 212 96 slaaer
1522 1781 95 89 sin
1660 1797 161 76 egen

191 1895 229 97 Herre
439 1912 141 76 paa
597 1889 317 97 Halsen,)
969 1897 123 67 den
1115 1883 333 95 forsigtige
1465 1878 185 97 Pige
1667 1897 157 59 ven»

194 2001 117 73 der
340 1996 93 91 sig
464 2012 151 69 om,
684 2007 83 74 og
798 1986 195 95 saaer
1024 1988 173 90 strax
1230 1982 211 93 Hevn
1488 1998 153 59 over
1694 1979 133 92 sine

193 2093 323 95 Fiender,
573 2091 139 90 hun
743 2091 165 85 leer,
957 2105 85 75 og
1073 2092 77 73 de
1179 2081 423 97 Forbittrede
1633 2079 193 85 reiser

194 2197 215 94 sig,og
426 2194 147 74 med
592 2187 361 81 Skamme
968 2203 211 77 gaaer
1202 2184 171 81 bort,
1390 2176 123 80 alle
1528 2179 123 92 seer
1668 2173 157 96 efter

195 2301 189 80 dem,
437 2299 79 69 de
547 2293 321 90 glemmer
903 2292 189 72 deres
1111 2279 339 91 Skiebne,
1505 2299 83 71 og
1615 2281 213 71 allene

188 2394 189 94 srax
400 2389 335 91 begynder
752 2401 73 62 at
844 2383 287 93 beklage,
1164 2381 181 93 hvad
1364 2377 159 91 hver
1548 2376 139 90 især
1702 2373 129 88 flat

198 2495 156 92 give
414 2488 76 77 til
521 2484 505 94 Undskyldning
1065 2480 103 92 for
1219 2484 191 73 deres
1439 2472 395 83 Vertinder

199 2596 152 76 eller
380 2585 289 89 Modre,
723 2602 180 59 naar
922 2585 75 74 de
1028 2580 275 92 spørger
1332 2593 109 60 om
1476 2574 359 91 hvorledes

204 2699 84 72 de
318 2687 350 80 ere-blevne
439 2689 231 75 blevne
691 2684 115 88 saa
829 2680 311 87 besolede,
1189 2687 77 67 de
1303 2675 331 93 begynder
1657 2680 85 65 da
1764 2684 76 62 at

207 2788 194 95 gribe
439 2788 76 76 til
565 2792 194 70 deres
808 2779 519 89 Studeringer,
1413 2792 82 73 og
1540 2769 299 93 forsøger

210 2889 196 94 hvem
440 2891 112 71 der
590 2883 128 78 kan
754 2879 160 96 hitte
954 2899 136 72 paa
1122 2883 126 70 den
1296 2872 422 90 rimmeligste
1758 2888 86 72 og

209 2988 172 92 beste
399 2983 215 93 Løgn,
661 3002 83 73 og
763 2979 200 92 hielpe
983 2979 91 91 sig
1091 2978 116 91 saa
1229 2981 146 70 med
1407 2978 148 81 den,
1601 2972 112 88 saa
1745 2970 98 74 vir

208 3093 131 72 den
360 3085 130 78 kan
512 3081 229 94 rekke;
794 3087 104 69 der
916 3098 64 57 er
1000 3076 128 76 ikke
1154 3089 124 64 den
1300 3071 221 92 første,
1568 3073 278 87 timeligt

211 3186 137 81 ikke
367 3181 189 94 heller
575 3186 118 71 den
719 3181 202 92 sidste.
1027 3174 232 93 Nogle
1277 3171 81 92 af
1383 3179 72 69 de
1473 3177 210 70 andre
1708 3184 140 60 troe

212 3279 513 93 Med»Collegie
760 3299 69 57 er
846 3278 267 76 allerede
1128 3283 125 70 ude
1278 3289 81 74 og
1378 3272 153 88 giør
1548 3265 299 92 Anstalt,

211 3400 79 65 at
313 3382 153 94 faae
487 3397 215 74 nogen
723 3379 75 74 ril
819 3390 73 62 at
915 3374 153 77 bede
1087 3372 157 88 Lov,
1287 3365 564 98 afRangs-Per»

216 3485 273 92 fonerne
510 3483 153 73 eller
684 3476 265 89 Byens
980 3473 349 90 Borgere.
1438 3468 135 83 De
1610 3470 241 88 glæder

217 3585 99 98 sig
339 3588 19 79 i
375 3591 107 76 der
499 3583 199 94 glade
717 3574 249 101 Haab,
1025 3588 73 62 at
1117 3571 155 92 faae
1295 3568 131 87 Lov
1443 3570 19 80 i
1480 3562 340 102 Eftermid-

510 3757 2 2 ,
1110 3693 39 74 3
1692 3675 161 85 dag.
