3210 4722
1341 455 122 89 24

1338 671 209 96 spilt?
1602 665 169 101 Nei,
1818 673 111 96 saa
1962 694 67 64 er
2060 682 105 77 det
2200 675 197 86 bedre
2430 694 73 68 at
2536 682 149 96 give
2724 691 37 79 8
2798 706 37 62 a
2878 713 85 52 io

1341 771 331 96 Skilling
1707 772 101 96 for
1833 793 71 60 at
1929 783 143 76 lade
2107 801 75 58 en
2201 790 219 73 anden
2445 786 183 92 giere
2657 797 163 89 Den;
2871 790 90 99 thi

1338 871 124 92 saa
1510 870 222 82 baade
1778 874 222 97 sparer
2066 880 102 93 jeg
2220 882 351 98 Umagen,
2666 907 81 75 og
2798 893 168 78 mine

1332 967 311 104 Næver;
1701 994 148 59 men
1889 985 104 71 det
2023 998 68 61 er
2123 983 142 77 tids
2313 987 128 78 nok
2469 985 282 97 endnu,)
2787 1001 170 66 ende«

1339 1071 93 93 lig
1467 1071 487 85 naarKlokken
1987 1078 225 95 ringer
2245 1104 67 66 9.
2373 1085 417 95 Hillemenv,
2829 1090 125 90 han

1328 1172 239 94 afsted.
1730 1174 415 83 Undertiden
2184 1199 163 62 maa
2398 1183 133 92 han
2568 1186 207 82 betale
2806 1189 117 78 dob-

1327 1269 140 80 belt
1513 1272 178 95 fordi
1747 1276 140 92 han
1941 1276 298 84 kommer
2287 1280 114 94 saa
2439 1287 223 94 sildig,
2719 1308 81 74 og
2833 1288 112 79 kan

1328 1371 144 90 han
1508 1372 140 81 ikke
1682 1374 210 81 betale
1915 1376 172 96 srax
2124 1379 116 92 saa
2274 1400 162 61 maa
2464 1385 132 93 han
2638 1387 142 92 sette
2800 1386 148 85 Bv»

1328 1491 119 74 ger
1508 1474 19 74 i
1582 1471 227 98 Pant.
1934 1475 409 85 Undertiden
2377 1481 80 94 af
2482 1484 299 93 Mangel
2821 1507 132 71 paa

1327 1569 245 99 Penge
1607 1579 73 75 til
1711 1592 71 60 ar
1821 1575 285 93 fortsette
2127 1577 415 101 Fornøjelser
2563 1595 163 74 med,
2759 1586 168 101 sprin-

1325 1690 121 72 ger
1326 1691 120 72 ger
1482 1680 116 73 der
1638 1695 244 72 mange
1922 1686 164 84 gode
2124 1679 274 97 Boger.
2464 1717 132 13 —
2648 1685 130 80 Nu
2824 1692 130 86 han

1325 1769 302 84 kommer
1661 1775 116 93 saa
1811 1779 192 93 sildig
2033 1780 212 97 hiem,
2301 1782 182 95 hans
2529 1784 192 83 Wert
2763 1784 188 92 stien«

1327 1875 147 87 Der,
1533 1892 149 60 men
1715 1874 263 84 kiender
2005 1880 101 95 jeg
2141 1881 159 94 ham
2338 1899 96 66 ret
2474 1892 308 88 glemmer
2815 1886 135 94 han

1328 1973 59 80 ei
1424 1986 71 66 at
1544 1977 183 86 svare
1758 1974 179 96 ham.

1529 2070 416 99 Torsdagen
1989 2076 329 100 kommer,
2387 2101 146 61 nten
2595 2094 104 71 det
2753 2106 68 58 er
2867 2107 78 58 en

1320 2171 228 90 haard
1578 2171 188 97 Dag
1802 2176 104 91 for
1936 2198 288 78 mange;
2276 2180 98 93 thi
2410 2191 74 69 de
2536 2182 126 90 har
2708 2187 234 89 sielden

1320 2269 135 82 Lov
1491 2293 136 73 paa
1662 2283 121 69 den
1818 2273 213 95 Dag,
2092 2289 127 81 dog
2251 2286 316 88 glemmer
2600 2293 75 68 de
2702 2283 127 79 ikke
2865 2299 76 64 at

1321 2369 269 97 benytte
1629 2375 89 91 sig
1757 2373 77 84 af
1863 2375 351 93 Lejlighed,
2271 2399 175 58 naar
2481 2388 119 71 den
2635 2383 205 92 gives.

1522 2472 269 97 Fredag
1808 2471 425 100 Formiddag
2266 2498 66 59 er
2364 2485 188 73 deres
2570 2478 370 96 Rettighed

1319 2567 176 96 igien
1527 2591 72 58 at
1633 2571 166 90 have
1819 2573 160 89 Lov,
2001 2574 372 96 formedelst
2403 2586 186 86 nogle
2609 2581 124 92 stal
2754 2583 171 92 bevo-

1316 2684 158 75 agte
1507 2668 297 87 Kirken;
1859 2691 145 60 men
2051 2684 89 69 da
2192 2688 154 69 veed
2395 2675 189 83 bedre
2634 2688 188 86 nogle
2870 2679 78 92 af

1318 2775 153 74 dem
1528 2787 75 62 at
1636 2771 263 90 benytte
1930 2775 87 93 sig
2052 2775 79 92 af
2158 2773 243 91 Tiden,
2448 2799 143 59 men
2634 2779 309 96 Præsten

1315 2873 367 97 prædiker;
1743 2872 96 89 thi
1892 2876 113 80 faa
2051 2874 128 93 har
2227 2888 78 68 de
2353 2879 132 90 som
2539 2878 183 95 oftest
2755 2888 184 73 deres

1314 2965 212 99 Lexier
1546 2975 74 76 til
1642 2992 106 60 om
1770 2968 556 104 Eftermiddagen
2358 2993 72 62 at
2460 2980 128 92 læse
2612 3000 152 58 over
2782 3000 154 69 paa,

1314 3073 137 89 dog
1494 3078 75 74 de
1600 3074 165 90 fleste
1814 3073 185 92 stoler
2049 3097 140 74 paa
2236 3076 133 82 Lov
2413 3097 110 59 om
2582 3078 323 93 Eftermid-

1313 3177 247 88 dagen,
1595 3175 143 81 NB,
1767 3193 173 62 naar
1959 3188 71 66 de
2047 3177 51 78 ei
2133 3177 123 90 har
2279 3176 147 95 haft
2449 3177 129 81 Lov
2603 3199 103 58 om
2727 3178 181 86 Tors-

1314 3277 222 89 dagen
1562 3293 19 74 ;
1644 3274 96 92 thi
1774 3284 107 71 det
1908 3295 65 61 er
2002 3296 79 59 en
2116 3275 215 94 Mus,
2388 3295 73 62 at
2490 3282 20 72 i
2542 3288 105 69 det
2668 3280 268 91 ringeste

1311 3387 170 62 maa
1515 3380 76 71 de
1621 3373 170 92 have
1811 3395 268 75 engang
2099 3375 158 97 Lov,
2308 3377 224 94 saavel

1312 3480 154 69 rvrs
1503 3472 137 89 som
1675 3474 15 78 i
1711 3470 305 86 Rectors
2037 3474 257 98 Dage,
2341 3477 281 96 foruden
2670 3491 72 67 de
2782 3496 154 61 rette

1310 3589 87 74 og
1428 3573 425 96 almindelige
1898 3575 453 97 Lov-Dage,
2410 3597 83 75 og
2542 3580 395 80 undertiden

1311 3683 71 70 ro
1427 3670 305 106 Gange;
1783 3678 321 103 allerhelst
2137 3680 251 94 dersom
2459 3688 113 76 der
2625 3697 183 64 enten
2869 3699 65 60 er

2872 3793 60 68 et
