3051 4722
1915 689 82 53 21

306 818 116 79 den
465 809 101 103 for
612 843 74 64 en
724 829 188 96 vittig
938 828 469 111 Berømmelse,
1456 846 216 89 blevne
1718 856 280 101 behandl

299 936 148 82 lede.

510 1104 152 100 Ja,
708 1111 138 98 disse
890 1113 640 102 Piece-Dommere
1579 1156 93 61 ere
1717 1137 127 98 ofte
1882 1147 111 93 saa

297 1222 395 99 malicieuxe,
768 1249 71 62 at
897 1239 109 91 de,
1068 1257 181 66 emen
1292 1243 80 97 af
1404 1270 150 75 egen
1595 1253 211 101 Drift
1850 1271 138 77 eller

291 1337 150 93 efter
484 1339 285 101 Mesters
812 1349 251 103 Ordre,
1109 1379 222 64 nævne
1375 1364 399 112 Forfattere,
1817 1387 168 79 deels

284 1460 310 97 positive,
662 1486 78 77 og
804 1476 168 77 deels
1030 1484 140 75 med
1214 1480 359 106 Omsvøb,
1637 1492 341 95 tvertimod

283 1580 184 80 deres
504 1602 151 78 egen
699 1588 208 106 Regel
952 1589 344 107 Fag-tre
1142 1625 154 73 1x3.
1361 1608 163 95 hvor
1576 1618 98 81 det
1734 1625 250 85 Heeder:

280 1746 43 33 ,,
351 1715 70 65 at
461 1707 102 77 det
603 1727 62 62 er
707 1711 142 93 vift
889 1716 429 111 utilladelig
1361 1745 68 67 at
1469 1739 265 96 udpege,
1779 1742 200 97 ffjønt

279 1838 207 81 »paa
528 1847 74 62 en
648 1824 412 97 forblommet
1102 1839 285 106 Maade,
1436 1856 155 95 den,
1638 1858 129 95 som
1813 1885 160 69 man

279 1992 43 34 ,,
355 1942 325 95 formoder
742 1968 70 67 at
872 1973 164 64 være
1079 1960 333 100 Forfatter
1452 1972 80 95 af
1564 1984 102 80 det
1710 1982 259 107 Skrift,

268 2061 199 95 »som
515 2070 348 102 angribes;
921 2074 18 80 i
983 2082 102 77 der
1129 2086 264 100 mindste
1438 2114 167 65 naar
1646 2122 158 65 man
1847 2111 117 82 ikke

269 2228 39 36 ,,
333 2188 143 78 med
523 2192 418 97 upaatvilelig
990 2194 283 104 Vished
1315 2216 148 75 veed
1511 2219 118 79 det.
1678 2269 39 33 ,,
1821 2225 138 100 Jeg

264 2303 90 78 vil
398 2308 274 95 tillegge,
748 2329 70 62 at
862 2318 98 77 det
1002 2322 118 90 vist
1164 2345 60 60 er
1270 2324 186 102 Tegn
1504 2339 66 77 til
1614 2354 54 65 er
1711 2351 244 98 nedrig,

263 2420 259 105 skadelig
579 2448 78 77 og
715 2433 68 79 til
825 2433 302 100 Fortræd
1185 2443 304 101 hengiven
1539 2453 287 107 Gemyt,
1884 2490 70 63 at

255 2563 225 67 nævne
525 2571 73 61 en
638 2550 355 104 Forfatter,
1042 2560 129 92 som
1215 2568 120 82 ikke
1379 2593 256 68 nævner
1677 2587 90 95 sig
1807 2589 143 104 selv,

254 2687 106 59 om
402 2690 156 64 man
596 2681 206 96 endog
842 2679 150 95 efter
1026 2681 372 97 Gjetteverk
1441 2720 78 77 og
1546 2700 405 97 Bye-Snak

253 2783 188 98 synes
500 2808 69 66 ar
624 2801 145 77 vide
815 2805 135 92 der;
1020 2804 95 97 thi
1152 2826 71 63 at
1262 2832 222 69 nævne
1524 2834 418 99 upaatvilelig

256 2900 307 106 Vished,
610 2912 163 97 hvor
820 2915 451 103 Forfatternes
1313 2931 364 106 Tilstaaelse
1716 2971 198 83 mang-

250 3025 126 96 ler,
454 3047 80 78 og
600 3027 410 105 Tingsvidne
1080 3049 220 88 derom
1370 3058 119 86 ikke
1556 3062 249 107 haves,
1877 3096 64 65 er

253 3138 516 112 Kontradiksion
814 3177 80 83 og
941 3165 187 82 lutter
1169 3167 337 110 Sladder,
1548 3182 132 97 som
1722 3189 216 94 Børn

245 3275 80 97 og
371 3266 140 94 gale
556 3264 161 106 Folk
757 3279 226 85 alleene
1023 3287 342 95 reflekterer
1407 3318 148 79 paa.

1797 3673 178 97 De-

1003 3651 155 102 Bz
