3177 4717
1384 423 124 71 20

1377 633 427 100 medSlojen
1831 656 83 77 øg
1935 639 1049 113 Larmen,SkrigenogHvinen,

1374 737 236 99 Piben
1646 757 82 76 og
1760 736 394 98 Trommen,
2206 763 140 76 paa
2378 742 216 86 Bord
2626 766 81 74 vg
2730 746 255 100 Benke,

1373 837 312 97 Syngen
1705 859 80 75 og
1809 838 304 94 Trallen,
2171 852 126 71 den
2317 863 112 60 ene
2453 864 134 74 paa
2609 843 286 100 Ryggen
2917 853 70 95 af

1371 949 127 70 den
1523 949 241 77 anden,
1821 942 185 90 hvem
2027 941 129 93 som
2183 962 63 61 er
2269 948 325 77 uvidende
2617 966 147 74 om,
2803 961 181 75 arder

1372 1059 70 57 er
1466 1037 252 90 Latinsk
1734 1037 260 98 Skole,
2038 1064 80 72 og
2136 1042 296 82 kommer
2450 1046 18 78 i
2488 1054 104 71 det
2608 1047 244 94 samme
2880 1061 102 73 der

1367 1139 210 92 forbi,
1634 1139 121 92 stal
1779 1142 172 76 blive
1987 1141 320 96 bangeiog
2339 1146 232 91 tænke,
2595 1161 74 63 at
2697 1158 102 68 det
2831 1171 60 60 er
2907 1173 74 59 en

1369 1237 445 97 Daarekiste,
1861 1247 263 88 ogimet
2159 1251 203 71 andet
2391 1246 245 78 eriden
2675 1260 125 68 end
2837 1251 145 82 bare

1368 1337 328 96 afsindige
1730 1337 200 98 Folk,
1984 1345 154 75 eller
2169 1364 73 56 en

1366 1439 183 92 fulde
1568 1438 379 90 Matroser.
2006 1439 151 97 Her
2181 1464 66 59 er
2275 1459 60 62 et
2352 1441 207 96 Syn,
2581 1467 174 59 naar
2771 1454 74 73 de
2863 1449 116 94 stal

1367 1549 93 67 ud
1481 1538 77 90 af
1575 1536 299 94 Skolen,
1927 1549 75 70 de
2023 1563 63 59 er
2107 1542 241 95 ferdige
2367 1558 69 64 at
2453 1555 189 70 rende
2661 1546 323 97 Hofterne

1366 1633 84 95 af
1476 1640 94 90 sig
1588 1657 138 74 paa
1744 1636 328 100 Dørene,
2104 1650 126 73 den
2252 1665 114 58 ene
2384 1662 164 62 oven
2570 1665 136 68 paa
2728 1658 120 71 den
2870 1673 86 58 an-

1364 1745 155 85 den,
1550 1736 109 94 her
1684 1737 297 84 kommer
1997 1751 74 70 de
2092 1742 185 92 farne
2295 1752 156 70 need
2467 1743 79 95 af

1363 1859 43 70 3
1433 1835 177 89 Trin
1631 1837 160 88 hver
2185 1849 189 88 nogle
2395 1846 127 78 rier
2543 1853 149 71 need
2711 1846 243 94 afRek-

1364 1937 396 94 værket,saa
1776 1936 330 99 Buxerne
2126 1943 228 97 fiekkes
2378 1942 108 94 fra
2508 1953 122 70 den
2662 1966 106 58 ene
2790 1948 194 85 Ende

1365 2057 82 75 og
1479 2042 74 74 ril
1576 2048 123 67 den
1725 2048 244 85 anden,
1999 2045 424 91 undertiden,
2479 2063 82 74 og
2583 2048 398 82 undertiden

1362 2144 272 75 naaede
1555 2146 73 69 de
1663 2135 263 84 Gulvet
1949 2137 237 94 førend
2211 2137 289 91 Enden,
2553 2161 75 58 en
2661 2146 127 88 stor
2807 2146 141 95 For-

1360 2238 296 91 undring
1704 2252 72 60 at
1808 2248 74 66 de
1924 2237 308 92 beholder
2260 2237 372 84 Lemmerne
2682 2242 166 92 heele
2888 2265 86 77 og

1358 2331 599 98 Livet.—Nogle
1974 2339 201 91 styrer
2194 2338 93 89 sin
2308 2337 243 80 Kaars
2569 2339 78 92 af
2794 2344 185 98 Vei,

1361 2438 194 88 nogle
1595 2431 75 96 af
1703 2455 75 57 en
1821 2445 261 89 anden;
2139 2435 149 98 diste
2321 2446 231 71 møder
2585 2459 75 59 en
2699 2442 279 92 stakkels

1360 2547 288 78 gamme!
1684 2533 272 92 Mand,
2010 2537 134 90 som
2178 2536 126 91 har
2336 2552 176 78 taget
2544 2539 90 94 sig
2666 2560 76 60 en
2772 2538 208 91 Taar

1362 2631 341 96 formeget,
1760 2644 77 70 de
1858 2634 293 80 kommer
2172 2657 79 72 og
2282 2636 281 92 tilbyder
2596 2637 155 96 ham
2786 2650 195 76 deres

1361 2731 239 95 Hielp,
1639 2743 122 69 den
1777 2754 114 58 ene
1911 2735 267 81 trækker
2211 2739 158 88 ham
2389 2738 22 76 i
2427 2734 389 99 Parykken,
2853 2751 127 73 den

1362 2840 218 72 anden
1598 2835 176 79 river
1796 2832 156 98 Har
1968 2855 82 73 og
2070 2834 202 82 Stok
2302 2835 110 92 fra
2450 2836 186 99 ham,
2694 2856 172 65 atter
2898 2863 80 61 en

1362 2944 221 68 anden
1606 2935 209 92 falder
1836 2934 489 91 »forvarendes
2348 2935 119 95 hen
2492 2956 137 75 paa
2652 2937 183 100 ham,
2860 2943 115 90 saa

1363 3033 134 78 ban
1519 3036 232 93 styrter
1771 3054 150 59 over
1941 3033 217 93 Ende,
2191 3046 260 71 dermed
2471 3056 202 73 gaaer
2693 3050 76 68 de
2789 3049 184 73 deres

1362 3129 180 95 Q}ei,
1596 3145 108 70 der
1726 3155 126 59 var
1884 3136 64 91 jo
1986 3157 76 57 en
2084 3134 658 97 Barmhjertigheds
2776 3139 172 96 Gjer-

1364 3237 214 89 ning?
1630 3235 191 92 Hine
1848 3254 207 74 gaaer
2090 3236 75 92 af
2206 3257 75 58 en
2328 3246 219 71 anden
2586 3239 151 81 Vei
2784 3259 83 76 op
2906 3239 73 97 af

1359 3333 260 86 Torvet
1639 3339 95 90 til,
1789 3346 114 71 der
1919 3337 126 92 seer
2067 3347 81 67 de
2121 3358 28 56 e
2165 3360 72 55 en
2259 3339 130 86 stor
2409 3336 152 98 Pyt
2579 3337 236 85 Vand
2835 3345 138 79 eller

1360 3435 338 90 Morads,
1754 3456 80 72 og
1864 3456 74 59 en
1962 3438 276 93 stakkels
2254 3435 180 98 Pige
2472 3438 286 80 kommer
2776 3450 140 69 dem
2952 3443 22 79 i

1360 3533 249 100 Møde,
1652 3543 73 74 de
1748 3540 117 94 seer
1886 3545 73 78 til
1994 3539 395 99 hverandre,
2450 3556 81 79 og
2568 3548 147 74 med
2740 3540 235 83 Miner

2897 3659 81 79 vg
