3051 4722
476 1755 102 86 led
646 1772 74 60 en
774 1749 273 104 Borger
1103 1754 325 97 forsaaer-
1468 1762 97 99 jeg
1628 1770 113 76 udi

541 1865 533 105 Anmærkninger
1115 1879 231 95 enhver
1385 1881 379 100 Undersaat,
1803 1887 137 92 som

248 2003 65 60 er
372 1983 275 81 kommer
704 1989 69 74 til
834 2006 73 60 en
952 1987 357 100 Borgerlig
1358 1993 197 84 Alder
1594 2005 135 75 eller
1776 2003 135 96 For-

251 2108 219 94 stand,
517 2129 79 75 og
637 2107 201 94 altfaa
889 2108 203 99 haves
1133 2113 121 81 ikke
1291 2121 117 76 ved
1449 2116 237 94 samme
1731 2146 205 76 nogen

248 2226 287 101 Hensigt
612 2232 67 78 til
751 2247 58 64 et
886 2239 97 74 vel
1059 2235 324 96 erhvervet
1450 2236 457 105 Borgerssabs-

247 2344 225 89 Brev.

461 2466 272 97 Ligesom
775 2468 212 99 derfor
1029 2492 74 60 en
1141 2480 128 89 god
1297 2474 272 102 Borger
1605 2481 126 81 kan
1769 2503 166 69 være

244 2595 171 78 uden
456 2586 101 97 for
602 2596 119 75 den
766 2593 311 89 særdeeles
1114 2595 499 102 Borgerstand,
1656 2604 107 92 saa
1806 2611 123 81 kan

245 2718 125 77 den
429 2732 79 77 og
573 2711 217 83 kaldes
847 2734 73 59 en
975 2720 127 76 ond
1163 2737 79 75 og
1303 2718 257 101 skadelig
1613 2721 315 105 Borger,

248 2830 135 95 som
436 2834 21 74 i
514 2853 81 73 og
654 2828 103 99 for
814 2836 91 94 sig
962 2833 119 94 selv
1136 2855 65 60 er
1256 2858 71 59 en
1372 2848 127 74 ond
1544 2863 79 76 og
1670 2846 261 104 skadelig

245 2952 401 98 Undersaat,
711 2979 79 75 og
845 2964 101 76 det
1001 2964 167 78 uden
1211 2958 297 103 Forssjæl
1561 2963 81 101 af
1671 2970 255 92 Stand

243 3081 140 78 eller
426 3072 433 101 Værdighed.

464 3196 252 91 Denne
780 3197 418 101 Distinksion
1264 3226 64 63 er
1392 3214 363 97 nødvendig
1818 3213 106 101 for

241 3320 150 99 fiine
433 3318 394 95 Kritikusers
871 3322 254 98 Skyld.

464 3438 157 87 Det
678 3462 61 61 er
782 3448 221 80 alleene
1048 3455 183 92 nogle
1276 3449 141 100 visse
1458 3452 193 89 Træk
1686 3453 83 98 af
1796 3461 121 79 den

239 3562 293 103 ffadelige
585 3562 271 106 Borger
878 3616 26 51 ,
965 3565 97 105 jeg
1121 3569 119 104 har
1297 3568 309 109 foretaget
1659 3579 131 94 mig
1847 3594 73 68 at

1798 3702 117 80 ud-
