3037 4722
1132 629 98 65 14

1134 795 390 98 Billighed,
1582 810 56 59 o.
1678 786 42 93 s.
1754 804 66 59 v.
1882 787 88 76 da
2034 795 66 61 er
2150 778 168 90 strax
2360 773 122 79 den
2526 763 288 99 hykkelffe

1137 920 312 86 Kritikus
1489 919 118 76 ved
1647 908 335 99 Haanden
2023 919 82 76 og
2143 893 363 100 affærdiger
2551 885 139 97 disse
2727 905 65 61 re-

1136 1043 413 96 deligsindede
1571 1030 342 103 Patrioter
1948 1041 133 74 paa
2116 1038 79 60 en
2228 1037 93 62 rer
2358 1006 465 101 ubarmhjertig

1140 1166 304 87 Maade,
1496 1156 110 94 ja,
1669 1168 63 62 er
1780 1145 240 93 næsten
2072 1135 230 95 færdig
2358 1148 74 64 at
2488 1135 338 74 udtømme

1139 1258 1250 116 Gammelstrands-Marron-Lexikon,
2426 1249 106 98 for
2571 1265 71 64 at
2678 1244 148 97 faae

1138 1422 197 85 grove
1378 1418 82 73 og
1500 1407 283 82 gemeene
1809 1381 306 96 Erpresst
2124 1398 147 58 oner
2306 1376 297 93 udstødte
2647 1370 180 81 imod

1138 1528 328 91 saadanne
1503 1512 177 92 ærlig
1718 1505 250 99 sindede
2006 1495 446 84 Skribemere.

1295 1757 180 88 Den
1491 1744 332 97 Minister,
1867 1738 134 95 som
2024 1731 537 85 rekommenderer
2604 1743 81 75 og
2716 1740 119 61 um

1147 1886 337 94 derstøtter
1512 1859 518 99 Tal-Lotterier,
2066 1875 66 58 er
2168 1873 78 58 en
2284 1846 264 100 ffadelig
2586 1840 250 99 Herre;

1150 2006 95 99 thi
1293 2001 68 93 jo
1419 1992 287 95 fattigere
1747 1974 537 93 Undersaarterne
2341 1986 134 73 ere,
2530 1961 70 94 jo
2649 1980 189 61 meerr

1148 2141 169 68 vove
1356 2122 73 75 de
1470 2111 117 79 udi
1627 2105 278 94 saadant
1945 2094 298 92 Lotterie,
2309 2086 136 91 som
2487 2088 176 74 lover
2701 2086 136 77 dem

1154 2233 518 101 Guld-Bjerge,
1724 2245 82 77 og
1846 2219 160 93 viser
2046 2218 162 95 store
2252 2206 336 102 Præmier
2622 2197 106 102 for
2766 2220 72 62 en

1152 2373 179 90 ringe
1369 2351 326 92 Skilling.

1370 2490 254 107 Treffer
1670 2501 104 73 det
1812 2485 154 97 ind,
2008 2500 72 66 ar
2120 2482 190 96 nogle
2350 2468 116 105 faa
2506 2474 122 82 kan
2664 2468 180 87 vinde

1157 2651 60 72 et
1269 2626 330 107 hundrede
1635 2615 237 84 Daler
1927 2614 143 75 eller
2127 2622 67 64 to
2235 2619 300 78 engang,
2589 2600 255 76 imellem

1156 2757 100 80 alt
1294 2757 107 75 det
1440 2746 165 95 store
1631 2733 182 95 Tab,
1847 2729 138 93 som
2022 2730 181 78 ellers
2246 2741 67 62 er
2352 2719 353 93 almindelig
2743 2713 102 97 for

1160 2870 468 105 Indsætterne,
1663 2849 171 103 srax
1876 2852 202 78 bliver
2119 2844 276 94 saadant
2432 2845 144 74 med
2616 2836 206 96 ophoy-

1164 3015 59 64 er
1267 2992 326 80 Stemme
1645 2979 22 78 i
1725 2986 77 69 de
1855 2968 313 98 offentlige
2211 2959 499 97 Efterretninger
2748 2947 98 105 fra

1162 3108 485 88 Kollektørerne
1688 3088 385 93 udbasuner,
2122 3104 81 75 og
2243 3080 114 93 saa
2396 3095 219 78 megen
2653 3075 194 92 Scoi)

1161 3251 89 75 og
1288 3220 258 93 Væsen
1607 3211 173 98 gjort
1822 3204 80 96 af
1932 3222 56 64 et
2026 3203 162 98 Par
2232 3198 250 87 Amber
2526 3221 82 75 og
2648 3218 74 60 en
2758 3211 92 65 toe

1165 3330 626 103 Skillings-Terne,
1825 3323 135 94 som
2003 3325 109 78 der
2155 3338 125 61 var
2325 3317 263 77 vunden
2629 3329 73 62 en
2734 3305 118 93 heel

1176 3457 427 107 Herregaard
1646 3451 145 77 med
1831 3445 98 93 sin
1965 3436 178 97 fulde
2185 3433 408 93 Besætning.
2723 3421 110 84 Lut-

1175 3600 95 65 rer
1314 3572 344 90 Lokkemad
1675 3617 27 45 ,
1740 3559 138 102 søm
1914 3557 304 95 udkastes
2256 3548 106 105 for
2402 3566 74 73 ar
2516 3546 187 103 fange
2742 3545 115 75 den

1184 3696 315 99 taabelige
1537 3686 163 105 Fiff.
2698 3658 160 96 Kød
