3051 4722
1929 700 91 84 -7

300 840 146 70 men
494 828 122 87 ikke
665 840 126 96 vil,
841 845 258 86 udvirke
1147 870 74 64 en
1264 853 329 109 Kongelig
1636 865 229 91 Ordre
1909 900 110 68 om

299 938 594 121 Blbagegivelftn,
950 984 102 65 ere
1111 979 215 80 endnu
1385 999 202 73 værre
1655 1000 120 78 end
1836 997 155 92 Ms-

293 1070 630 104 gjerningsmanden
968 1085 137 95 selv.

524 1186 136 102 Thi
734 1198 275 94 saadant
1075 1212 164 83 vilde
1311 1218 138 96 give
1512 1218 366 114 Anledning
1939 1241 78 85 ril

292 1324 72 69 m
408 1310 294 90 indkalde
746 1341 79 80 og
876 1329 262 97 ophæve
1184 1341 118 79 den
1346 1338 101 97 for
1490 1352 71 77 de
1590 1348 259 103 Fattige
1892 1360 113 95 fa«

292 1431 241 97 Haardt
601 1443 456 95 nedtrykkende
1137 1476 79 80 og
1293 1466 122 82 den
1481 1468 182 103 sidste
1731 1474 267 93 Smule

282 1542 416 105 bortførende
740 1553 457 106 Exwa-Skar.

490 1776 173 111 De,
712 1784 135 102 som
895 1815 148 84 rage
1082 1803 339 109 hemmelig
1462 1811 379 116 Stikpenge
1879 1828 110 103 for

268 1910 74 66 at
404 1908 436 100 vedligeholde
906 1939 76 61 en
1061 1927 141 80 eller
1277 1939 214 76 anden
1558 1939 431 116 fornærmelig

261 2008 439 115 Indretning,
736 2051 98 62 ere
881 2033 321 109 skadelige,
1242 2046 220 97 efterdi
1506 2064 74 76 de
1620 2069 144 81 lade
1798 2079 189 80 deres

254 2150 154 82 egne
452 2161 77 80 og
573 2155 203 77 andre
819 2157 254 93 private
1116 2162 287 92 Mænds
1434 2173 319 114 Interesse
1792 2211 152 74 over-

251 2245 330 104 balancere
628 2268 74 78 de
742 2272 250 96 publike
1038 2276 322 104 Fordeele.

471 2485 174 110 De,
723 2495 135 98 som
920 2511 268 86 udvirke
1250 2515 489 118 Befordringer
1803 2533 158 108 efter

243 2606 121 83 den
420 2630 212 79 puure
689 2616 255 105 Vndest
1008 2636 142 80 eller
1206 2636 755 119 Rekommendasioner,

237 2747 150 66 men
467 2731 142 86 ikke'
679 2736 341 113 fornemlig
1102 2752 214 99 anseer
1394 2783 132 78 paa
1597 2769 359 96 Graderne

230 2843 84 103 af
347 2843 628 121 Qvalifikasionen,
1032 2887 100 69 ere
1184 2873 294 106 ffadelige
1518 2887 289 107 Mænd,
1863 2915 88 82 og

228 2972 162 79 riene
455 2967 291 105 Kongen
814 3000 80 82 og
961 2986 239 90 Lander
1264 3016 184 66 mroe
1512 3022 83 85 og
1663 3015 260 100 Vandsk-

226 3082 224 93 Derte
229 3083 222 93 Dette
509 3114 204 79 nægte
758 3110 206 96 endog
1003 3112 125 83 ikke
1172 3115 334 103 Hyklerne
1545 3121 170 114 selv;
1788 3157 150 65 men

221 3205 79 81 de
345 3203 125 87 kan
523 3206 121 89 ikke
682 3219 159 101 lide,
902 3239 68 69 at
1016 3249 162 70 man
1218 3231 246 104 oplyfer
1508 3238 287 115 Kongen
1839 3277 88 79 og

219 3317 499 118 Regjæringen,
764 3351 74 71 at
879 3349 107 80 der
1024 3346 252 108 virkelig
1322 3360 288 99 befindes
1649 3363 310 98 saadan-«

343 3443 792 116 Befordrings-Herrer.
1288 3471 137 105 Thi
1465 3489 87 75 da
1592 3481 334 105 Hyklerne

223 3555 165 92 have
445 3561 217 105 Haab
718 3590 108 70 om
886 3593 70 69 at
1016 3584 264 92 tilvinde
1332 3590 93 104 sig
1478 3596 289 103 Pndest,
1830 3619 83 81 og

1025 3698 93 98 B
1784 3736 131 71 rm-
