2931 4607
199 580 91 96 jeg
313 581 87 76 da
435 571 73 82 til
537 572 105 76 det
669 569 193 79 ærede
891 559 365 104 Publicum
1289 553 119 92 selv
1449 565 73 68 at
1551 550 323 87 Dømme

205 716 180 92 hvem
421 720 108 67 der
570 704 107 96 her
702 704 117 78 bør
843 676 177 116 mees
1056 692 167 96 have
1266 688 201 73 fidcm
1499 704 182 62 enten
1710 682 167 102 For«

202 846 269 98 fatteren
518 844 143 78 eller
718 826 525 109 Philadelphus,
1344 842 85 76 og
1494 843 175 60 naar
1718 840 163 62 man

200 982 127 100 har
378 978 223 102 herom
652 973 149 96 hørt
864 963 264 105 Public!
1181 959 213 87 Dom
1448 977 87 76 og
1573 952 314 96 Tanker,

209 1091 157 121 ma
421 1104 489 111 Philadelphus
965 1097 115 96 selv
1141 1097 169 94 sige,
1399 1114 117 59 om
1577 1090 131 100 han
1735 1097 153 74 med

215 1258 205 73 denne
449 1250 95 97 sin
579 1240 183 92 Avise
787 1261 105 57 om
919 1232 379 98 Dyrheden
1329 1248 139 79 paa
1497 1223 395 101 Fødevahre

218 1386 25 80 i
274 1386 295 97 Jylland
626 1379 119 100 har
773 1375 169 95 gjort
984 1371 90 98 sig
1124 1365 273 90 Ridicul
1441 1381 84 80 og
1576 1360 311 96 Latterlig

222 1524 143 78 eller
412 1517 143 83 ikke.

482 1679 415 105 Forfatteren
934 1676 127 97 har
1096 1674 213 95 aldrig
1354 1690 135 78 paa
1546 1666 255 86 Grund
1828 1661 79 99 as

220 1827 159 91 gode
436 1820 341 85 Venners
816 1810 347 96 Besøgelse
1214 1806 157 96 (som
1410 1802 499 101 Philadelphus

229 1960 23 74 i
277 1960 93 87 sin
417 1954 199 99 Piece
675 1951 193 101 Pag.
926 1969 90 74 gz
1107 1946 249 94 urigtig
1423 1961 81 70 og
1567 1941 345 93 vrangelig

231 2090 387 98 anbringer)
667 2086 340 95 paasaaet
1039 2098 199 62 meere
1271 2078 131 79 Løn
1421 2072 99 96 for
1539 2075 379 99 Præsterne

233 2235 124 68 end
423 2229 237 90 andre;
760 2220 177 79 Men
1024 2215 131 95 han
1224 2212 201 96 haver
1491 2213 228 76 alleene
1756 2208 21 78 i
1820 2209 99 96 sin

232 2358 199 99 Plan
454 2358 121 77 kun
596 2354 137 97 sagt
758 2373 105 60 om
882 2350 367 98 Præsterne
1266 2365 131 72 paa
1416 2342 503 94 KiobenhavnS

230 2492 201 98 Amt;
490 2505 113 81 at,
654 2509 109 59 om
798 2485 233 95 enhver
1066 2480 219 101 Præst
1322 2487 109 71 der
1466 2478 208 95 havde
1704 2486 215 86 endog

230 2630 216 90 aarlig
478 2647 152 70 700
669 2623 207 83 Rdlr.
912 2619 302 95 saaende
1257 2612 175 90 Løn,
1483 2631 125 61 var
1635 2619 123 72 den
1781 2610 141 83 Løn

235 2769 215 73 endda
511 2758 123 79 ikke
675 2753 101 92 for
815 2771 263 73 megen,
1131 2768 147 59 men
1307 2749 171 77 vilde
1517 2752 207 86 endog
1751 2752 175 74 uden

241 2920 76 60 en
338 2894 355 91 Skillings
712 2885 279 96 Behold
1015 2902 83 76 og
1130 2879 341 94 Overskud
1507 2880 216 95 gierne
1757 2898 170 76 gaae

242 3041 147 72 med
432 3006 175 135 deels
794 3020 171 95 fordi
1010 3019 437 81 Levemanden
1484 3015 19 78 i
1530 3030 57 62 et
1618 3031 81 78 og
1734 3018 95 76 alt
1860 3033 69 61 er

242 3176 115 73 der
398 3174 207 83 meget
656 3157 179 95 Dyr
882 3174 83 76 og
1002 3153 343 98 Kostbar,
1410 3168 79 73 og
1534 3153 173 76 deels
1752 3146 175 94 fordi

239 3310 79 72 De
347 3305 15 74 i
391 3294 377 98 Nærheden
813 3289 81 95 af
931 3287 443 97 Kiøbenhavn
1413 3282 237 80 boende
1695 3281 201 99 Fami-

245 3442 115 80 lier
425 3436 127 100 har
611 3429 267 98 jævnlig
933 3426 183 97 stedse
1199 3417 345 97 Besøgelse
1617 3413 81 94 af
1763 3425 161 87 gode

968 3560 102 92 D
1129 3582 35 73 5
1614 3550 201 83 Ven«

2389 2268 61 70 -

2783 2046 98 115 %
